2648 4598
279 321 413 367 causato
436 320 492 364 rao
516 319 718 364 caarsrraats.
965 299 1005 382 89

9 453 75 496 suae
95 429 201 496 mento
222 426 430 516 improbitatis
450 424 629 513 opinionem
649 436 777 512 propter
798 445 851 488 eos
871 421 925 510 qui
943 445 1006 486 non

8 539 139 616 credant,
154 538 337 610 reseramus,
354 535 408 601 sed
424 533 586 600 tarditatis.
602 533 725 613 Quibus
740 533 825 598 enim
835 532 1008 610 rationibus

8 672 59 714 aos
78 648 258 736 decipimus,
280 645 439 710 neminem
454 643 490 708 iis
510 642 660 710 taedimus.
684 643 781 708 Porro
796 666 860 708 non
879 665 936 706 nos
956 665 1009 706 so-

8 753 67 817 lnm
82 775 207 841 corpora
224 763 437 818 resurrectura
447 745 594 824 'censere
610 749 666 814 sed
680 748 785 815 multis
802 750 897 814 etiam
911 747 1009 836 philo-

8 862 105 950 sophis
133 861 215 926 idem
241 859 352 935 videri,
375 881 639 948 supervacaneum
663 871 710 922 est
733 858 1009 946 impraesentiarum

8 970 225 1043 demonstrare,
243 991 283 1034 ne
297 968 463 1056 proposita
478 966 611 1032 orationi
626 965 740 1032 alienas
754 965 888 1032 inserere
904 966 1013 1055 dispu-

8 1079 129 1142 tationes
141 1079 314 1152 videamnr‚
328 1078 391 1142 sire
404 1077 442 1142 de
457 1077 494 1141 iis
510 1097 579 1164 quae
590 1088 696 1141 mente
711 1076 935 1164 percipiuntur,
948 1076 1012 1140 sive

8 1188 41 1252 de
57 1186 91 1251 iis
105 1207 173 1274 quae
188 1207 294 1259 sensu,
306 1207 345 1250 ac
360 1185 399 1250 de
414 1205 524 1248 eorum
539 1195 667 1255 naturae
686 1183 749 1247 sive
761 1180 837 1247 illud
848 1184 942 1248 etiam
953 1184 1013 1249 dis·

8 1307 146 1368 serentes,
163 1294 347 1381 incorporea
364 1291 538 1379 antiquiora
554 1313 621 1355 esse
636 1290 833 1378 corporibus,
848 1301 880 1354 et
894 1313 929 1354 ea
945 1315 1013 1378 quac

8 1425 92 1468 sensu
113 1400 340 1490 percipiuntur,
356 1396 430 1464 licet
451 1399 551 1486 prima
574 1396 664 1464 nobis
686 1409 869 1472 occurrant,
888 1397 925 1462 iis
947 1421 1015 1485 quae

8 1519 104 1572 mente
122 1529 188 1572 esse
208 1503 397 1593 posterior-ac
416 1503 533 1590 quippe
545 1524 618 1567 cum
629 1524 668 1566 ex
683 1503 886 1590 incorporeis,
897 1525 954 1592 per
965 1527 1017 1570 cu-

8 1616 148 1682 mulatam
170 1612 428 1704 conjunctionem
449 1611 689 1702 insensibilium,
706 1623 850 1678 constent
871 1633 1015 1702 corpora,

8 1740 31 1791 at
42 1749 80 1791 ex
96 1726 130 1790 iis
145 1747 214 1813 quae
225 1732 330 1788 mente
342 1721 572 1810 percipiuntur,
588 1741 624 1785 ea
636 1743 706 1807 quae
717 1741 820 1788 seusu.
839 1720 922 1788 Nihil
932 1723 1018 1787 enim

8 1834 157 1908 ambibat,
178 1831 353 1898 secundum
370 1830 581 1918 Pythagoram
600 1842 632 1893 et
651 1827 830 1905 Platonem,
851 1833 1018 1918 quominus

8 1943 80 2006 'acta
94 1962 262 2028 corporum
274 1936 489 2011 dissolutione,
502 1937 615 2024 quibus
625 1960 665 2002 ex
679 1939 772 2002 rebus
783 1938 884 2026 primo
896 1938 1018 2006 coalue-

8 2059 84 2121 ·ant‚
100 2071 139 2112 ex
152 2045 263 2112 iisdem
278 2045 389 2111 eadem
411 2067 519 2110 rursus
537 2058 805 2134 coagmentantur.
825 2045 887 2112 Sed
902 2047 962 2114 hac
976 2049 1015 2114 de

8 2157 227 2222 esurrectione
241 2156 451 2243 disputatione
466 2153 731 2243 supersedeamus.

41 2264 209 2332 XXXVH.
230 2263 292 2334 Vos
305 2277 414 2329 antem
433 2277 502 2330 tum
524 2275 648 2340 natura,
671 2277 739 2329 tum
758 2265 899 2332 doctrina
920 2269 1014 2333 rebus

8 2376 127 2440 »mnino
138 2375 171 2439 ia
183 2373 329 2438 omnibus
340 2373 428 2447 boni,
441 2383 472 2438 et
482 2370 633 2438 moderati
645 2383 677 2437 et
687 2371 828 2447 humani,
839 2384 871 2439 et
882 2374 1013 2462 imperio

8 2483 83 2570 ligni
100 2484 319 2570 Imperatores,
336 2482 399 2567 jam
414 2480 504 2555 mihi,
522 2491 688 2568 postquam
703 2480 934 2547 criminationes
950 2482 1014 2548 dis-

9 2589 87 2665 olvi,
104 2613 142 2656 ac
157 2601 296 2656 nostram
311 2591 343 2655 ia
362 2589 464 2655 Deum
480 2590 629 2678 pietatem
646 2601 677 2654 et
694 2591 965 2656 mansuetudinem
983 2604 1015 2656 et

12 2687 107 2762 nimae
129 2697 367 2786 temperantiam
391 2696 615 2771 demonstravi,
639 2697 724 2784 regio
751 2699 852 2786 capite
874 2699 1011 2764 annuite.
1126 2785 1128 2788 Ι

8 2810 135 2888 Quinam
145 2809 229 2872 enim
241 2807 397 2896 digniores
409 2808 461 2895 qui
474 2830 510 2871 ea
526 2831 596 2896 quae
608 2818 718 2894 petunt
729 2807 909 2894 impetrent,
922 2831 1016 2893 quam
1087 2807 1090 2812 “

12 2919 46 2980 υἱ
69 2940 128 3004 pro
148 2917 279 3003 imperio
295 2928 398 2980 vestro
413 2937 592 3004 precamur,
615 2925 649 2977 ut
668 2911 782 2977 filiusa
804 2926 904 3000 patre,
923 2927 1018 3003 prout

8 3026 211 3112 equissimum
226 3036 285 3098 est,
301 3046 434 3112 regnum
450 3023 622 3110 accipiatis,
634 3032 667 3086 et
681 3023 911 3090 accessionibus
925 3047 962 3090 ac
974 3027 1019 3092 in-

12 3133 167 3196 remeatis
184 3131 349 3218 imperium
364 3142 514 3205 vestrum,
533 3130 679 3194 omnibus
695 3130 803 3196 ditioni
822 3143 930 3198 vestrae
945 3136 1016 3201 sub-

8 3238 100 3312 actis,
117 3237 291 3325 augeatur?
311 3236 413 3324 Atque
432 3239 465 3303 id
483 3237 610 3324 quidem
635 3249 739 3302 nostra
758 3239 852 3305 etiam
871 3242 1011 3318 interest,

12 3368 57 3408 uo
76 3339 280 3430 tranquillam
297 3343 391 3406 vitam
403 3364 544 3431 agamm,
560 3355 592 3407 et
607 3343 757 3433 imperata
777 3349 880 3413 omnia
897 3348 1014 3416 alacres

8 3453 221 3520 rinistremus.
