2780 4614
514 251 665 296 ironeam
688 251 791 298 rurus.
855 279 857 286 .
1101 252 1162 318 2¹9

117 353 305 420 admodum
327 353 417 421 enim
439 355 481 421 ab
504 355 593 424 initio
614 381 679 426 noa
700 360 868 430 existentes
891 357 1022 438 creavit,
1049 358 1162 427 eodem

116 461 226 526 modo
238 461 384 526 futurum
396 461 572 540 credimus,
588 475 624 530 ut
637 466 692 552 qui
703 462 857 554 elegerint
867 489 941 555 que·
951 468 1010 556 ipsi
1023 466 1161 556 placent,

118 570 171 634 ob
190 568 278 634 banc
294 567 433 656 eligendi
453 571 610 636 rationem
630 571 866 638 immortalitate
884 585 917 640 et
936 575 995 640 Dei
1016 576 1163 642 convictu

123 688 164 742 ct
183 675 416 742 consuetudine
434 676 614 766 dignentur.
637 677 718 745 Num
738 690 774 743 ut
792 680 1163 768 aprincipiofiercmus,

127 784 170 850 in
186 785 281 852 nobis
297 783 388 850 situm
403 805 469 850 non
489 797 575 858 erat;
594 795 629 849 ut
647 797 755 850 autom
773 808 810 850 ea
828 809 998 874 sequamur
1015 783 1086 874 quse
1105 788 1164 876 ipsi

128 891 280 982 placent,
298 893 443 960 adhibitis
463 894 505 960 ad
521 893 704 983 eligendum
725 894 929 963 rationalibus
948 895 1162 970 facultatibus,

132 1023 218 1088 qrras
231 1003 271 1065 ab
285 1000 536 1088 coaccepimns,
552 1001 585 1066 id
599 1002 666 1089 ipse
681 1001 772 1068 uobis
786 1003 952 1090 persuadet
968 1014 1000 1068 et
1014 1001 1163 1068 aduram

126 1133 191 1176 nos
209 1109 348 1180 adducit.
366 1109 474 1198 Atque
488 1109 523 1174 id
533 1109 662 1197 quidem
673 1110 715 1175 ad
726 1133 835 1177 omnes
847 1111 990 1178 homines
1000 1103 1162 1204 pertinere

130 1218 338 1294 arbitramur,
358 1239 398 1282 eo
416 1217 503 1305 qxtod
522 1239 587 1284 non
605 1232 776 1285 arceantur
791 1220 830 1284 ab
849 1219 899 1286 bis
917 1219 1093 1295 discendis,
1106 1219 1162 1285 sed

129 1325 236 1413 potius
250 1325 383 1392 hortatu
398 1325 439 1392 ad
455 1326 684 1396 ceincitentur.
705 1327 800 1406 Quod
816 1328 902 1392 enim
916 1348 981 1392 non
995 1338 1164 1413 potuerant

114 1431 217 1522 'legas
235 1433 386 1499 humanae
400 1432 566 1522 perficere,
585 1433 621 1500 id
638 1433 782 1512 Verbum
793 1435 938 1501 divinum
952 1435 1159 1521 prestitissctc

128 1542 192 1608 nisi
210 1540 289 1607 mali
306 1543 467 1609 &moues
487 1541 605 1609 sociam
623 1542 664 1608 ad
684 1543 790 1608 omnia
809 1555 843 1608 et
863 1541 1053 1630 adjutricem
1071 1542 1162 1607 adhi-

126 1653 246 1716 bentes
260 1649 378 1716 malum
390 1650 423 1717 in
434 1673 498 1718 uno
510 1673 636 1740 quoque
646 1663 680 1716 et
690 1652 810 1717 radam
819 1660 931 1716 natura
944 1649 1161 1737 cupiditatem,
1206 1681 1209 1691 ¹

126 1757 234 1824 multa
251 1758 328 1824 salsa
343 1772 376 1824 et
387 1759 484 1848 impia
496 1759 649 1835 crimina,
658 1779 795 1848 qnorum
810 1755 927 1824 nullius
942 1757 1061 1826 conscii
1072 1757 1163 1824 nobis

128 1890 257 1942 sumus,
273 1867 306 1932 in
321 1865 435 1956 vulgus
446 1868 644 1956 *sparsissenb

174 1975 236 2042 xi.
254 1973 320 2042 Vos
341 1988 463 2053 autom,
484 1999 560 2044 cum
581 1997 713 2066 regnum
735 1975 864 2042 anobis
878 1975 1052 2064 exspectari
1073 1973 1163 2039 audi-

129 2084 187 2158 tis,
202 2083 381 2151 humanum
395 2105 563 2173 perperam
574 2083 789 2173 suspicamini,
802 2105 876 2152 cum
894 2082 973 2148 illud
990 2081 1162 2170 quodcum

128 2191 204 2258 Deo
219 2203 280 2267 est,
303 2191 464 2265 dicamus;
480 2204 516 2258 ut
530 2191 579 2258 vcl
597 2215 636 2259 ex
654 2215 693 2258 co
713 2203 801 2281 patet
820 2191 938 2279 quoda
960 2190 1048 2258 vobis
1060 2190 1162 2256 inter-

131 2301 249 2389 rogati·
259 2299 415 2372 fateamur
429 2325 488 2369 nos
502 2323 570 2369 esse
585 2301 794 2378 Christianos,
807 2301 957 2388 ,quarum
972 2299 1083 2366 mortis
1097 2315 1164 2385 poe-

134 2431 217 2480 uam
231 2407 391 2475 condenti
402 2409 538 2498 positam
549 2410 695 2478 sciamus.
712 2408 793 2476 Nam
802 2409 828 2472 si
843 2407 1018 2474 humanum
1029 2428 1162 2495 regnum

136 2530 406 2607 exspectaremus,
417 2539 604 2607 negaremus
615 2517 758 2604 proiecto
769 2515 914 2582 interitus
924 2515 1042 2581 uitandi
1054 2537 1158 2588 eausa,

132 2639 169 2694 et
184 2626 285 2692 latere
299 2649 499 2702 conaremur,
510 2625 552 2691 ad
565 2648 601 2692 oa
614 2647 684 2713 quae
699 2635 918 2714 exspectamus
929 2622 1168 2708 consequendas

132 2736 205 2802 Sed
220 2737 291 2822 quin
313 2759 382 2825 spcs
399 2737 432 2816 in
451 2735 547 2800 rebus
561 2735 768 2822 presentibus
783 2734 984 2822 positusnon
995 2731 1160 2804 habemus,

132 2841 359 2912 interfectores
368 2846 456 2935 parvi
471 2845 651 2932 pendimus,
664 2866 739 2914 cum
753 2843 928 2933 praesertim
939 2862 1024 2906 mors
1036 2839 1163 2934 omnino

134 2949 290 3018 declinari
305 2975 369 3018 non
384 2952 493 3041 possit.

194 3059 266 3127 ΧΠ.
287 3059 386 3126 Vobis
407 3073 514 3128 autem
534 3062 696 3151 adjutores
716 3062 857 3129 omnium
878 3058 1044 3127 hominnm
1064 3059 1164 3124 maxi-

133 3191 196 3236 me
207 3181 238 3234 et
256 3169 412 3236 auxiliarii
428 3171 469 3239 ud
488 3193 600 3260 pacem
615 3195 736 3247 sumus,
757 3170 811 3261 qui
833 3171 902 3238 hec
918 3170 1081 3242 docemus,
1097 3166 1166 3232 fieri

132 3279 269 3343 omnino
283 3300 351 3344 non
365 3300 459 3365 posse
481 3290 516 3344 ut
538 3278 641 3344 Deum
657 3277 752 3344 lateat
770 3276 948 3353 maleficus,
964 3286 1020 3340 aut
1041 3288 1164 3348 avarus,

139 3395 195 3448 aut
210 3383 388 3460 insidiator,
404 3397 459 3454 aut
478 3385 595 3451 virtute
615 3385 778 3475 praeditus,
795 3407 834 3452 ec
853 3401 1111 3469 unumquemque
1124 3380 1166 3444 ad

137 3504 304 3573 ¹attererem,
327 3494 393 3560 sive
406 3515 547 3582 pteram,
563 3495 628 3561 sive
643 3495 777 3562 salutem
792 3515 851 3582 pro
869 3490 989 3557 meritis
1005 3490 1166 3556 actionum

139 3621 270 3666 suarum
284 3601 456 3689 proficisci.
475 3602 556 3670 Nam
571 3603 596 3669 si
612 3603 681 3672 haec
692 3601 817 3692 cognita
829 3599 975 3666 omnibus
986 3597 1165 3664 hominibus

139 3722 256 3788 essent,
273 3733 371 3780 nemo
387 3713 498 3780 vitium
513 3715 553 3778 ad
574 3715 671 3780 breve
685 3726 811 3801 tempus
825 3711 967 3799 eligeret,
988 3731 1063 3776 cum
1077 3731 1110 3775 se
1125 3709 1165 3775 ad

141 3829 291 3902 aurnum
305 3819 386 3908 ignis
402 3821 699 3890 condamnationem
718 3819 875 3910 proficisci
890 3819 1001 3891 scirets
1021 3816 1077 3886 aed
1098 3837 1164 3888 seso
