2516 4636
334 307 456 354 conans
479 307 630 352 nnansss.
933 280 995 366 595

33 424 146 481 autem
157 435 266 479 omnes
281 433 321 478 ex
330 411 399 502 ipso
412 435 421 478 τ
435 424 466 479 et
478 413 628 502 quoniam
639 433 747 478 sumus
762 433 801 478 ex
813 409 894 500 ipso,
905 429 999 498 prop·

21 547 46 590 ra
60 546 190 614 quoque
208 521 303 613 ipsius
316 515 570 590 haereditavimus
579 519 833 614 appellationem.
851 519 934 586 Cum
945 541 999 585 au·

19 629 27 700 l
44 633 186 703 salvatur
200 631 311 710 homo,
326 644 453 723 oportet
468 629 579 700 salvari
593 655 667 700 eum
678 631 733 722 qui
746 633 834 721 prior
844 630 998 698 formatus

19 742 152 809 ³h0m0:
170 743 321 831 quoniam
332 741 426 807 nimis
447 740 660 808 irrationabile
680 749 741 816 est,
766 735 855 804 illum
869 735 999 827 quidem

19 889 20 900 κ
32 847 241 916 vehementer
255 850 294 917 ab
308 849 437 916 inimico
452 846 548 914 laesus
559 859 620 926 est,
635 859 668 914 et
681 848 769 937 prior
782 845 999 936 captivitatem

19 982 76 1024 sus
97 970 158 1036 est,
176 959 282 1026 (licere
300 983 365 1026 non
387 959 466 1048 oripi
485 960 525 1025 ab
546 981 585 1024 eo
610 958 663 1047 qui
684 957 794 1024 viserit
814 955 995 1027 inimicum:

20 1079 91 1156 ptos
104 1091 179 1134 vero
190 1066 271 1134 filios
283 1069 365 1158 ejus,
374 1091 454 1158 quos
465 1068 499 1134 in
510 1067 622 1134 eadem
634 1066 814 1156 eaptivitata
825 1063 996 1155 generarit.

19 1201 28 1242 s
44 1177 148 1244 vietus
163 1176 292 1268 quidem
307 1177 414 1245 adhue
427 1179 553 1266 parebit
575 1177 734 1254 inimicus,
751 1176 826 1265 ipsis
840 1175 999 1242 veteribus

21 1284 71 1352 liis
87 1285 288 1354 manentibus
300 1287 387 1376 apud
397 1310 483 1354 eum.
499 1286 779 1369 Quemadmodum
791 1286 816 1352 si
831 1285 937 1352 hostes
948 1307 1000 1352 ex·

19 1395 175 1482 material
183 1394 350 1485 quosdam,
358 1395 520 1462 etrinotos
533 1395 680 1462 duxerint
691 1396 845 1484 captivos,
853 1407 886 1460 et
896 1393 998 1460 multo

19 1527 109 1594 rpore
124 1505 157 1570 in
172 1503 321 1570 servitute
335 1505 534 1593 possederint
549 1528 616 1581 eos,
632 1505 676 1572 ita
691 1516 727 1571 ut
746 1517 900 1594 generent
914 1503 1001 1595 apud

23 1635 32 1683 ;
58 1625 91 1677 et
114 1608 226 1701 aliquis
249 1610 359 1705 dolens
373 1635 432 1702 pro
448 1613 497 1678 his
511 1612 566 1701 qui
580 1613 661 1679 servi
677 1613 751 1682 laeti
766 1625 852 1690 sunt,
869 1614 1000 1680 eosdem

19 1732 71 1786 tes
86 1732 266 1812 expugnet:
285 1744 351 1788 non
373 1733 481 1816 tamen
501 1722 586 1810 juste
601 1721 706 1798 laoiet,
722 1722 747 1787 si
771 1721 853 1789 lilios
868 1719 998 1811 quidem

19 1853 77 1896 um
99 1832 154 1920 qui
178 1829 293 1921 captivi
313 1831 401 1898 duoti
421 1843 495 1899 sunt
510 1831 623 1899 liberet
642 1832 682 1900 de
706 1844 862 1922 potestate
885 1857 996 1900 eorum

39 1941 75 2006 in
96 1941 278 2008 servitutem
303 1941 500 2010 deduxerant
521 1956 627 2033 patres
653 1967 786 2020 eorum,
815 1945 899 2035 ipsos
922 1967 997 2012 vero

36 2049 252 2138 captivitatem
272 2051 488 2120 sustinuerunt
500 2054 661 2142 subjectos
677 2051 835 2143 relinquat
848 2054 997 2130 inimicis,

19 2169 97 2247 pter
106 2184 186 2250 quos
198 2171 231 2228 et
246 2163 413 2230 tuitionem
427 2162 503 2233 leoit
517 2165 718 2232 :consecutis
732 2162 910 2235 libertatem
925 2164 997 2232 filiis

19 2291 113 2335 eausa
131 2282 271 2360 paternae
286 2272 517 2352 vindicationis,
533 2275 589 2342 sed
603 2298 667 2341 non
682 2273 800 2342 reliotis
815 2275 888 2364 ipsis
902 2276 997 2365 patri-

19 2399 38 2452 t,
54 2376 111 2466 qui
126 2376 227 2466 ipsam
242 2379 457 2470 captivitatem
471 2381 698 2448 sustinuerunt.
718 2381 827 2470 Neque
840 2381 926 2450 enim
944 2383 995 2450 in-

19 2507 78 2550 nus
92 2497 140 2552 est
154 2485 252 2563 Deus,
268 2511 372 2578 neque
387 2489 536 2579 injustus,
548 2490 603 2579 qui
617 2488 789 2582 opitulatus
799 2502 847 2558 est
858 2491 992 2568 homini,

21 2617 43 2660 n
59 2617 150 2665 suam
164 2594 342 2664 libertatem
357 2600 544 2666 restaurarit
558 2623 643 2668 eum.

19 2701 141 2792 dropter
150 2703 213 2774 hoe
224 2718 256 2772 et
267 2706 299 2773 in
310 2706 400 2774 initio
408 2710 664 2799 transgressionis
674 2710 763 2785 lidae,
776 2710 858 2776 sieut
867 2722 994 2778 enarrat

19 2812 141 2902 iptura,
157 2837 223 2882 non
238 2815 342 2906 ipsum
357 2815 520 2884 maledixit
536 2815 652 2893 Adam,
668 2816 723 2884 sed
737 2829 856 2904 terram
872 2818 904 2886 in
920 2843 993 2908 ope·

19 2947 52 2988 us
67 2925 150 3010 ejus,
165 2925 439 3013 quemadmodum
452 2949 493 2992 ox
506 2927 664 2995 veteribus
678 2927 808 3016 quidam
821 2927 866 2996 ait
881 2949 890 2994 t
906 2929 992 3011 Quo-

19 3051 49 3094 m
60 3030 190 3120 quidem
205 3030 365 3097 transtulit
374 3032 461 3100 Deus
472 3031 678 3102 maledictum
689 3035 721 3102 in
737 3047 867 3114 terram,
880 3049 992 3110 utnon

19 3149 178 3204 severaret
188 3138 221 3206 in
232 3137 372 3208 homine.
389 3141 694 3212 Condemnationem
704 3157 812 3215 eutem
823 3160 992 3241 transgres-

19 3245 58 3312 nis
73 3247 196 3337 aoeopit
211 3247 308 3316 homo
323 3249 415 3318 taedia
426 3265 459 3318 et
474 3264 637 3322 terrenum
651 3253 806 3335 laborem,
818 3271 851 3326 et
860 3261 991 3329 mandu-

19 3377 167 3444 epanem
180 3355 215 3424 in
229 3358 343 3426 sudore
358 3357 462 3427 vultus
477 3362 538 3438 sui,
552 3375 586 3430 et
599 3366 742 3433 converti
757 3367 790 3436 in
806 3379 936 3456 terram,
952 3393 992 3438 ex

19 3477 216 3558 ressumptus
227 3479 291 3542 est;
303 3469 446 3538 similiter
455 3484 562 3540 autem
572 3474 989 3558 muliormda‚ottonores.

19 3575 158 3665 gemitus,
175 3586 208 3642 et
223 3577 365 3644 tristitias
379 3591 501 3670 partus,
516 3592 549 3648 et
563 3583 738 3662 servitium,
755 3586 788 3653 id
803 3598 864 3665 est,
877 3601 911 3658 nt
922 3613 989 3660 ser-

19 3697 44 3752 et
58 3686 124 3754 viro
138 3709 217 3754 suo:
233 3699 382 3780 utneque
393 3689 552 3760 maledieti
563 3715 582 3760 a
593 3693 706 3764 Deoia
717 3708 821 3766 totum
835 3700 986 3789 perirent,

19 3819 66 3882 pre
89 3794 155 3864 sine
181 3797 396 3888 increpatione
418 3815 653 3892 perseverantes
675 3806 779 3874 Deum
802 3823 989 3882 contemne-

19 3915 46 3970 ll.
65 3903 174 3974 Omnis
195 3919 301 3975 autem
322 3908 503 3979 maledictio
520 3912 660 3983 decurrit
678 3916 711 3986 in
726 3931 917 4010 serpentem,
934 3925 987 4010 qui
