2586 4642
443 367 566 412 coarat
591 366 740 411 uasasss.
1043 345 1100 409 551

55 471 290 561 operationem
305 472 419 540 eodem
434 471 589 540 vocabulo
604 495 721 540 vocans
736 495 800 539 eos.
824 471 864 536 Et
879 472 952 560 quia
968 494 1032 538 non
1048 494 1103 538 no-

2 585 7 592 '
56 593 141 646 tura
158 592 265 648 essent
283 581 329 648 sic
344 580 419 648 iacti
434 604 452 646 a
467 581 548 656 Deo,
571 578 627 647 sed
642 581 696 669 qui
711 591 840 671 possent
854 589 887 646 et
901 581 985 668 juste
1000 601 1106 670 agero,

1 668 6 707 i
53 691 158 758 'idem
185 689 324 766 dicabat,
356 690 524 758 consilium
553 692 599 758 eis
628 691 706 758 dans
732 692 881 758 bouum:
910 689 1107 764 «Lursmini,

1 785 4 822 ²
61 825 77 862 s
94 799 213 864 mundi
232 811 346 874 estote,
366 799 488 866 auferte
503 800 658 889 nequitias
674 800 714 865 ab
730 799 896 865 animabus
912 798 1021 864 restris
1036 808 1109 862 ante

1 894 3 912 *
62 937 79 970 ι
95 907 211 976 oculos
230 932 330 984 meos,
350 909 503 998 quiescite
522 911 562 976 ub
582 909 800 999 iniquitatibus
819 906 963 974 renuis&
982 935 995 969 r
1016 903 1110 974 Scili-

1 1037 3 1043 “
65 1031 137 1094 cot,
150 1019 303 1107 quonium
315 1019 400 1084 idem
414 1018 473 1108 ipsi
486 1041 561 1086 cum
577 1017 872 1107 transgrederentur
882 1027 916 1082 et
925 1027 1108 1106 peccarent,

64 1126 221 1193 camdem
232 1149 328 1217 quam
341 1125 514 1194 Sodomitae
525 1137 736 1215 perceperunt
747 1124 1012 1214 objurgationem.
1027 1122 1110 1188 Cum

1 1235 4 1246 '
66 1235 161 1302 enim
176 1247 450 1310 converterentur,
466 1247 499 1300 et
517 1233 736 1324 penitentiam
755 1241 898 1322 agerent,
917 1244 950 1296 et
966 1229 1112 1319 quiesce-

1 1351 2 1364 *
71 1356 151 1410 rent
165 1367 184 1408 a
200 1342 331 1419 malitia,
347 1342 404 1410 tilii
417 1353 565 1433 poterant
579 1365 648 1408 esse
664 1339 736 1417 Dei,
752 1352 785 1406 et
799 1338 1016 1406 haereditatem
1031 1360 1111 1404 con·

1 1469 4 1498 '·
70 1455 165 1541 sequi
180 1453 417 1544 incorruptelae,
432 1477 503 1542 quse
518 1454 559 1519 ab
574 1475 613 1519 eo
628 1463 805 1541 prestatur.
829 1447 1013 1516 &cundum
1028 1447 1112 1513 banc

1 1572 6 1610 ¹-
72 1563 175 1651 igitur
195 1564 363 1638 rationem,
381 1561 518 1652 Angelos
535 1559 653 1628 diaboii
667 1571 702 1626 et
715 1557 797 1626 filios
809 1559 888 1625 dixit
899 1555 1040 1645 maligni,
1056 1555 1111 1642 qui

1 1685 2 1720 ³
74 1669 207 1736 diabolo
227 1671 362 1738 credunt
381 1682 412 1736 et
435 1693 472 1735 ea
491 1693 561 1756 quae
583 1681 657 1735 sunt
676 1670 745 1757 ejus
768 1679 876 1756 agunt.
899 1665 963 1745 Qui
983 1662 1112 1753 quidem

1 1794 5 1833 ι
74 1778 116 1843 ub
139 1777 229 1844 initio
247 1800 358 1846 omnes
379 1779 420 1844 ab
441 1800 504 1844 uno
520 1789 552 1843 et
568 1774 683 1843 eodem
701 1776 769 1842 Deo
786 1774 859 1842 l'acti
878 1783 953 1840 sunt
971 1796 980 1837 ε
1001 1793 1111 1839 rerum

74 1886 205 1974 quondo
220 1887 368 1963 credunt,
389 1897 422 1952 et
436 1887 572 1976 subjecti
587 1909 656 1952 esse
669 1885 738 1952 Deo
753 1893 968 1973 perseverant,
984 1893 1017 1948 et
1032 1881 1111 1947 doc-

1 2018 3 2033 ’
74 1996 191 2062 trinam
207 1998 276 2085 ejus
291 1996 487 2073 custodiunt,
507 1995 563 2062 filii
586 2007 660 2062 sunt
674 1996 749 2068 Deir
769 2017 844 2061 oum
859 2004 968 2059 autem
983 1993 1111 2058 absces-

75 2115 199 2179 serunt,
221 2115 253 2168 et
272 2105 456 2194 transgressi
477 2103 607 2178 fuerint,
630 2101 758 2169 diabole
779 2101 1005 2168 adscribuntur
1023 2099 1112 2189 prin·

1 2246 2 2249 ¹
77 2212 154 2301 cipi,
174 2211 202 2278 ci
221 2211 275 2301 qui
295 2212 397 2301 primo
418 2211 489 2288 sibi,
511 2223 588 2277 tunc
604 2223 637 2277 et
650 2209 780 2299 reliquis
794 2231 887 2276 causa
904 2205 1111 2274 abscessionis

1 2358 3 2376 ι
79 2319 120 2383 sit
136 2319 247 2386 suctus.

1 2473 3 2509 p
123 2426 176 2494 IV.
202 2428 362 2507 Quoniam
386 2439 492 2492 autem
514 2427 605 2494 multi
627 2428 757 2517 quidem
779 2425 907 2492 Domini
936 2447 1111 2501 sermones,

1 2582 2 2617 r
80 2555 180 2600 unum
195 2546 302 2599 autem
317 2545 350 2599 et
368 2533 517 2600 eumdem
533 2553 643 2600 omnes
662 2533 852 2600 annuntiant
871 2532 997 2598 Patrem
1011 2530 1114 2597 sucto-

1 2702 5 2712 .
79 2666 147 2708 rem
169 2643 279 2710 mundi
302 2643 410 2733 hujus,
434 2644 601 2732 oportebat
624 2655 656 2708 et
681 2666 739 2709 nos
762 2652 893 2731 propter
922 2663 976 2705 eos
999 2640 1052 2728 qni
1080 2639 1112 2705 in

1 2816 3 2844 p
81 2751 185 2820 multis
199 2754 360 2820 erroribus
374 2755 590 2828 continentur,
608 2749 778 2840 permulta
795 2748 975 2822 confutares
995 2749 1020 2816 si
1032 2772 1115 2839 quo‹

1 2918 2 2953 p
83 2861 176 2928 modo
188 2874 328 2950 possent,
340 2885 398 2950 por
409 2860 507 2926 multa
519 2859 685 2936 confutati,
703 2858 784 2924 etad
796 2859 961 2924 veritatem
971 2859 1113 2924 conserti

83 2979 114 3032 et
137 2967 256 3033 salvari.
287 2968 507 3034 Necessarium
528 2977 576 3031 est
595 2979 702 3031 autem
721 2966 946 3056 conscriptioni
969 2965 1057 3042 huic,
1082 2969 1113 3031 in
1222 2965 1226 2972 ’

1 3138 2 3145 ,
84 3075 223 3163 sequenti
245 3087 318 3163 post
339 3074 467 3140 Domini
488 3095 648 3140 sermones
667 3075 859 3163 subjungere
881 3072 969 3140 Pauli
988 3095 1114 3164 quoque

1 3249 3 3282 r
86 3183 276 3258 doctrinam,
294 3193 326 3248 ot
352 3183 532 3248 examinare
550 3182 738 3247 sententiam
761 3182 848 3269 ejus,
876 3191 909 3246 et
928 3180 1114 3270 Apostolum

86 3315 249 3381 exponere,
270 3306 302 3359 et
313 3314 522 3382 quecumque
536 3293 576 3358 ab
594 3291 761 3366 baereticis,
775 3292 807 3356 in
823 3303 926 3356 totum
942 3315 1005 3359 uun
1021 3291 1115 3358 intei-

87 3399 248 3488 iigentibus
268 3422 338 3486 quae
356 3423 373 3464 a
392 3398 490 3465 Paulo
505 3399 589 3466 dicta
605 3413 691 3475 sunt,
708 3398 783 3467 aiios
801 3411 995 3487 occeperunt
1015 3401 1114 3466 inter·

87 3507 284 3597 pretationes,
305 3505 485 3598 explanare,
505 3520 537 3572 et
556 3508 748 3573 dementiam
771 3506 989 3572 incensationis
1003 3530 1113 3573 eorum

88 3617 267 3689 ostenderes
293 3628 326 3682 et
346 3619 386 3683 ab
407 3618 520 3684 eodem
541 3610 654 3692 Paulo.
673 3641 712 3682 ex
733 3641 797 3706 quo
820 3617 909 3684 nobis
928 3619 1114 3705 quaestiones

89 3727 232 3803 inserunt,
251 3727 464 3802 manifestare,
487 3726 556 3793 ilios
575 3728 704 3816 quidam
724 3727 907 3802 mendaces,
927 3725 1112 3816 Apostolum

91 3857 157 3898 vero
172 3834 410 3923 praedicatorem
425 3859 492 3902 esse
506 3835 657 3912 veritatis,
674 3847 705 3902 et
722 3837 826 3902 omniu
844 3837 1046 3902 consonantia
1065 3859 1114 3900 ro·

121 3957 200 4008 ‘Eub
215 3979 232 4014 r.
252 3963 287 4009 16.

216 4237 228 4274 t
