<?xml version="1.0" encoding="UTF-8"?>
<!DOCTYPE html PUBLIC "-//W3C//DTD XHTML 1.0 Transitional//EN"
    "http://www.w3.org/TR/xhtml1/DTD/xhtml1-transitional.dtd">
<html xmlns="http://www.w3.org/1999/xhtml" xml:lang="en" lang="en">
 <head>
  <title>
</title>
<meta http-equiv="Content-Type" content="text/html;charset=utf-8" />
  <meta name='ocr-system' content='tesseract 3.04.00' />
  <meta name='ocr-capabilities' content='ocr_page ocr_carea ocr_par ocr_line ocrx_word'/>
</head>
<body>
  <div class='ocr_page' id='page_1' title='image "./collectioselect02guilgoog_0747.png"; bbox 0 0 2738 4632; ppageno 0'>
   <div class='ocr_carea' id='block_1_1' title="bbox 240 246 1349 2638">
    <p class='ocr_par' dir='ltr' id='par_1_1' title="bbox 245 246 947 324">
     <span class='ocr_line' id='line_1_1' title="bbox 245 246 947 324; baseline 0.004 -16"><span class='ocrx_word' id='word_1_1' title='bbox 245 246 308 324; x_wconf 71' lang='lat' dir='ltr'><strong>all</strong></span> <span class='ocrx_word' id='word_1_2' title='bbox 572 264 688 310; x_wconf 76' lang='lat' dir='ltr'><strong>cancri</strong></span> <span class='ocrx_word' id='word_1_3' title='bbox 711 263 825 310; x_wconf 78' lang='lat' dir='ltr'><strong>rarum</strong></span> <span class='ocrx_word' id='word_1_4' title='bbox 848 267 910 310; x_wconf 83' lang='lat' dir='ltr'><strong>ue.</strong></span> <span class='ocrx_word' id='word_1_5' title='bbox 936 261 947 310; x_wconf 88' lang='lat' dir='ltr'><strong>t</strong></span> 
     </span>
    </p>

    <p class='ocr_par' dir='ltr' id='par_1_2' title="bbox 240 351 1349 2638">
     <span class='ocr_line' id='line_1_2' title="bbox 243 351 1299 465; baseline -0.004 -23"><span class='ocrx_word' id='word_1_6' title='bbox 243 351 316 442; x_wconf 74' lang='lat' dir='ltr'><strong>&#39;Filii</strong></span> <span class='ocrx_word' id='word_1_7' title='bbox 336 373 396 442; x_wconf 86' lang='lat' dir='ltr'><strong>Dei</strong></span> <span class='ocrx_word' id='word_1_8' title='bbox 414 374 565 450; x_wconf 82' lang='lat' dir='ltr'><strong>extiterit,</strong></span> <span class='ocrx_word' id='word_1_9' title='bbox 585 385 830 449; x_wconf 64' lang='lat' dir='ltr'><strong>commemorem</strong></span> <span class='ocrx_word' id='word_1_10' title='bbox 851 373 892 439; x_wconf 91' lang='lat' dir='ltr'><strong>de</strong></span> <span class='ocrx_word' id='word_1_11' title='bbox 913 371 978 440; x_wconf 83' lang='lat' dir='ltr'><strong>llue</strong></span> <span class='ocrx_word' id='word_1_12' title='bbox 999 393 1131 465; x_wconf 83' lang='lat' dir='ltr'><strong>quoque</strong></span> <span class='ocrx_word' id='word_1_13' title='bbox 1156 375 1234 464; x_wconf 71' lang='lat' dir='ltr'><strong>ipso</strong></span> <span class='ocrx_word' id='word_1_14' title='bbox 1258 385 1299 439; x_wconf 83' lang='lat' dir='ltr'><strong>et</strong></span> 
     </span>
     <span class='ocr_line' id='line_1_3' title="bbox 243 480 1295 572; baseline -0.004 -22"><span class='ocrx_word' id='word_1_15' title='bbox 243 486 343 552; x_wconf 83' lang='lat' dir='ltr'><strong>rebus.</strong></span> <span class='ocrx_word' id='word_1_16' title='bbox 360 484 487 560; x_wconf 72' lang='lat' dir='ltr'><strong>futuru,</strong></span> <span class='ocrx_word' id='word_1_17' title='bbox 508 480 665 572; x_wconf 83' lang='lat' dir='ltr'><strong>quidquid</strong></span> <span class='ocrx_word' id='word_1_18' title='bbox 684 483 717 550; x_wconf 90' lang='lat' dir='ltr'><strong>in</strong></span> <span class='ocrx_word' id='word_1_19' title='bbox 736 480 901 572; x_wconf 86' lang='lat' dir='ltr'><strong>Scriptura</strong></span> <span class='ocrx_word' id='word_1_20' title='bbox 921 482 1018 548; x_wconf 78' lang='lat' dir='ltr'><strong>ritum</strong></span> <span class='ocrx_word' id='word_1_21' title='bbox 1038 493 1100 558; x_wconf 84' lang='lat' dir='ltr'><strong>est,</strong></span> <span class='ocrx_word' id='word_1_22' title='bbox 1123 481 1295 571; x_wconf 81' lang='lat' dir='ltr'><strong>explicet,-</strong></span> 
     </span>
     <span class='ocr_line' id='line_1_4' title="bbox 243 589 1298 684; baseline -0.003 -25"><span class='ocrx_word' id='word_1_23' title='bbox 243 607 313 662; x_wconf 84' lang='lat' dir='ltr'><strong>tum</strong></span> <span class='ocrx_word' id='word_1_24' title='bbox 327 593 425 662; x_wconf 88' lang='lat' dir='ltr'><strong>etiem</strong></span> <span class='ocrx_word' id='word_1_25' title='bbox 434 597 645 684; x_wconf 84' lang='lat' dir='ltr'><strong>quemobrem</strong></span> <span class='ocrx_word' id='word_1_26' title='bbox 655 595 741 661; x_wconf 84' lang='lat' dir='ltr'><strong>Deua</strong></span> <span class='ocrx_word' id='word_1_27' title='bbox 754 590 908 668; x_wconf 82' lang='lat' dir='ltr'><strong>Gentiles,</strong></span> <span class='ocrx_word' id='word_1_28' title='bbox 924 613 1063 682; x_wconf 89' lang='lat' dir='ltr'><strong>quorum</strong></span> <span class='ocrx_word' id='word_1_29' title='bbox 1076 589 1164 658; x_wconf 84' lang='lat' dir='ltr'><strong>solua</strong></span> <span class='ocrx_word' id='word_1_30' title='bbox 1175 590 1298 680; x_wconf 87' lang='lat' dir='ltr'><strong>deplo-</strong></span> 
     </span>
     <span class='ocr_line' id='line_1_5' title="bbox 243 702 1294 793; baseline -0.004 -23"><span class='ocrx_word' id='word_1_31' title='bbox 243 717 310 770; x_wconf 89' lang='lat' dir='ltr'><strong>rata</strong></span> <span class='ocrx_word' id='word_1_32' title='bbox 325 703 612 780; x_wconf 81' lang='lat' dir='ltr'><strong>erat,&#39;cohaeredes‚</strong></span> <span class='ocrx_word' id='word_1_33' title='bbox 624 715 658 770; x_wconf 86' lang='lat' dir='ltr'><strong>et</strong></span> <span class='ocrx_word' id='word_1_34' title='bbox 668 723 916 791; x_wconf 85' lang='lat' dir='ltr'><strong>concorporeos,</strong></span> <span class='ocrx_word' id='word_1_35' title='bbox 930 712 963 767; x_wconf 90' lang='lat' dir='ltr'><strong>et</strong></span> <span class='ocrx_word' id='word_1_36' title='bbox 976 702 1150 793; x_wconf 76' lang='lat' dir='ltr'><strong>participes</strong></span> <span class='ocrx_word' id='word_1_37' title='bbox 1162 713 1294 767; x_wconf 76' lang='lat' dir='ltr'><strong>sancto-</strong></span> 
     </span>
     <span class='ocr_line' id='line_1_6' title="bbox 242 809 1296 902; baseline -0.006 -20"><span class='ocrx_word' id='word_1_38' title='bbox 242 837 314 883; x_wconf 88' lang='lat' dir='ltr'><strong>rum</strong></span> <span class='ocrx_word' id='word_1_39' title='bbox 330 814 484 890; x_wconf 82' lang='lat' dir='ltr'><strong>effecerit,</strong></span> <span class='ocrx_word' id='word_1_40' title='bbox 501 835 566 880; x_wconf 92' lang='lat' dir='ltr'><strong>non</strong></span> <span class='ocrx_word' id='word_1_41' title='bbox 584 825 704 886; x_wconf 65' lang='lat' dir='ltr'><strong>taceam</strong></span> <span class='ocrx_word' id='word_1_42' title='bbox 722 833 851 901; x_wconf 88' lang='lat' dir='ltr'><strong>quoque</strong></span> <span class='ocrx_word' id='word_1_43' title='bbox 872 823 966 902; x_wconf 89' lang='lat' dir='ltr'><strong>pacto</strong></span> <span class='ocrx_word' id='word_1_44' title='bbox 985 811 1127 878; x_wconf 81' lang='lat' dir='ltr'><strong>mortale</strong></span> <span class='ocrx_word' id='word_1_45' title='bbox 1142 809 1209 877; x_wconf 84' lang='lat' dir='ltr'><strong>ltoe</strong></span> <span class='ocrx_word' id='word_1_46' title='bbox 1221 833 1296 878; x_wconf 90' lang='lat' dir='ltr'><strong>cor·</strong></span> 
     </span>
     <span class='ocr_line' id='line_1_7' title="bbox 241 922 1295 1014; baseline -0.002 -24"><span class='ocrx_word' id='word_1_47' title='bbox 241 949 301 1014; x_wconf 78' lang='lat' dir='ltr'><strong>pua</strong></span> <span class='ocrx_word' id='word_1_48' title='bbox 324 925 588 1000; x_wconf 71' lang='lat' dir='ltr'><strong>immortalitate,</strong></span> <span class='ocrx_word' id='word_1_49' title='bbox 606 941 637 990; x_wconf 85' lang='lat' dir='ltr'><strong>et</strong></span> <span class='ocrx_word' id='word_1_50' title='bbox 656 922 871 1014; x_wconf 69' lang='lat' dir='ltr'><strong>corruptibile</strong></span> <span class='ocrx_word' id='word_1_51' title='bbox 889 923 949 988; x_wconf 82' lang='lat' dir='ltr'><strong>ltoc</strong></span> <span class='ocrx_word' id='word_1_52' title='bbox 966 923 1295 1012; x_wconf 70' lang='lat' dir='ltr'><strong>incorruptibilitate</strong></span> 
     </span>
     <span class='ocr_line' id='line_1_8' title="bbox 240 1034 1290 1124; baseline -0.003 -22"><span class='ocrx_word' id='word_1_53' title='bbox 240 1035 503 1102; x_wconf 73' lang='lat' dir='ltr'><strong>induendumait</strong></span> <span class='ocrx_word' id='word_1_54' title='bbox 513 1034 539 1113; x_wconf 86' lang='lat'><strong>¹,</strong></span> <span class='ocrx_word' id='word_1_55' title='bbox 553 1036 718 1108; x_wconf 58' lang='lat' dir='ltr'><strong>edisseram</strong></span> <span class='ocrx_word' id='word_1_56' title='bbox 734 1035 872 1123; x_wconf 90' lang='lat' dir='ltr'><strong>denique</strong></span> <span class='ocrx_word' id='word_1_57' title='bbox 883 1034 935 1123; x_wconf 90' lang='lat' dir='ltr'><strong>qui</strong></span> <span class='ocrx_word' id='word_1_58' title='bbox 946 1035 1088 1124; x_wconf 77' lang='lat' dir='ltr'><strong>populat</strong></span> <span class='ocrx_word' id='word_1_59' title='bbox 1103 1036 1224 1122; x_wconf 73' lang='lat' dir='ltr'><strong>factus</strong></span> <span class='ocrx_word' id='word_1_60' title='bbox 1233 1036 1290 1110; x_wconf 72' lang='lat' dir='ltr'><strong>eit,</strong></span> 
     </span>
     <span class='ocr_line' id='line_1_9' title="bbox 241 1143 1293 1235; baseline -0.002 -23"><span class='ocrx_word' id='word_1_61' title='bbox 241 1146 300 1234; x_wconf 81' lang='lat' dir='ltr'><strong>poi</strong></span> <span class='ocrx_word' id='word_1_62' title='bbox 312 1145 453 1235; x_wconf 79' lang='lat' dir='ltr'><strong>populea</strong></span> <span class='ocrx_word' id='word_1_63' title='bbox 468 1169 539 1210; x_wconf 84' lang='lat' dir='ltr'><strong>non</strong></span> <span class='ocrx_word' id='word_1_64' title='bbox 550 1161 634 1220; x_wconf 82' lang='lat' dir='ltr'><strong>erut,</strong></span> <span class='ocrx_word' id='word_1_65' title='bbox 653 1160 684 1211; x_wconf 84' lang='lat' dir='ltr'><strong>ct</strong></span> <span class='ocrx_word' id='word_1_66' title='bbox 701 1144 833 1220; x_wconf 81' lang='lat' dir='ltr'><strong>dilecto,</strong></span> <span class='ocrx_word' id='word_1_67' title='bbox 853 1167 928 1232; x_wconf 80' lang='lat' dir='ltr'><strong>poce</strong></span> <span class='ocrx_word' id='word_1_68' title='bbox 946 1143 1065 1210; x_wconf 80' lang='lat' dir='ltr'><strong>dilecto</strong></span> <span class='ocrx_word' id='word_1_69' title='bbox 1082 1167 1155 1210; x_wconf 84' lang='lat' dir='ltr'><strong>non</strong></span> <span class='ocrx_word' id='word_1_70' title='bbox 1170 1144 1293 1221; x_wconf 82' lang='lat' dir='ltr'><strong>erot¹,·</strong></span> 
     </span>
     <span class='ocr_line' id='line_1_10' title="bbox 241 1253 1287 1343; baseline 0 -23"><span class='ocrx_word' id='word_1_71' title='bbox 241 1265 275 1320; x_wconf 91' lang='lat' dir='ltr'><strong>ct</strong></span> <span class='ocrx_word' id='word_1_72' title='bbox 288 1254 343 1342; x_wconf 90' lang='lat' dir='ltr'><strong>qui</strong></span> <span class='ocrx_word' id='word_1_73' title='bbox 354 1253 539 1343; x_wconf 78' lang='lat' dir='ltr'><strong>plomfilt&#39;t</strong></span> <span class='ocrx_word' id='word_1_74' title='bbox 552 1254 697 1329; x_wconf 72' lang='lat' dir='ltr'><strong>desertae,</strong></span> <span class='ocrx_word' id='word_1_75' title='bbox 708 1275 810 1342; x_wconf 80' lang='lat' dir='ltr'><strong>quom</strong></span> <span class='ocrx_word' id='word_1_76' title='bbox 817 1257 900 1341; x_wconf 72' lang='lat' dir='ltr'><strong>ejus,</strong></span> <span class='ocrx_word' id='word_1_77' title='bbox 911 1275 986 1340; x_wconf 77' lang='lat' dir='ltr'><strong>quoe</strong></span> <span class='ocrx_word' id='word_1_78' title='bbox 995 1255 1112 1319; x_wconf 83' lang='lat' dir='ltr'><strong>uirum</strong></span> <span class='ocrx_word' id='word_1_79' title='bbox 1122 1253 1287 1320; x_wconf 65' lang='lat' dir='ltr'><strong>hebetat</strong></span> 
     </span>
     <span class='ocr_line' id='line_1_11' title="bbox 241 1361 1294 1454; baseline 0 -26"><span class='ocrx_word' id='word_1_80' title='bbox 241 1363 404 1454; x_wconf 71' lang='lat' dir='ltr'><strong>praedicet.</strong></span> <span class='ocrx_word' id='word_1_81' title='bbox 422 1363 460 1429; x_wconf 91' lang='lat' dir='ltr'><strong>ln</strong></span> <span class='ocrx_word' id='word_1_82' title='bbox 475 1363 524 1429; x_wconf 86' lang='lat' dir='ltr'><strong>his</strong></span> <span class='ocrx_word' id='word_1_83' title='bbox 539 1363 625 1428; x_wconf 87' lang='lat' dir='ltr'><strong>enim</strong></span> <span class='ocrx_word' id='word_1_84' title='bbox 639 1361 771 1452; x_wconf 83' lang='lat' dir='ltr'><strong>aliisque</strong></span> <span class='ocrx_word' id='word_1_85' title='bbox 789 1361 822 1428; x_wconf 94' lang='lat' dir='ltr'><strong>id</strong></span> <span class='ocrx_word' id='word_1_86' title='bbox 833 1383 933 1452; x_wconf 80' lang='lat' dir='ltr'><strong>genua</strong></span> <span class='ocrx_word' id='word_1_87' title='bbox 944 1361 1133 1430; x_wconf 80' lang='lat' dir='ltr'><strong>exclamavit</strong></span> <span class='ocrx_word' id='word_1_88' title='bbox 1145 1365 1294 1454; x_wconf 80' lang='lat' dir='ltr'><strong>Aposto-</strong></span> 
     </span>
     <span class='ocr_line' id='line_1_12' title="bbox 242 1470 1294 1563; baseline 0.002 -25"><span class='ocrx_word' id='word_1_89' title='bbox 242 1470 292 1539; x_wconf 73' lang='lat' dir='ltr'><strong>lus</strong></span> <span class='ocrx_word' id='word_1_90' title='bbox 303 1495 311 1537; x_wconf 89' lang='lat'>:</span> <span class='ocrx_word' id='word_1_91' title='bbox 323 1499 337 1534; x_wconf 82' lang='grc' dir='ltr'>ι</span> <span class='ocrx_word' id='word_1_92' title='bbox 348 1472 378 1538; x_wconf 92' lang='grc' dir='ltr'>Ο</span> <span class='ocrx_word' id='word_1_93' title='bbox 389 1470 524 1539; x_wconf 78' lang='lat' dir='ltr'><strong>altitudo</strong></span> <span class='ocrx_word' id='word_1_94' title='bbox 536 1471 718 1539; x_wconf 82' lang='lat' dir='ltr'><strong>divitiarum</strong></span> <span class='ocrx_word' id='word_1_95' title='bbox 729 1473 889 1561; x_wconf 71' lang='lat' dir='ltr'><strong>sapientie</strong></span> <span class='ocrx_word' id='word_1_96' title='bbox 900 1485 933 1538; x_wconf 89' lang='lat' dir='ltr'><strong>et</strong></span> <span class='ocrx_word' id='word_1_97' title='bbox 944 1473 1085 1540; x_wconf 71' lang='lat' dir='ltr'><strong>scientie</strong></span> <span class='ocrx_word' id='word_1_98' title='bbox 1095 1475 1159 1541; x_wconf 92' lang='lat' dir='ltr'><strong>Dei</strong></span> <span class='ocrx_word' id='word_1_99' title='bbox 1171 1477 1180 1539; x_wconf 85' lang='lat' dir='ltr'><strong>l</strong></span> <span class='ocrx_word' id='word_1_100' title='bbox 1190 1497 1294 1563; x_wconf 81' lang='lat' dir='ltr'><strong>quam</strong></span> 
     </span>
     <span class='ocr_line' id='line_1_13' title="bbox 243 1580 1293 1674; baseline 0.008 -30"><span class='ocrx_word' id='word_1_101' title='bbox 243 1580 485 1648; x_wconf 73' lang='lat' dir='ltr'><strong>»inscrutabilia</strong></span> <span class='ocrx_word' id='word_1_102' title='bbox 509 1592 583 1647; x_wconf 83' lang='lat' dir='ltr'><strong>eunt</strong></span> <span class='ocrx_word' id='word_1_103' title='bbox 604 1581 721 1670; x_wconf 80' lang='lat' dir='ltr'><strong>judicia</strong></span> <span class='ocrx_word' id='word_1_104' title='bbox 743 1582 826 1670; x_wconf 83' lang='lat' dir='ltr'><strong>ejus,</strong></span> <span class='ocrx_word' id='word_1_105' title='bbox 847 1591 880 1647; x_wconf 88' lang='lat' dir='ltr'><strong>et</strong></span> <span class='ocrx_word' id='word_1_106' title='bbox 901 1582 1212 1674; x_wconf 69' lang='lat' dir='ltr'><strong>impervestigabiles</strong></span> <span class='ocrx_word' id='word_1_107' title='bbox 1233 1587 1293 1652; x_wconf 72' lang='lat' dir='ltr'><strong>vie</strong></span> 
     </span>
     <span class='ocr_line' id='line_1_14' title="bbox 243 1690 1290 1781; baseline 0.008 -27"><span class='ocrx_word' id='word_1_108' title='bbox 243 1690 382 1780; x_wconf 58' lang='lat' dir='ltr'><strong>‚ojustt</strong></span> <span class='ocrx_word' id='word_1_109' title='bbox 400 1691 465 1758; x_wconf 76' lang='lat' dir='ltr'><strong>»ln</strong></span> <span class='ocrx_word' id='word_1_110' title='bbox 480 1691 555 1766; x_wconf 93' lang='lat' dir='ltr'><strong>hoc,</strong></span> <span class='ocrx_word' id='word_1_111' title='bbox 571 1691 715 1779; x_wconf 89' lang='lat' dir='ltr'><strong>inquam,</strong></span> <span class='ocrx_word' id='word_1_112' title='bbox 740 1691 910 1758; x_wconf 85' lang='lat' dir='ltr'><strong>doctorum</strong></span> <span class='ocrx_word' id='word_1_113' title='bbox 929 1691 1085 1758; x_wconf 85' lang='lat' dir='ltr'><strong>industrio</strong></span> <span class='ocrx_word' id='word_1_114' title='bbox 1102 1694 1211 1781; x_wconf 79' lang='lat' dir='ltr'><strong>posita</strong></span> <span class='ocrx_word' id='word_1_115' title='bbox 1228 1708 1290 1773; x_wconf 84' lang='lat' dir='ltr'><strong>est,</strong></span> 
     </span>
     <span class='ocr_line' id='line_1_15' title="bbox 243 1799 1290 1892; baseline 0.005 -24"><span class='ocrx_word' id='word_1_116' title='bbox 243 1825 309 1870; x_wconf 89' lang='lat' dir='ltr'><strong>uon</strong></span> <span class='ocrx_word' id='word_1_117' title='bbox 327 1803 360 1868; x_wconf 91' lang='lat' dir='ltr'><strong>iu</strong></span> <span class='ocrx_word' id='word_1_118' title='bbox 382 1824 435 1879; x_wconf 87' lang='lat' dir='ltr'><strong>eo,</strong></span> <span class='ocrx_word' id='word_1_119' title='bbox 451 1813 488 1868; x_wconf 91' lang='lat' dir='ltr'><strong>ut</strong></span> <span class='ocrx_word' id='word_1_120' title='bbox 502 1801 672 1891; x_wconf 82' lang='lat' dir='ltr'><strong>quispiam,</strong></span> <span class='ocrx_word' id='word_1_121' title='bbox 688 1799 770 1866; x_wconf 88' lang='lat' dir='ltr'><strong>ultra</strong></span> <span class='ocrx_word' id='word_1_122' title='bbox 786 1813 965 1868; x_wconf 70' lang='lat' dir='ltr'><strong>creatorem</strong></span> <span class='ocrx_word' id='word_1_123' title='bbox 979 1815 1012 1869; x_wconf 86' lang='lat' dir='ltr'><strong>et</strong></span> <span class='ocrx_word' id='word_1_124' title='bbox 1031 1803 1205 1892; x_wconf 82' lang='lat' dir='ltr'><strong>opificem,</strong></span> <span class='ocrx_word' id='word_1_125' title='bbox 1224 1809 1290 1873; x_wconf 85' lang='lat' dir='ltr'><strong>En-</strong></span> 
     </span>
     <span class='ocr_line' id='line_1_16' title="bbox 243 1909 1286 2005; baseline 0.006 -29"><span class='ocrx_word' id='word_1_126' title='bbox 243 1911 404 2000; x_wconf 81' lang='lat' dir='ltr'><strong>thymetiu</strong></span> <span class='ocrx_word' id='word_1_127' title='bbox 422 1912 558 1977; x_wconf 84' lang='lat' dir='ltr'><strong>errantia</strong></span> <span class='ocrx_word' id='word_1_128' title='bbox 574 1909 698 1988; x_wconf 83' lang='lat' dir='ltr'><strong>AEouia,</strong></span> <span class='ocrx_word' id='word_1_129' title='bbox 715 1933 785 2000; x_wconf 76' lang='lat' dir='ltr'><strong>que</strong></span> <span class='ocrx_word' id='word_1_130' title='bbox 804 1912 902 2000; x_wconf 83' lang='lat' dir='ltr'><strong>ipsiuo</strong></span> <span class='ocrx_word' id='word_1_131' title='bbox 919 1935 1035 2002; x_wconf 77' lang='lat' dir='ltr'><strong>pererro</strong></span> <span class='ocrx_word' id='word_1_132' title='bbox 1056 1914 1108 1990; x_wconf 83' lang='lat' dir='ltr'><strong>sit,</strong></span> <span class='ocrx_word' id='word_1_133' title='bbox 1127 1929 1286 2005; x_wconf 82' lang='lat' dir='ltr'><strong>praeterea</strong></span> 
     </span>
     <span class='ocr_line' id='line_1_17' title="bbox 243 2019 1286 2111; baseline 0.007 -25"><span class='ocrx_word' id='word_1_134' title='bbox 243 2020 516 2094; x_wconf 77' lang='lat' dir='ltr'><strong>comminiscetur,</strong></span> <span class='ocrx_word' id='word_1_135' title='bbox 529 2043 632 2109; x_wconf 89' lang='lat' dir='ltr'><strong>eoque</strong></span> <span class='ocrx_word' id='word_1_136' title='bbox 646 2019 851 2110; x_wconf 66' lang='lat' dir='ltr'><strong>blasphemie}</strong></span> <span class='ocrx_word' id='word_1_137' title='bbox 869 2035 1072 2111; x_wconf 86' lang='lat' dir='ltr'><strong>prorumput;</strong></span> <span class='ocrx_word' id='word_1_138' title='bbox 1093 2037 1154 2089; x_wconf 86' lang='lat' dir='ltr'><strong>out</strong></span> <span class='ocrx_word' id='word_1_139' title='bbox 1173 2051 1286 2092; x_wconf 76' lang='lat' dir='ltr'><strong>rursus</strong></span> 
     </span>
     <span class='ocr_line' id='line_1_18' title="bbox 244 2128 1290 2223; baseline 0.008 -28"><span class='ocrx_word' id='word_1_140' title='bbox 244 2131 277 2196; x_wconf 89' lang='lat' dir='ltr'><strong>iu</strong></span> <span class='ocrx_word' id='word_1_141' title='bbox 292 2154 344 2205; x_wconf 91' lang='lat' dir='ltr'><strong>eo,</strong></span> <span class='ocrx_word' id='word_1_142' title='bbox 361 2129 447 2216; x_wconf 91' lang='lat' dir='ltr'><strong>quo&#39;d</strong></span> <span class='ocrx_word' id='word_1_143' title='bbox 461 2153 498 2194; x_wconf 90' lang='lat' dir='ltr'><strong>ea</strong></span> <span class='ocrx_word' id='word_1_144' title='bbox 517 2128 683 2196; x_wconf 79' lang='lat' dir='ltr'><strong>sublimius</strong></span> <span class='ocrx_word' id='word_1_145' title='bbox 696 2131 748 2205; x_wconf 86' lang='lat' dir='ltr'><strong>ait,</strong></span> <span class='ocrx_word' id='word_1_146' title='bbox 761 2129 952 2207; x_wconf 74' lang='lat' dir='ltr'><strong>Pleromate,</strong></span> <span class='ocrx_word' id='word_1_147' title='bbox 965 2153 1053 2198; x_wconf 88' lang='lat' dir='ltr'><strong>nuuc</strong></span> <span class='ocrx_word' id='word_1_148' title='bbox 1064 2133 1199 2223; x_wconf 76' lang='lat' dir='ltr'><strong>triginta</strong></span> <span class='ocrx_word' id='word_1_149' title='bbox 1212 2135 1290 2202; x_wconf 75' lang='grc' dir='ltr'><strong>Ευ-</strong></span> 
     </span>
     <span class='ocr_line' id='line_1_19' title="bbox 244 2237 1290 2334; baseline 0.007 -29"><span class='ocrx_word' id='word_1_150' title='bbox 244 2262 314 2315; x_wconf 87' lang='lat' dir='ltr'><strong>uas,</strong></span> <span class='ocrx_word' id='word_1_151' title='bbox 331 2261 418 2305; x_wconf 89' lang='lat' dir='ltr'><strong>nunc</strong></span> <span class='ocrx_word' id='word_1_152' title='bbox 432 2239 664 2304; x_wconf 80' lang='lat' dir='ltr'><strong>innumerabile</strong></span> <span class='ocrx_word' id='word_1_153' title='bbox 675 2237 816 2306; x_wconf 86' lang='lat' dir='ltr'><strong>AEouum</strong></span> <span class='ocrx_word' id='word_1_154' title='bbox 828 2261 961 2306; x_wconf 84' lang='lat' dir='ltr'><strong>examen</strong></span> <span class='ocrx_word' id='word_1_155' title='bbox 976 2240 1139 2331; x_wconf 82' lang='lat' dir='ltr'><strong>conlingat</strong></span> <span class='ocrx_word' id='word_1_156' title='bbox 1154 2265 1163 2308; x_wconf 76' lang='grc' dir='ltr'>ι</span> <span class='ocrx_word' id='word_1_157' title='bbox 1178 2269 1290 2334; x_wconf 87' lang='lat' dir='ltr'><strong>quem·</strong></span> 
     </span>
     <span class='ocr_line' id='line_1_20' title="bbox 244 2347 1279 2443; baseline 0.001 -27"><span class='ocrx_word' id='word_1_158' title='bbox 244 2349 419 2416; x_wconf 81' lang='lat' dir='ltr'><strong>admodum</strong></span> <span class='ocrx_word' id='word_1_159' title='bbox 425 2348 516 2413; x_wconf 88' lang='lat' dir='ltr'><strong>aiunt</strong></span> <span class='ocrx_word' id='word_1_160' title='bbox 526 2348 576 2414; x_wconf 81' lang='lat' dir='ltr'><strong>isti</strong></span> <span class='ocrx_word' id='word_1_161' title='bbox 589 2347 703 2414; x_wconf 84' lang='lat' dir='ltr'><strong>dirinae</strong></span> <span class='ocrx_word' id='word_1_162' title='bbox 711 2347 872 2436; x_wconf 75' lang='lat' dir='ltr'><strong>supientiae</strong></span> <span class='ocrx_word' id='word_1_163' title='bbox 881 2369 955 2413; x_wconf 84' lang='lat' dir='ltr'><strong>vere</strong></span> <span class='ocrx_word' id='word_1_164' title='bbox 967 2362 1112 2438; x_wconf 83' lang='lat' dir='ltr'><strong>expertes</strong></span> <span class='ocrx_word' id='word_1_165' title='bbox 1122 2355 1279 2443; x_wconf 76' lang='lat' dir='ltr'><strong>magistri:</strong></span> 
     </span>
     <span class='ocr_line' id='line_1_21' title="bbox 244 2452 1349 2527; baseline 0 -2"><span class='ocrx_word' id='word_1_166' title='bbox 244 2479 320 2526; x_wconf 91' lang='lat' dir='ltr'><strong>cum</strong></span> <span class='ocrx_word' id='word_1_167' title='bbox 329 2458 456 2524; x_wconf 86' lang='lat' dir='ltr'><strong>iuterim</strong></span> <span class='ocrx_word' id='word_1_168' title='bbox 465 2481 538 2524; x_wconf 83' lang='lat' dir='ltr'><strong>reru</strong></span> <span class='ocrx_word' id='word_1_169' title='bbox 551 2467 584 2522; x_wconf 86' lang='lat' dir='ltr'><strong>et</strong></span> <span class='ocrx_word' id='word_1_170' title='bbox 595 2455 739 2521; x_wconf 83' lang='lat' dir='ltr'><strong>universo</strong></span> <span class='ocrx_word' id='word_1_171' title='bbox 748 2452 889 2520; x_wconf 80' lang='lat' dir='ltr'><strong>Ecclesia</strong></span> <span class='ocrx_word' id='word_1_172' title='bbox 904 2475 1001 2521; x_wconf 90' lang='lat' dir='ltr'><strong>unam</strong></span> <span class='ocrx_word' id='word_1_173' title='bbox 1011 2468 1044 2521; x_wconf 92' lang='lat' dir='ltr'><strong>et</strong></span> <span class='ocrx_word' id='word_1_174' title='bbox 1057 2459 1212 2526; x_wconf 87' lang='lat' dir='ltr'><strong>eamdem</strong></span> <span class='ocrx_word' id='word_1_175' title='bbox 1224 2473 1288 2527; x_wconf 92' lang='lat' dir='ltr'><strong>toto</strong></span> <span class='ocrx_word' id='word_1_176' title='bbox 1348 2481 1349 2487; x_wconf 53' lang='lat'>¹</span> 
     </span>
     <span class='ocr_line' id='line_1_22' title="bbox 245 2563 1038 2638; baseline -0.006 -4"><span class='ocrx_word' id='word_1_177' title='bbox 245 2563 403 2634; x_wconf 79' lang='lat' dir='ltr'><strong>terrarum</strong></span> <span class='ocrx_word' id='word_1_178' title='bbox 418 2567 496 2632; x_wconf 91' lang='lat' dir='ltr'><strong>orbe</strong></span> <span class='ocrx_word' id='word_1_179' title='bbox 512 2565 610 2632; x_wconf 87' lang='lat' dir='ltr'><strong>fidem</strong></span> <span class='ocrx_word' id='word_1_180' title='bbox 625 2574 744 2638; x_wconf 88' lang='lat' dir='ltr'><strong>teneat,</strong></span> <span class='ocrx_word' id='word_1_181' title='bbox 759 2573 793 2628; x_wconf 86' lang='lat' dir='ltr'><strong>ut</strong></span> <span class='ocrx_word' id='word_1_182' title='bbox 804 2572 880 2628; x_wconf 85' lang='lat' dir='ltr'><strong>onte</strong></span> <span class='ocrx_word' id='word_1_183' title='bbox 891 2563 1038 2630; x_wconf 85' lang='lat' dir='ltr'><strong>diximus.</strong></span> 
     </span>
    </p>
   </div>
   <div class='ocr_carea' id='block_1_2' title="bbox 247 2729 1346 2942">
    <p class='ocr_par' dir='ltr' id='par_1_3' title="bbox 247 2729 1346 2942">
     <span class='ocr_line' id='line_1_23' title="bbox 293 2729 1346 2832; baseline -0.011 -24"><span class='ocrx_word' id='word_1_184' title='bbox 293 2733 331 2807; x_wconf 87' lang='lat'><strong>5⁰</strong></span> <span class='ocrx_word' id='word_1_185' title='bbox 349 2737 466 2807; x_wconf 88' lang='lat' dir='ltr'><strong>Unius</strong></span> <span class='ocrx_word' id='word_1_186' title='bbox 487 2759 532 2804; x_wconf 81' lang='lat' dir='ltr'><strong>ex</strong></span> <span class='ocrx_word' id='word_1_187' title='bbox 549 2755 676 2804; x_wconf 86' lang='lat' dir='ltr'><strong>eorum</strong></span> <span class='ocrx_word' id='word_1_188' title='bbox 696 2753 815 2828; x_wconf 83' lang='lat' dir='ltr'><strong>grege,</strong></span> <span class='ocrx_word' id='word_1_189' title='bbox 834 2733 948 2802; x_wconf 86' lang='lat' dir='ltr'><strong>Marci</strong></span> <span class='ocrx_word' id='word_1_190' title='bbox 969 2729 1133 2820; x_wconf 88' lang='lat' dir='ltr'><strong>nomine,</strong></span> <span class='ocrx_word' id='word_1_191' title='bbox 1155 2739 1286 2832; x_wconf 67' lang='lat' dir='ltr'><strong>praesti·</strong></span> <span class='ocrx_word' id='word_1_192' title='bbox 1345 2765 1346 2783; x_wconf 59' lang='grc' dir='ltr'>ι</span> 
     </span>
     <span class='ocr_line' id='line_1_24' title="bbox 247 2837 1345 2942; baseline -0.013 -29"><span class='ocrx_word' id='word_1_193' title='bbox 247 2845 304 2942; x_wconf 87' lang='lat' dir='ltr'><strong>gia</strong></span> <span class='ocrx_word' id='word_1_194' title='bbox 320 2858 356 2913; x_wconf 89' lang='lat' dir='ltr'><strong>et</strong></span> <span class='ocrx_word' id='word_1_195' title='bbox 376 2839 530 2914; x_wconf 79' lang='lat' dir='ltr'><strong>nefarias</strong></span> <span class='ocrx_word' id='word_1_196' title='bbox 548 2853 643 2911; x_wconf 87' lang='lat' dir='ltr'><strong>artes</strong></span> <span class='ocrx_word' id='word_1_197' title='bbox 659 2837 805 2910; x_wconf 80' lang='lat' dir='ltr'><strong>narrnt⁵</strong></span> <span class='ocrx_word' id='word_1_198' title='bbox 822 2867 830 2910; x_wconf 77' lang='grc' dir='ltr'><strong><em>ε</em></strong></span> <span class='ocrx_word' id='word_1_199' title='bbox 1344 2839 1345 2883; x_wconf 72' lang='lat' dir='ltr'><strong>l</strong></span> 
     </span>
    </p>
   </div>
   <div class='ocr_carea' id='block_1_3' title="bbox 122 3007 1342 3540">
    <p class='ocr_par' dir='ltr' id='par_1_4' title="bbox 122 3007 1342 3540">
     <span class='ocr_line' id='line_1_25' title="bbox 288 3007 1287 3101; baseline 0 -23"><span class='ocrx_word' id='word_1_200' title='bbox 288 3010 362 3078; x_wconf 79' lang='lat' dir='ltr'><strong>lam</strong></span> <span class='ocrx_word' id='word_1_201' title='bbox 375 3031 452 3077; x_wconf 83' lang='lat' dir='ltr'><strong>vero</strong></span> <span class='ocrx_word' id='word_1_202' title='bbox 462 3007 589 3076; x_wconf 77' lang='lat' dir='ltr'><strong>Marcus</strong></span> <span class='ocrx_word' id='word_1_203' title='bbox 605 3007 748 3096; x_wconf 88' lang='lat' dir='ltr'><strong>quidam,</strong></span> <span class='ocrx_word' id='word_1_204' title='bbox 765 3029 832 3074; x_wconf 87' lang='lat' dir='ltr'><strong>uon</strong></span> <span class='ocrx_word' id='word_1_205' title='bbox 846 3031 965 3097; x_wconf 83' lang='lat' dir='ltr'><strong>poucoa</strong></span> <span class='ocrx_word' id='word_1_206' title='bbox 980 3010 1148 3099; x_wconf 75' lang='lat' dir='ltr'><strong>utriusque</strong></span> <span class='ocrx_word' id='word_1_207' title='bbox 1163 3015 1287 3101; x_wconf 77' lang='lat' dir='ltr'><strong>generis</strong></span> 
     </span>
     <span class='ocr_line' id='line_1_26' title="bbox 122 3115 1342 3212; baseline -0.005 -24"><span class='ocrx_word' id='word_1_208' title='bbox 122 3173 132 3200; x_wconf 93' lang='lat'><strong>,</strong></span> <span class='ocrx_word' id='word_1_209' title='bbox 243 3121 403 3196; x_wconf 75' lang='lat' dir='ltr'><strong>homiues,</strong></span> <span class='ocrx_word' id='word_1_210' title='bbox 425 3119 459 3184; x_wconf 92' lang='lat' dir='ltr'><strong>in</strong></span> <span class='ocrx_word' id='word_1_211' title='bbox 483 3138 626 3184; x_wconf 91' lang='lat' dir='ltr'><strong>errorem</strong></span> <span class='ocrx_word' id='word_1_212' title='bbox 641 3115 811 3192; x_wconf 75' lang='lat' dir='ltr'><strong>abductor,</strong></span> <span class='ocrx_word' id='word_1_213' title='bbox 828 3116 869 3182; x_wconf 91' lang='lat' dir='ltr'><strong>ad</strong></span> <span class='ocrx_word' id='word_1_214' title='bbox 884 3139 919 3183; x_wconf 81' lang='lat' dir='ltr'><strong>ae</strong></span> <span class='ocrx_word' id='word_1_215' title='bbox 941 3116 1067 3185; x_wconf 84' lang='lat' dir='ltr'><strong>illexit:</strong></span> <span class='ocrx_word' id='word_1_216' title='bbox 1089 3121 1212 3211; x_wconf 84' lang='lat' dir='ltr'><strong>quippe</strong></span> <span class='ocrx_word' id='word_1_217' title='bbox 1235 3123 1287 3212; x_wconf 85' lang='lat' dir='ltr'><strong>qui</strong></span> <span class='ocrx_word' id='word_1_218' title='bbox 1341 3161 1342 3182; x_wconf 60' lang='grc' dir='ltr'>ι</span> 
     </span>
     <span class='ocr_line' id='line_1_27' title="bbox 244 3226 1341 3315; baseline -0.001 -16"><span class='ocrx_word' id='word_1_219' title='bbox 244 3231 395 3298; x_wconf 82' lang='lat' dir='ltr'><strong>miaemm</strong></span> <span class='ocrx_word' id='word_1_220' title='bbox 411 3227 501 3294; x_wconf 91' lang='lat' dir='ltr'><strong>illum</strong></span> <span class='ocrx_word' id='word_1_221' title='bbox 517 3249 643 3303; x_wconf 89' lang='lat' dir='ltr'><strong>eorum,</strong></span> <span class='ocrx_word' id='word_1_222' title='bbox 660 3226 700 3293; x_wconf 92' lang='lat' dir='ltr'><strong>de</strong></span> <span class='ocrx_word' id='word_1_223' title='bbox 716 3227 832 3315; x_wconf 81' lang='lat' dir='ltr'><strong>quibua</strong></span> <span class='ocrx_word' id='word_1_224' title='bbox 848 3239 923 3293; x_wconf 87' lang='lat' dir='ltr'><strong>ante</strong></span> <span class='ocrx_word' id='word_1_225' title='bbox 944 3229 1041 3295; x_wconf 83' lang='lat' dir='ltr'><strong>verba</strong></span> <span class='ocrx_word' id='word_1_226' title='bbox 1058 3229 1210 3308; x_wconf 73' lang='lat' dir='ltr'><strong>lecimus,</strong></span> <span class='ocrx_word' id='word_1_227' title='bbox 1227 3233 1286 3299; x_wconf 86' lang='lat' dir='ltr'><strong>im·</strong></span> <span class='ocrx_word' id='word_1_228' title='bbox 1340 3257 1341 3280; x_wconf 55' lang='grc' dir='ltr'>ι</span> 
     </span>
     <span class='ocr_line' id='line_1_28' title="bbox 243 3334 1340 3432; baseline -0.001 -25"><span class='ocrx_word' id='word_1_229' title='bbox 243 3352 411 3432; x_wconf 81' lang='lat' dir='ltr'><strong>postorum</strong></span> <span class='ocrx_word' id='word_1_230' title='bbox 435 3335 674 3402; x_wconf 85' lang='lat' dir='ltr'><strong>emendatorem</strong></span> <span class='ocrx_word' id='word_1_231' title='bbox 701 3355 769 3400; x_wconf 81' lang='lat' dir='ltr'><strong>esee</strong></span> <span class='ocrx_word' id='word_1_232' title='bbox 792 3334 960 3413; x_wconf 89' lang='lat' dir='ltr'><strong>ducerent,</strong></span> <span class='ocrx_word' id='word_1_233' title='bbox 985 3359 1061 3402; x_wconf 91' lang='lat' dir='ltr'><strong>cum</strong></span> <span class='ocrx_word' id='word_1_234' title='bbox 1085 3340 1286 3427; x_wconf 82' lang='lat' dir='ltr'><strong>magicarum</strong></span> <span class='ocrx_word' id='word_1_235' title='bbox 1339 3335 1340 3379; x_wconf 72' lang='lat' dir='ltr'><strong>t</strong></span> 
     </span>
     <span class='ocr_line' id='line_1_29' title="bbox 245 3445 1339 3540; baseline -0.002 -22"><span class='ocrx_word' id='word_1_236' title='bbox 245 3449 476 3540; x_wconf 71' lang='lat' dir='ltr'><strong>praestigiarum</strong></span> <span class='ocrx_word' id='word_1_237' title='bbox 490 3445 699 3535; x_wconf 73' lang='lat' dir='ltr'><strong>peritissimus</strong></span> <span class='ocrx_word' id='word_1_238' title='bbox 721 3457 814 3512; x_wconf 78' lang='lat' dir='ltr'><strong>esset.</strong></span> <span class='ocrx_word' id='word_1_239' title='bbox 834 3445 889 3512; x_wconf 79' lang='lat' dir='ltr'><strong>His</strong></span> <span class='ocrx_word' id='word_1_240' title='bbox 910 3445 1028 3536; x_wconf 86' lang='lat' dir='ltr'><strong>itaque,</strong></span> <span class='ocrx_word' id='word_1_241' title='bbox 1045 3471 1125 3537; x_wconf 82' lang='lat' dir='ltr'><strong>quoa</strong></span> <span class='ocrx_word' id='word_1_242' title='bbox 1141 3449 1177 3516; x_wconf 90' lang='lat' dir='ltr'><strong>in</strong></span> <span class='ocrx_word' id='word_1_243' title='bbox 1196 3449 1284 3517; x_wconf 80' lang='lat' dir='ltr'><strong>lruu-</strong></span> <span class='ocrx_word' id='word_1_244' title='bbox 1338 3466 1339 3474; x_wconf 75' lang='grc'>’</span> 
     </span>
    </p>
   </div>
   <div class='ocr_carea' id='block_1_4' title="bbox 246 3553 1286 3644">
    <p class='ocr_par' dir='ltr' id='par_1_5' title="bbox 246 3533 1338 3675">
     <span class='ocr_line' id='line_1_30' title="bbox 246 3553 1286 3644; baseline -0.001 -20"><span class='ocrx_word' id='word_1_245' title='bbox 246 3558 320 3624; x_wconf 89' lang='lat' dir='ltr'><strong>dem</strong></span> <span class='ocrx_word' id='word_1_246' title='bbox 335 3557 516 3630; x_wconf 81' lang='lat' dir='ltr'><strong>induxerat,</strong></span> <span class='ocrx_word' id='word_1_247' title='bbox 537 3553 705 3644; x_wconf 79' lang='lat' dir='ltr'><strong>perauaait,</strong></span> <span class='ocrx_word' id='word_1_248' title='bbox 722 3565 757 3619; x_wconf 85' lang='lat' dir='ltr'><strong>ut</strong></span> <span class='ocrx_word' id='word_1_249' title='bbox 775 3565 859 3620; x_wconf 73' lang='lat' dir='ltr'><strong>totos</strong></span> <span class='ocrx_word' id='word_1_250' title='bbox 879 3577 948 3620; x_wconf 84' lang='lat' dir='ltr'><strong>aeae</strong></span> <span class='ocrx_word' id='word_1_251' title='bbox 965 3555 1007 3621; x_wconf 82' lang='lat' dir='ltr'><strong>ad</strong></span> <span class='ocrx_word' id='word_1_252' title='bbox 1025 3579 1101 3622; x_wconf 89' lang='lat' dir='ltr'><strong>eum</strong></span> <span class='ocrx_word' id='word_1_253' title='bbox 1116 3572 1286 3625; x_wconf 84' lang='lat' dir='ltr'><strong>converte-</strong></span> 
     </span>
    </p>
   </div>
   <div class='ocr_carea' id='block_1_5' title="bbox 229 3725 1282 3962">
    <p class='ocr_par' dir='ltr' id='par_1_6' title="bbox 229 3725 1282 3962">
     <span class='ocr_line' id='line_1_31' title="bbox 275 3725 1282 3788; baseline 0 -9"><span class='ocrx_word' id='word_1_254' title='bbox 275 3730 286 3764; x_wconf 83' lang='lat'>¹</span> <span class='ocrx_word' id='word_1_255' title='bbox 298 3748 306 3779; x_wconf 93' lang='grc' dir='ltr'>ι</span> <span class='ocrx_word' id='word_1_256' title='bbox 319 3731 376 3779; x_wconf 88' lang='lat' dir='ltr'><strong>Cor.</strong></span> <span class='ocrx_word' id='word_1_257' title='bbox 388 3746 429 3787; x_wconf 85' lang='lat' dir='ltr'><strong>xv,</strong></span> <span class='ocrx_word' id='word_1_258' title='bbox 438 3725 477 3786; x_wconf 75' lang='lat' dir='ltr'><strong>⁵l·</strong></span> <span class='ocrx_word' id='word_1_259' title='bbox 489 3755 520 3765; x_wconf 96' lang='lat'>-</span> <span class='ocrx_word' id='word_1_260' title='bbox 529 3725 540 3758; x_wconf 82' lang='lat'>²</span> <span class='ocrx_word' id='word_1_261' title='bbox 550 3725 596 3775; x_wconf 83' lang='lat' dir='ltr'><strong>Oa.</strong></span> <span class='ocrx_word' id='word_1_262' title='bbox 609 3745 638 3787; x_wconf 91' lang='grc' dir='ltr'><strong>ιι,</strong></span> <span class='ocrx_word' id='word_1_263' title='bbox 650 3725 689 3786; x_wconf 72' lang='lat' dir='ltr'><strong>ol,</strong></span> <span class='ocrx_word' id='word_1_264' title='bbox 700 3735 726 3776; x_wconf 83' lang='lat' dir='ltr'><strong>et</strong></span> <span class='ocrx_word' id='word_1_265' title='bbox 745 3725 819 3775; x_wconf 84' lang='lat' dir='ltr'><strong>Rom.</strong></span> <span class='ocrx_word' id='word_1_266' title='bbox 834 3742 869 3786; x_wconf 84' lang='lat' dir='ltr'><strong>rx,</strong></span> <span class='ocrx_word' id='word_1_267' title='bbox 886 3727 926 3776; x_wconf 79' lang='lat'><strong>25.</strong></span> <span class='ocrx_word' id='word_1_268' title='bbox 940 3725 987 3766; x_wconf 70' lang='lat'><strong>·-³</strong></span> <span class='ocrx_word' id='word_1_269' title='bbox 999 3725 1065 3776; x_wconf 83' lang='lat' dir='ltr'><strong>Esai.</strong></span> <span class='ocrx_word' id='word_1_270' title='bbox 1085 3743 1134 3788; x_wconf 82' lang='lat' dir='ltr'><strong>ur,</strong></span> <span class='ocrx_word' id='word_1_271' title='bbox 1147 3744 1171 3788; x_wconf 90' lang='grc' dir='ltr'><strong>ι,</strong></span> <span class='ocrx_word' id='word_1_272' title='bbox 1189 3739 1216 3778; x_wconf 83' lang='lat' dir='ltr'><strong>et</strong></span> <span class='ocrx_word' id='word_1_273' title='bbox 1228 3729 1282 3779; x_wconf 76' lang='lat' dir='ltr'><strong>Gal.</strong></span> 
     </span>
     <span class='ocr_line' id='line_1_32' title="bbox 243 3807 584 3878; baseline -0.021 -16"><span class='ocrx_word' id='word_1_274' title='bbox 243 3829 280 3875; x_wconf 77' lang='lat' dir='ltr'><strong>rr,</strong></span> <span class='ocrx_word' id='word_1_275' title='bbox 292 3827 331 3878; x_wconf 73' lang='lat'><strong>27.</strong></span> <span class='ocrx_word' id='word_1_276' title='bbox 341 3837 376 3850; x_wconf 89' lang='lat'><strong>·-</strong></span> <span class='ocrx_word' id='word_1_277' title='bbox 386 3810 396 3844; x_wconf 67' lang='lat' dir='ltr'><strong>l</strong></span> <span class='ocrx_word' id='word_1_278' title='bbox 408 3811 482 3860; x_wconf 79' lang='lat' dir='ltr'><strong>Rom.</strong></span> <span class='ocrx_word' id='word_1_279' title='bbox 496 3825 532 3870; x_wconf 79' lang='grc' dir='ltr'>ιιι,</span> <span class='ocrx_word' id='word_1_280' title='bbox 543 3807 584 3856; x_wconf 71' lang='grc'><strong>53.</strong></span> 
     </span>
     <span class='ocr_line' id='line_1_33' title="bbox 229 3897 427 3962; baseline -0.02 -16"><span class='ocrx_word' id='word_1_281' title='bbox 229 3957 230 3962; x_wconf 15' lang='lat'>¹</span> <span class='ocrx_word' id='word_1_282' title='bbox 276 3897 360 3961; x_wconf 72' lang='lat' dir='ltr'><strong>‘Cup</strong></span> <span class='ocrx_word' id='word_1_283' title='bbox 374 3912 427 3943; x_wconf 85' lang='lat' dir='ltr'><strong>rur.</strong></span> 
     </span>
    </p>
   </div>
   <div class='ocr_carea' id='block_1_6' title="bbox 0 0 1374 4632">
    <p class='ocr_par' dir='ltr' id='par_1_7' title="bbox 0 0 1374 4632">
     <span class='ocr_line' id='line_1_34' title="bbox 0 0 1374 4632; baseline 0 0"><span class='ocrx_word' id='word_1_284' title='bbox 0 0 1374 4632; x_wconf 95' lang='lat' dir='ltr'><strong> </strong></span> 
     </span>
    </p>
   </div>
  </div>
 </body>
</html>
