2616 4620
308 203 366 268 roo
646 226 670 268 s.
696 225 723 268 s.
750 226 780 270 rt.
798 224 971 272 nnsormur

301 331 400 400 altero
414 333 527 401 laetam
541 355 621 410 ease,
636 335 745 402 ambos
760 335 929 424 separatim
943 355 1007 399 uon
1019 329 1208 416 tanetum
1241 293 1242 324 l

300 445 416 510 terium
430 444 620 511 monarchiae
633 445 691 512 Dei
705 445 801 512 etiam
815 467 854 510 ex
867 467 903 510 ea
924 467 959 508 re
980 443 1211 512 demorermtnl

299 550 366 618 mul
381 553 477 641 ipsius
499 575 628 618 uxorem
647 551 753 624 fluxile
767 565 861 641 atque
881 563 918 616 ut
939 551 1038 638 major
1055 561 1121 613 asset
1135 547 1185 612 iuter
1196 575 1213 610 e

299 657 524 726 benevolentia.
547 659 632 724 Dixit
653 683 727 748 ergo
748 660 850 727 Adam
869 659 909 725 ad
931 661 1030 726 Ilvam
1044 657 1215 721 :cllocruuu

300 791 364 832 nex
378 771 499 834 ossibus
514 769 603 844 meis,
620 781 652 834 et
667 792 741 835 caro
755 793 793 834 ex
808 791 903 835 carne
918 791 1003 833 mea.
1021 767 1218 831 ‚unumne

300 888 391 944 natus
406 890 454 943 est
469 879 500 944 in
516 879 585 945 haec
600 881 694 944 verba
711 901 721 943 ε
737 877 932 967 «Propterea
950 875 1131 962 derelinquet
1141 874 1220 958 lump

300 1014 313 1048 ι
327 995 408 1052 trem
423 1009 515 1052 sunm
530 999 562 1052 et
577 997 709 1052 matrem
724 999 756 1050 et
771 987 946 1052 adhaerebit
967 985 1057 1050 uxori
1074 1005 1137 1055 sua,
1150 997 1216 1062 eneis.

299 1123 313 1156 ι
328 1095 391 1160 duo
406 1095 439 1160 in
451 1117 580 1161 carnem
592 1118 700 1168 unam:
715 1094 823 1182 »quod
837 1095 942 1183 ipsum
957 1094 994 1158 in
1005 1091 1092 1158 nobis
1100 1089 1223 1178 perleipze„

301 1203 381 1283 Quis
401 1215 450 1270 est
468 1205 554 1270 enim
572 1205 640 1292 qui,
662 1225 737 1270 cum
759 1199 897 1292 legitime
917 1205 1038 1276 nubat,
1060 1222 1117 1264 non
1132 1210 1224 1263 contem

299 1325 422 1402 petrem
436 1325 468 1379 et
483 1325 616 1380 matrem
638 1325 671 1378 et
691 1314 912 1402 cognationem
927 1331 1110 1378 omnemne
1126 1307 1220 1396 propius*

299 1444 423 1497 omnes,
439 1421 600 1487 adhaerens
615 1431 648 1486 et
663 1421 853 1508 conjunctus
867 1421 975 1496 urmri¹
991 1439 1121 1505 eamque
1132 1415 1218 1500 mjro':

300 1530 477 1598 nevolentia
492 1529 729 1620 complectens?
746 1531 835 1602 Unde
857 1531 952 1596 etiam
975 1525 1117 1596 nonnulli
1133 1522 1222 1590 multu*

301 1642 481 1708 discrimino
506 1652 637 1730 propter
656 1663 769 1707 uxores
789 1664 860 1706 suas
882 1639 1016 1705 adeunt.
1045 1635 1176 1717 Quonim
1187 1649 1225 1693 ru:

301 1750 370 1818 haeo
392 1752 456 1817 Eva
476 1751 679 1838 antiquitusa
701 1761 845 1838 serpente
868 1749 1018 1839 decepte,
1042 1759 1076 1813 ct
1096 1745 1165 1831 origo
1179 1761 1218 1826 pet:

301 1859 373 1934 soit,
396 1857 551 1924 malorum
573 1859 718 1924 inventor
740 1859 876 1933 daemon,
898 1858 953 1944 qui
971 1869 1008 1924 et
1031 1855 1149 1922 Salanus
1167 1859 1222 1912 suet*

301 1992 340 2035 ac
354 1981 422 2033 lum
446 1991 516 2034 eam
534 1992 591 2058 per
609 1979 787 2058 serpentem
809 1967 991 2056 alloquutus
1007 1979 1070 2040 est,
1086 1955 1226 2030 haecum:

301 2080 334 2144 in
350 2079 530 2146 hominibus
556 2103 573 2144 e
594 2104 627 2146 se
654 2080 806 2168 correptis
828 2091 989 2167 operatur,
1008 2079 1109 2144 Evam
1124 2079 1187 2136 sont·
1199 2063 1225 2125 ll·

302 2210 378 2255 mon
399 2200 505 2258 autem
532 2211 570 2253 ac
593 2187 689 2252 draco
710 2199 852 2262 vocatur,
881 2209 919 2252 eo
941 2186 1032 2274 quod
1052 2208 1071 2249 o
1094 2183 1153 2248 Deo
1166 2173 1223 2258 ΨΨΨ

301 2295 502 2366 abscesserit3
522 2293 650 2382 angelus
670 2295 756 2358 enim
776 2295 815 2359 ab
835 2293 924 2358 initio
943 2294 1060 2359 luerat.
1082 2292 1128 2358 Ac
1143 2275 1219 2360 eure·

303 2404 375 2468 dom
387 2400 478 2490 longo
491 2414 539 2467 est
555 2404 654 2472 oratio
669 2425 677 2467 ε
696 2414 887 2491 quopropter
901 2402 1169 2490 impraesentiarum
1175 2405 1225 2455 eeu

302 2513 454 2578 suciamus
468 2512 538 2599 ejus
553 2511 598 2576 rei
612 2509 867 2598 explicationem
889 2509 965 2576 alibi
979 2512 1069 2578 enim
1085 2509 1122 2575 de
1135 2499 1225 2580 sole*

303 2621 414 2690 vimus.
873 2605 874 2610 Ψ

345 2731 469 2800 XXIX.
497 2731 578 2798 Cum
602 2733 697 2821 igitur
721 2733 823 2799 Adam
848 2744 1056 2821 cognosceret
1078 2731 1165 2796 Eram
1179 2731 1229 2780 ue*-

303 2863 405 2915 suem‚
429 2841 574 2929 concepit
596 2842 653 2906 ista
674 2851 706 2908 et
729 2839 830 2908 lilium
850 2841 972 2930 peperit
987 2843 1042 2908 cui
1058 2825 1230 2906 nomeulllt'·

303 2949 404 3013 dixit:
424 2949 577 3016 ‹Possedi
600 2948 762 3014 homiuem
782 2972 839 3037 per
858 2949 971 3014 Deum.
990 2977 1004 3012 e
1021 2949 1134 3017 Adhuc
1151 2932 1229 3004 additis

302 3053 437 3124 alterum
451 3071 587 3147 pareret,
600 3059 653 3125 cui
672 3081 788 3124 nomen
806 3057 884 3126 Abel
901 3059 1012 3126 :allio
1028 3057 1122 3147 coepit
1134 3052 1225 3132 esse}li
1241 3141 1242 3146 γ

302 3166 452 3239 sosium3
469 3167 546 3232 Cain
561 3179 666 3232 autem
682 3176 798 3232 terrum
813 3164 945 3232 colebat.
968 3195 981 3230 r
996 3168 1045 3236 Ac
1059 3191 1095 3232 en
1110 3159 1204 3252 quiden
1214 3155 1242 3232 Ψ

303 3274 344 3339 nd
362 3273 430 3340 illos
453 3287 594 3365 spectant
616 3276 784 3364 plurimam
803 3276 922 3342 hubent
941 3273 1136 3349 historiams
1128 3289 1177 3337 mo
1190 3273 1237 3325 narn

303 3384 396 3450 tionis
416 3386 645 3452 oeconomiam.
636 3409 757 3475 .quare
773 3386 912 3452 discendi
932 3389 1064 3476 cupidos
1081 3374 1242 3453 accuratur*

303 3505 364 3567 test
385 3494 425 3559 de
444 3495 504 3560 hac
525 3495 653 3561 historia
673 3493 779 3560 liber'
770 3518 836 3584 ipse
853 3519 907 3584 qur
898 3495 1056 3564 Genesis
1075 3487 1175 3562 mundi
1188 3463 1242 3576 ’ΨΨ

304 3603 402 3678 bitur,
418 3604 561 3673 edocere.
580 3605 734 3670 Satanas
725 3607 821 3694 igitur
837 3617 871 3670 ut
886 3607 1043 3672 Adnmum
1060 3620 1090 3673 et
1109 3582 1242 3667 mosomii

304 3710 382 3775 vidit
396 3736 459 3779 non
470 3714 611 3780 solum
584 3739 699 3791 vivere,
712 3715 767 3780 sed
778 3716 874 3780 otiam
886 3714 1001 3782 liberos
1013 3713 1176 3804 suscepisse,
1169 3703 1242 3780 ‚inlu

305 3820 480 3892 stimulatus
506 3826 593 3913 quod
616 3838 752 3894 mortem
772 3823 831 3894 illis
854 3827 968 3896 inferre
991 3853 1055 3896 non
1073 3818 1237 3918 potuissetis

1215 3669 1242 3751 Ψ
