2648 4634
225 279 288 358 lia
544 303 655 348 saacrr
679 303 794 348 aarum
817 303 877 348 aaa.
903 303 935 347 ra

223 423 256 478 et
271 411 428 486 demesso,
443 421 476 478 et
488 411 521 477 in
536 410 689 478 horreum
703 423 847 500 recepto,
862 422 894 478 et
910 412 1081 501 apportatis
1095 413 1138 478 ah
1156 433 1198 479 ea
1211 411 1263 478 luis
1322 463 1323 480 ,

223 522 279 610 qui
300 520 489 587 fructificare
510 532 656 609 possunt,
679 532 711 586 et
731 521 765 588 in
787 521 874 586 omni
889 520 1010 586 mundo
1030 520 1260 586 disseminatis.

225 625 502 707 Quemadmodum
516 624 624 691 Esaias
645 625 690 692 ait
706 648 715 690 r
729 651 742 686 a
755 621 828 694 Filii
850 624 951 694 Jacob
970 625 1217 714 germinabunt,
1232 639 1267 692 et

224 765 237 799 s
251 736 355 802 floriet
365 733 474 812 lsrael,
484 746 518 800 et
528 733 635 800 fructu
644 736 715 823 ejus
726 733 953 824 adimplebitur
961 736 1105 803 universa
1117 735 1259 800 tem¹.»

223 848 261 913 In
272 846 416 914 universa
426 847 514 914 enim
527 856 612 912 terra
627 845 733 913 fructu
745 847 961 922 disseminato,
974 849 1089 916 merito
1104 847 1265 916 derelicta

223 965 282 1031 est,
299 955 386 1022 etde
402 956 509 1023 medio
528 954 632 1030 ablata
647 967 708 1032 est,
724 978 794 1044 quae
809 953 980 1043 aliquando
995 957 1127 1046 quidem
1144 957 1267 1026 l'rocti-

223 1064 372 1131 licarerat
392 1067 475 1132 bene
500 1063 558 1151 (ex
580 1066 645 1153 ipsa
665 1065 752 1132 cuim
772 1065 949 1132 secundum
964 1087 1094 1132 carnem
1112 1065 1266 1132 cereus

222 1171 432 1240 fructificatur
447 1184 509 1250 est,
524 1185 557 1240 et
571 1172 730 1262 Apostoli)
750 1195 759 1238 ι
777 1195 866 1240 nuuc
880 1185 988 1240 autem
1002 1175 1068 1263 jam
1090 1171 1188 1242 utilis
1204 1200 1266 1243 uon

223 1290 270 1348 est
285 1280 326 1347 ad
346 1280 634 1348 fructificationem.
654 1281 874 1370 Quaecumque
896 1282 982 1350 enim
1005 1283 1192 1372 temporale
1206 1286 1264 1352 iui-

224 1391 305 1458 tium
323 1391 455 1466 habeut,
471 1410 600 1456 necesse
615 1399 663 1454 est
678 1411 714 1456 ea
731 1401 765 1456 et
778 1388 876 1456 finem
890 1389 1007 1456 habere
1031 1389 1259 1480 temporalem.

267 1501 307 1568 ll.
324 1499 482 1580 Quoniam
494 1499 590 1588 igitur
604 1523 622 1563 a
637 1497 745 1586 Moyse
761 1494 827 1565 Lex
840 1497 1013 1576 inchoavit,
1025 1513 1261 1588 consequantu
1322 1553 1323 1570 ,

224 1610 257 1676 in
272 1607 429 1676 Joannem
444 1606 565 1674 desivit.
585 1605 636 1674 Ad
649 1605 867 1697 impletionem
881 1607 951 1696 ejus
965 1607 1141 1674 advenerat
1156 1609 1258 1676 Ciuis

225 1733 276 1786 tus
293 1742 302 1783 z
319 1728 352 1783 et
366 1729 496 1807 propter
511 1716 574 1783 hoc
589 1742 603 1777 a
617 1713 682 1783 Lex
697 1728 729 1781 et
743 1715 909 1806 Prophetae
926 1719 1017 1807 opud
1031 1741 1083 1784 cos
1102 1721 1257 1807 usquead

226 1823 447 1900 »loannem¹;
466 1836 526 1891 aet
545 1822 741 1906 Hierusalem
762 1825 868 1913 itaque
890 1824 1046 1892 inchoans
1061 1849 1079 1891 a
1095 1826 1216 1906 David,
1230 1845 1256 1896 et
1322 1885 1323 1892 ,

227 1935 402 2028 adimplens
419 1948 562 2026 tempora
579 1958 644 2003 aua.
663 1934 917 2025 legisdationem
931 1935 1030 2002 linem
1046 1939 1193 2027 oportuit
1202 1941 1254 2006 lra-
1322 1971 1323 2010 ς

226 2051 315 2124 bore,
332 2047 530 2114 manifestato
546 2069 628 2114 nove
642 2045 855 2113 Testamento.
877 2047 992 2114 Omnia
1008 2048 1096 2114 enim
1111 2073 1250 2116 mensura

226 2168 258 2222 et
273 2157 384 2223 orrline
399 2157 485 2224 Deus
499 2155 587 2233 lacit,
600 2167 633 2223 et
646 2154 725 2222 nihil
741 2179 805 2222 nou
820 2179 965 2222 mensum
980 2157 1069 2246 apud
1082 2181 1169 2237 eum,
1182 2185 1251 2250 quc
1322 2161 1323 2190 ¹

227 2268 313 2334 niem
328 2289 389 2333 nec
403 2266 658 2355 incompositum.
676 2267 718 2333 Et
731 2266 827 2343 hene,
844 2267 897 2356 qui
913 2267 990 2332 dixit
1005 2268 1112 2357 ipsum
1124 2271 1248 2337 immen-
1322 2273 1323 2276 ’

226 2399 297 2443 sum
318 2374 445 2442 Patrem
465 2377 498 2441 iu
517 2374 598 2442 Filio
619 2385 838 2443 mensuratum
855 2400 863 2442 :
880 2399 1027 2444 mensure
1043 2377 1238 2456 ministris,
1322 2413 1323 2430 o

216 2483 336 2560 Filius,
352 2483 504 2574 quoniam
517 2495 550 2548 et
565 2483 651 2573 capit
665 2505 749 2550 eum.
770 2483 931 2563 Quoniam
945 2497 1056 2550 autem
1078 2485 1247 2575 temporalis

227 2607 295 2663 erat
309 2583 436 2661 illorum
451 2591 694 2669 administratio,
710 2593 815 2660 Esaiae
830 2592 921 2658 eitra
937 2592 1182 2684 Derelinquetur
1192 2596 1246 2662 lilia

227 2736 241 2769 s
258 2705 335 2773 Sion
351 2706 432 2772 sicut
455 2689 526 2770 casa
542 2703 575 2769 in
591 2703 694 2782 vinea
710 2715 742 2770 et
756 2701 842 2770 velut
863 2703 1092 2772 custodiarium
1110 2707 1146 2774 in
1160 2729 1246 2776 cuca

228 2812 423 2881 »merario⁸.
444 2811 613 2892 ›Quando
633 2825 740 2878 autem
759 2808 829 2881 haec
843 2811 1129 2902 derelinquentur?
1146 2818 1249 2886 Nonne

228 2947 302 2992 cum
318 2922 439 2990 fructus
454 2921 608 2999 aufertur,
621 2933 657 2988 et
671 2918 930 3012 derelinquentur
944 2923 1017 2991 folia
1030 2925 1098 2993 sola
1112 2929 1249 3018 quaejam

227 3031 420 3100 fructificare
435 3054 500 3098 nou
515 3030 670 3120 possuntt
1322 3025 1323 3042 ³

273 3145 330 3212 lll.
353 3143 393 3209 Et
414 3143 491 3232 quid
513 3141 553 3208 de
573 3143 770 3244 Hierusalem
789 3146 937 3224 dicimus,
953 3149 1213 3239 quandoquidan
1226 3163 1255 3214 ot

229 3254 364 3344 ligurem
375 3251 487 3320 muudi
499 3253 636 3320 universi
646 3267 791 3343 oporteat
801 3258 1172 3346 praeterire,adreniente
1183 3271 1255 3325 tem

229 3389 306 3454 pore
317 3363 536 3453 praeteritionis
545 3365 653 3454 ipsius,
667 3377 703 3430 ut
713 3365 834 3434 fructus
844 3367 975 3456 quidem
986 3369 1019 3436 iu
1030 3369 1185 3438 horreum
1196 3369 1257 3437 col·

230 3473 356 3564 ligatur,
375 3471 471 3563 peleae
486 3483 594 3542 autem
611 3473 770 3546 derelictae
786 3479 1037 3546 comburantur?
1050 3505 1064 3542 s
1080 3479 1157 3546 Dies
1172 3481 1256 3546 enirn

230 3583 399 3660 »Domini
423 3585 513 3675 quasi
534 3583 676 3656 clibanus
697 3587 810 3654 ardens
828 3609 836 3652 ε
856 3600 890 3654 et
911 3601 1004 3656 erunt
1018 3589 1134 3678 stipula
1148 3615 1256 3658 omnes

230 3725 243 3758 s
257 3705 452 3782 peccatores,
468 3694 522 3783 qui
543 3693 662 3762 faciunt
676 3695 806 3783 injusta,
822 3708 856 3762 et
870 3697 1038 3764 comburet
1051 3717 1107 3764 eos
1121 3697 1188 3764 dies
1203 3721 1254 3764 ve-

232 3834 246 3871 s
260 3806 350 3873 niens
359 3803 381 3873 ⁸.
400 3833 413 3869 s
429 3805 509 3887 Quis
523 3817 570 3874 est
585 3818 693 3872 autem
708 3806 763 3876 hic
777 3806 944 3884 Dominus,
960 3807 1013 3898 qui
1027 3805 1125 3877 utem
1136 3808 1254 3898 impor-

264 3935 348 3988 tussi.
360 3951 437 3998 xxvia,
446 3939 471 3988 6.
480 3965 509 3978 -·
519 3935 598 3988 ²lauc.
609 3953 660 3999 arr,
674 3935 765 3988 16.-⁸
774 3939 842 3994 llari.
855 3957 873 4002 r,
884 3941 908 3990 8.
919 3967 950 3980 -
960 3939 1087 3992 turneb,
1097 3955 1131 3997 aa,
1148 3957 1170 3990 a.
