2492 4632
359 319 481 368 cottae
506 319 656 365 HAERESES.

372 521 526 592 CAPUT
549 521 645 592 XVI.

31 717 299 790 circumcisionis,
319 739 368 776 nec
387 717 511 777 alt'arum
529 718 753 777 ceremoniarum
773 715 907 794 legalium
927 717 1029 774 ot'rtnte

13 813 159 874 »ilatum
171 838 231 876 esse
240 813 560 900 perficetamjustitrhms
574 829 657 890 atque
667 815 801 895 abrogata
811 813 871 873 lure
884 837 902 873 a
916 813 1027 875 Christo

12 915 100 972 risse
108 960 122 986 ,
141 917 253 996 arpenn
266 937 382 990 semper,
402 918 455 974 ιἰιιο
474 915 668 990 invalescente,
684 937 742 994 qna
762 936 905 993 nunqnam
918 935 971 975 non
991 936 1030 975 a·

12 1013 238 1096 rictifisarnnt
249 1014 370 1074 bannitae
376 1061 387 1089 ,
402 1015 545 1096 Decologi
557 1015 624 1095 lege.

12 1245 29 1261 ,.
46 1195 234 1277 Quoniam
245 1209 353 1266 autem
364 1211 397 1265 et
409 1199 686 1267 circumcisionem
705 1221 769 1265 non
782 1200 869 1287 quasi
882 1218 1031 1266 consum·

12 1306 159 1372 tricem
173 1306 314 1395 justitie,
330 1307 430 1374 sedin
446 1308 536 1396 signo
550 1330 624 1373 eam
639 1305 728 1373 dedit
741 1307 826 1373 Deus
843 1319 878 1373 ut
896 1329 1027 1397 cognos—

11 1413 65 1479 dle
81 1427 276 1504 perseveret
288 1437 387 1506 mnus
398 1416 548 1492 Abrahae,
560 1437 599 1482 ex
607 1417 672 1505 ipsa
684 1415 854 1504 Scriptura
862 1418 1023 1484 discimus.

11 1523 103 1590 Jixit
122 1525 258 1600 iterum,
275 1524 727 1612 inquit,1)eusadhbraham
745 1547 753 1590 τ
772 1523 1028 1593 Circumcidetur

11 1653 105 1696 smne
120 1630 339 1698 masculinum
351 1642 505 1708 vestrum,
517 1645 550 1699 et
561 1632 796 1699 circumcidetis
808 1655 939 1702 carnem
948 1655 1027 1723 prm·

11 1741 88 1806 sutii
108 1740 224 1816 vestri,
240 1741 272 1806 in
291 1741 382 1829 signo
399 1741 580 1807 testamenti
600 1741 751 1807 interme
769 1753 801 1808 et
822 1741 907 1806 vos¹.
928 1743 1027 1810 »Hoc

10 1873 64 1914 em
81 1850 130 1916 de
148 1850 288 1916 sabbatis
306 1849 454 1918 Ezechiel
468 1850 623 1941 propheta
638 1851 683 1917 ait
700 1873 707 1915 ι
727 1877 740 1912 a
754 1853 795 1918 Et
810 1853 940 1920 sabbata
956 1873 1027 1920 mea

10 1959 85 2026 dedi
100 1959 168 2036 eis,
185 1970 219 2026 ut
235 1959 297 2026 sint
313 1959 346 2026 in
362 1959 451 2050 signo
466 1961 663 2026 intermeat
678 1960 775 2051 ipsos,
789 1972 825 2026 ut
840 1961 941 2028 sciant
951 1984 1029 2051 quo·

12 2067 100 2136 niam
128 2091 191 2159 ego
212 2069 380 2145 Dominus,
407 2069 461 2158 qui
487 2068 652 2137 sanctifico
672 2068 757 2136 eos’.
783 2069 849 2134 »Et
869 2071 903 2136 in
918 2069 1029 2136 Exodo

12 2199 70 2242 eus
86 2177 135 2243 ait
151 2176 195 2241 ad
208 2176 351 2265 bloysem
367 2198 376 2242 ι
390 2203 403 2237 ι
417 2177 458 2242 Et
473 2177 604 2271 subbata
621 2199 691 2244 mea
713 2178 922 2244 observabitis
941 2203 949 2244 ι
969 2179 1030 2246 erit

10 2286 102 2352 enim
119 2287 247 2376 signum
260 2287 347 2375 apud
366 2308 418 2352 me
441 2285 530 2352 robis
549 2285 582 2350 in
604 2287 821 2375 generationes
841 2285 987 2354 restras⁸.
1007 2314 1021 2350 s

9 2419 24 2460 n
50 2395 144 2485 signo
167 2417 242 2484 ergo
268 2395 340 2462 data
363 2407 438 2462 sunt
464 2395 534 2461 haec
551 2418 566 2482 ¹t
589 2417 655 2461 non
676 2407 783 2461 autem
798 2396 866 2462 sine
881 2395 1028 2485 symbolo

11 2516 85 2569 rant
101 2504 199 2594 signa,
215 2505 248 2570 id
264 2517 324 2581 est,
337 2506 404 2571 siue
418 2517 619 2594 argumento,
636 2527 738 2594 neque
750 2507 864 2582 otiosa,
876 2516 1029 2594 tanquam

9 2635 69 2700 puae
91 2637 110 2679 a
131 2615 266 2704 sapiente
284 2615 405 2682 artifice
430 2615 596 2688 darentur-3
622 2616 677 2682 sed
700 2615 877 2682 secundum
899 2635 1029 2681 carnem

9 2723 196 2792 :ircumoisio
217 2724 493 2792 circumcisionem
516 2723 715 2813 significabat
739 2720 944 2810 spiritualem.
978 2723 1030 2787 Et·

9 2831 103 2897 enim«
117 2855 188 2910 nos,
204 2834 249 2898 ait
263 2831 445 2923 Apostolus,
463 2831 643 2897 circumcisi
658 2851 767 2896 sumus
786 2828 1031 2895 circumcisione

24 2961 86 3006 non
102 2940 282 3008 manufacta
294 2941 317 3006 ⁴.
337 2943 403 3008 »Et
418 2939 575 3029 Propheta
592 2939 636 3004 ait
654 2961 662 3002 ι
677 2965 690 2998 ι
706 2937 932 3004 circumcidite
947 2937 1031 3004 duri·

9 3049 101 3114 ·tism
117 3050 224 3117 cordis
243 3051 337 3118 vestri
345 3049 368 3116 ⁶.
387 3048 555 3116 »Sabbata
578 3059 686 3114 autem
703 3045 969 3134 perseverantiam
986 3056 1032 3112 to·

9 3157 58 3224 tius
77 3159 140 3226 diei
160 3183 234 3250 erga
260 3159 364 3228 Deum
391 3158 608 3224 deservitionis
633 3156 852 3224 edocebant«
873 3153 1031 3222 AEstimati

9 3269 110 3334 ·enim
125 3291 248 3348 snmus,
265 3271 310 3337 ait
324 3265 494 3359 Apostolus
509 3266 638 3344 Paulus,
655 3278 722 3333 tota
738 3267 789 3332 die
806 3278 840 3332 ut
859 3289 933 3332 oves
949 3266 1033 3333 occi·

9 3377 163 3452 satanins
180 3377 328 3447 »scilicet
346 3377 536 3454 consecrati,
555 3389 587 3442 et
602 3378 816 3444 ministrantes
838 3377 925 3442 omni
948 3389 1032 3444 tem-

9 3507 74 3570 poro
99 3485 174 3554 fidei
196 3500 326 3565 nostre,
347 3499 380 3554 at
402 3497 639 3576 perseverantes
654 3487 697 3562 oi,
718 3497 750 3552 ot
773 3486 968 3553 abstinentes
991 3487 1031 3554 ab

9 3595 85 3661 omni
105 3597 247 3674 avaritia,
271 3620 336 3666 non
354 3597 554 3686 acquirentes
577 3619 637 3663 nec
652 3596 847 3685 possidentes
865 3594 1033 3663 thesauros

9 3701 34 3766 in
50 3715 142 3772 terra.
159 3705 420 3775 blanilostnbatur
430 3719 537 3772 autem
548 3717 580 3772 et
593 3718 743 3795 tanquam
757 3706 796 3772 de
810 3727 847 3770 ea
862 3727 934 3794 quse
949 3705 1030 3772 iactu

38 3855 117 3906 ¹Gen.
131 3867 340 3924 trsr,9etseqq.
350 3883 381 3896 -
393 3854 404 3889 ²
414 3855 503 3905 Erech.
517 3869 559 3914 u,
574 3853 898 3915 ss.-⁸F.xod.uxs,11.
918 3879 949 3894 -
965 3853 1035 3903 *οο-

11 3935 62 3988 loss.
74 3959 105 4000 n,
118 3956 154 3990 ιι.
164 3969 195 3980 -
205 3941 214 3973 ⁵
226 3941 301 3992 Dent.
314 3956 340 4000 x,
354 3937 540 3989 16.-⁸1t0m.
557 3953 611 3996 ιιιι,
624 3937 663 3985 56.
