2648 4598
159 268 367 314 RTRRRRGORAE
384 271 423 313 Μ
440 268 690 314 RESURRECTIONE
704 269 906 324 nutabundis..
991 271 1028 334 91

20 399 144 466 semper
153 377 335 443 exordiendi
350 375 504 441 rationem
514 375 648 441 retinere
657 373 837 452 rideantur,
849 375 1036 441 couvenien-

19 485 96 551 tium
122 485 278 576 negligere
301 497 333 554 et
356 483 461 550 locum
485 484 659 572 quibusque
681 485 774 550 rebus
797 495 1030 572 congruentem.

20 591 184 670 Quantum
198 594 282 659 enim
297 592 339 658 ad
348 590 645 657 demonstrationem
657 601 689 655 et
704 590 876 656 naturalem
891 591 1033 656 ordinem

20 710 154 788 spectat,
177 698 296 789 priores
315 709 388 764 sunt
407 720 530 786 semper
547 718 706 764 sermones
723 697 763 764 de
782 698 912 763 veritate
926 697 963 762 iis
979 695 1033 784 qui

20 831 77 895 pro
93 809 237 882 veritates
260 820 412 898 quantum
427 819 532 873 autem
547 805 587 870 ad
601 807 753 894 mojorem
765 806 941 881 utilitatem,
959 829 1032 872 con·

20 939 106 982 versa
126 918 257 994 ratione,
274 916 333 984 illis
353 917 403 984 isti
421 927 553 1005 praeunt.
578 916 685 1004 Neque
699 916 784 983 enim
803 927 894 982 terrae
914 916 1031 982 semina

20 1025 241 1091 convenienter
256 1024 391 1115 agricola
405 1025 554 1091 mundare
565 1025 674 1114 possit,
687 1025 746 1090 nisi
762 1025 846 1113 prius
861 1023 1032 1090 silvestrem

20 1135 182 1199 materiam
198 1157 235 1200 ac
249 1135 339 1201 bonis
351 1135 521 1202 seminibus
536 1145 703 1201 nocentem
718 1132 879 1206 evulserit;
895 1155 953 1198 nec
966 1155 1031 1198 mea

20 1241 108 1308 dicus
124 1241 258 1308 salutare
274 1244 478 1331 pharmacum
494 1255 611 1333 aegroto
628 1243 753 1334 corpori
770 1243 856 1317 dare,
872 1242 930 1306 nisi
946 1242 1031 1329 prius

20 1349 205 1415 residentem
220 1351 419 1416 vitiositatem
437 1362 599 1450 expurget,
613 1361 667 1416 uut
681 1350 854 1415 irruentem
871 1347 1026 1415 cohibeat.

20 1456 70 1522 iic
85 1458 137 1544 qui
153 1458 314 1523 veritatem
332 1457 446 1524 docere
463 1457 542 1534 vult,
562 1457 721 1524 neminem
737 1457 833 1545 possit
848 1456 887 1521 de
902 1455 1030 1521 veritate

20 1564 168 1631 disserens
190 1565 315 1642 docere,
337 1564 537 1631 delitescente
560 1565 592 1629 in
613 1565 807 1630 audientium
828 1563 933 1628 animo
955 1559 1029 1626 laisa

20 1671 116 1759 rliqua
135 1674 280 1761 opinione
295 1683 327 1738 et
343 1673 378 1738 iis
394 1695 463 1761 quae
479 1672 628 1738 dicuntur
643 1673 797 1736 obstante.
814 1670 1030 1750 Quamobrem

20 1805 71 1846 ros
83 1805 207 1870 quoque
219 1783 259 1846 ad
270 1782 303 1846 id
314 1781 399 1868 quod
409 1766 514 1846 utilius
524 1790 572 1846 est
582 1781 795 1867 respicientes,
804 1798 1029 1865 nonnunquam

20 1912 173 1956 sermones
192 1912 250 1976 pro
270 1890 400 1955 veritate
419 1889 454 1953 iis
470 1911 539 1975 quse
559 1889 599 1953 de
613 1889 742 1954 veritate
757 1888 926 1962 habentur,
947 1909 1029 1973 prae-

20 1999 173 2085 ¹sonimuss
196 1997 290 2084 idque
310 2021 395 2063 nunc
416 1999 457 2061 ita
481 1996 583 2062 iacere
604 1996 636 2062 in
661 1997 722 2063 huc
743 1997 783 2062 de
802 1996 1029 2062 resurrectione

20 2107 255 2172 ›ertractutione
270 2129 335 2171 non
349 2104 471 2180 inutile,
489 2105 564 2191 quid
579 2104 688 2171 doceat
704 2101 927 2193 spectantibus,
944 2103 1028 2168 vido·

20 2238 74 2278 ;ur.
92 2213 171 2279 Nam
182 2214 243 2280 buc
258 2213 354 2280 etium
368 2215 401 2278 in
415 2237 448 2279 re
463 2212 539 2279 ulios
554 2214 725 2301 reperimus
736 2213 864 2278 omnino
875 2211 1025 2278 incredu-

21 2344 70 2396 os,
93 2321 259 2402 nonnullos
282 2322 472 2398 dubitantes,
491 2334 584 2409 utque
604 2319 718 2386 exiliis
739 2321 834 2386 etium
852 2319 905 2408 qui
924 2319 1023 2408 prims

20 2430 162 2518 ›sincipia
177 2442 393 2519 susceperunt,
409 2429 560 2519 quosdam
576 2452 639 2495 uon
657 2429 760 2494 minus
774 2428 871 2494 animi
887 2429 1024 2494 incertos

20 2564 106 2626 quum
121 2540 175 2626 qui
191 2541 335 2620 dubitent
347 2564 356 2605 :
370 2541 516 2628 quodque
533 2540 673 2606 omnium
690 2538 948 2606 absurdissimum
962 2547 1021 2609 est,

20 2660 50 2711 ta
64 2649 169 2715 animo
180 2648 283 2716 uiiecti
298 2662 382 2726 sunt,
395 2650 535 2738 quamvis
547 2649 664 2716 nullum
682 2672 809 2738 prorsus
824 2671 863 2713 ex
881 2647 954 2734 ipsis
972 2669 1024 2710 re-

20 2780 68 2820 tus
78 2780 186 2822 ensem
197 2757 333 2824 habeant
343 2758 383 2822 ad
395 2755 657 2833 incredulitatem,
669 2779 729 2822 nec
741 2777 868 2822 causum
879 2754 1023 2842 probabi-

20 2889 70 2930 em
81 2864 192 2932 afferre
211 2868 330 2954 possint
345 2890 402 2934 cur
413 2889 477 2932 non
489 2867 631 2941 credunt,
643 2877 697 2932 uut
709 2888 766 2931 cur
781 2864 934 2929 dubitent.

50 2975 90 3038 ll.
111 2973 164 3040 Sic
178 2988 282 3040 autem
304 2974 547 3046 consideremus,
566 2975 600 3040 Si
620 2997 684 3040 nou
705 2974 805 3039 omnis
820 2970 1020 3039 incredulitas

20 3103 126 3144 emere
141 3092 172 3145 et
187 3104 225 3146 ex
238 3081 465 3148 inconsiderata
481 3081 640 3170 opinione,
656 3082 712 3147 sed
726 3103 799 3148 cum
817 3082 902 3171 gravi
917 3081 1019 3168 aliqua

20 3210 100 3250 :ausa
111 3196 143 3250 et
154 3197 220 3251 tuta
232 3187 265 3252 iu
279 3187 464 3274 inquirendo
476 3211 549 3254 vero
565 3188 721 3278 diligentie
737 3189 893 3256 nonnullis
908 3190 1020 3255 insidet

28 3306 106 3359 tunc
125 3293 210 3360 enim
231 3295 347 3382 justum
366 3296 461 3362 babet
480 3299 645 3375 rationem,
667 3321 742 3365 cum
762 3321 830 3364 rem
852 3299 903 3364 cui
922 3297 1019 3364 iidem

20 3403 168 3492 lemgum,
191 3403 406 3471 incredibilem
426 3430 493 3473 esse
506 3420 606 3496 petet3
624 3407 707 3475 nolle
725 3409 811 3474 enim
825 3431 875 3474 res
889 3432 953 3474 nou
968 3409 1018 3474 in-

20 3511 169 3578 redibiles
183 3514 313 3581 credere
326 3515 492 3583 bominum
505 3529 553 3583 est
566 3519 670 3584 minus
684 3540 760 3584 suno
775 3518 815 3584 de
826 3517 955 3583 veritate
971 3518 1017 3605 ju-

20 3621 88 3685 licio
99 3623 286 3711 utentium);
302 3625 528 3714 oportetigitur
541 3637 616 3692 utet
627 3627 680 3715 qui
691 3626 910 3693 resurrectioni
922 3623 1017 3692 iidem

20 3731 166 3818 lerogant,
182 3743 237 3797 aut
258 3730 298 3797 d'e
318 3755 355 3798 eu
376 3732 534 3810 dubitant,
558 3735 579 3800 ii
599 3758 664 3802 non
680 3736 721 3802 ad
743 3736 776 3801 id
796 3734 881 3823 quod
899 3748 1016 3800 temere

20 3835 75 3920 psis
89 3835 224 3914 ridetur,
235 3851 289 3906 aut
304 3841 391 3928 quod
403 3841 584 3912 bominibus
600 3844 878 3933 intemperantibus
892 3855 1017 3934 gratum
