2640 4622
229 327 377 370 nraxoccs
402 327 462 370 cun
486 328 651 371 rarrnons
672 327 785 370 suono.
959 310 1036 386 451·
1085 353 1088 362 ι

9 453 65 492 nas
77 441 205 517 propter
217 453 332 498 nomen
344 416 503 520 praecieroe
520 432 601 498 iilius
613 445 727 520 petrea,
745 457 814 520 quae
826 444 859 497 et
871 435 902 498 in
914 457 1024 498 eorum

7 538 90 602 ordo
102 539 155 624 qui
171 561 229 626 per
244 541 348 627 ipsum
364 539 498 630 diligunt
513 541 638 606 Patrem
660 543 889 617 universorum,
907 565 1020 630 aquam

14 647 97 710 ivam
108 647 237 721 emittit,
254 659 286 712 et
302 671 356 712 eos
367 661 458 734 potet
471 649 524 736 qui
536 671 651 734 aquam
662 649 732 714 vitae
744 651 863 715 sitiunt.
878 649 943 715 Sed
954 649 1023 714 hoec

2 754 130 818 ¹licente
142 777 193 820 rne
205 777 270 820 non
282 755 462 844 intelligitis.
479 757 558 823 Nam
571 779 676 822 necea
689 757 859 848 intelligitis
876 781 947 846 quae
965 757 1027 822 sec-

2 883 105 926 urum
116 883 184 928 esse
196 863 358 930 Christum
370 865 536 952 Prophetas
546 865 769 952 praedixerunt,
782 888 841 932 nec
853 867 957 942 nobis,
971 866 1024 952 qui

2 991 51 1031 xos
70 968 110 1031 ed
130 968 308 1056 Scripturas
326 957 526 1045 adducimus,
548 972 686 1036 creditis.
708 973 859 1037 deremins
877 975 961 1040 enim
980 974 1022 1037 ita

14 1073 112 1138 lamet
126 1097 134 1138 :
152 1074 230 1140 «Vm
242 1078 346 1142 robis}
360 1079 432 1164 quia
445 1076 654 1164 dereliquistis
668 1076 785 1141 iontem
798 1078 915 1153 vivum,
931 1092 963 1143 et
974 1077 1024 1142 fo·
1111 1158 1112 1162 Ἰ

21 1182 110 1246 distis
127 1183 215 1247 vobis
231 1182 382 1250 cisternas
400 1183 575 1271 dissipatas,
593 1205 662 1270 quae
678 1207 742 1248 non
759 1197 907 1271 poterunt
921 1188 1024 1250 conti-

2 1355 3 1358 ,
19 1313 97 1354 uere
110 1290 255 1376 aquam'.
276 1291 358 1356 Num
374 1290 511 1356 solitudo
524 1291 583 1354 erit
597 1291 650 1356 ubi
663 1303 711 1354 est
723 1313 814 1356 mons
827 1289 902 1357 Sion
917 1313 924 1355 ι
943 1315 1018 1378 quo-

19 1399 107 1460 niam
124 1396 299 1462 Jerusalem
315 1397 456 1462 libellum
473 1397 596 1484 repudii
617 1396 688 1460 dedi
709 1397 741 1461 in
762 1409 934 1485 conspectu
952 1421 1022 1463 ves-

6 1517 70 1581 il'o
81 1504 138 1566 Ψ»

35 1611 135 1677 CXV.
157 1611 219 1676 Sed
237 1611 397 1678 Zachariae
414 1612 530 1680 cta-isti
552 1612 738 1698 mysterium
759 1611 791 1674 in
807 1609 956 1697 parabola
977 1633 1024 1674 os

2 1717 135 1780 ¹sndonti
146 1729 305 1781 etarcane
320 1717 503 1806 praedicanti
520 1716 651 1782 credere
669 1715 799 1780 debetis.
820 1715 901 1780 Sunt
915 1727 1021 1780 nutem

14 1847 61 1888 nc
79 1823 162 1888 iliius
182 1826 276 1890 verba
294 1847 302 1887 ι
327 1824 461 1888 ‹Gaude
476 1836 509 1887 et
523 1823 641 1896 iactare,
659 1821 722 1886 fitia
742 1822 842 1887 Sion:
857 1823 928 1909 quia
947 1845 1022 1888 ecce

2 1957 81 2020 ego
101 1933 204 2005 venio,-
224 1943 257 1996 et
271 1933 424 1997 *habitabo
445 1932 476 1994 in
499 1931 603 1994 medio
622 1932 681 2004 tui,
700 1931 776 1994 dicit
791 1930 943 1995 Dominus
959 1921 978 1994 :⁵⁸
990 1944 1023 1996 et

2 2041 271 2129 ¹applicabuntur
289 2050 397 2126 gentes
415 2037 522 2102 multae
546 2040 587 2103 ad
604 2037 775 2102 Dominum
791 2039 823 2102 in
837 2023 887 2102 die
906 2038 972 2115 illo,
989 2053 1022 2104 et

2 2161 117 2242 ,ierunt
133 2149 211 2214 mihi
228 2149 259 2212 iu
275 2147 428 2238 populum
444 2171 452 2210 τ
469 2159 501 2212 et
516 2147 667 2212 habitabo
684 2148 715 2210 in
731 2147 836 2211 medio
853 2149 910 2222 tui,
925 2161 958 2212 et
970 2172 1022 2214 co·

2 2269 187 2345 'gnoscenn
197 2256 277 2342 quia
292 2257 446 2319 Dominus
460 2254 612 2318 virtutum
627 2254 712 2318 misit
727 2276 778 2318 me
789 2255 829 2317 ad
840 2265 882 2317 te.
902 2255 941 2318 Et
951 2278 1021 2342 pos-

13 2365 137 2429 sideltit
153 2364 307 2428 Dominus
322 2361 452 2434 dudam,
469 2373 501 2424 et
518 2373 640 2446 partem
652 2381 741 2424 suam
757 2361 789 2423 in
806 2371 888 2423 terra
900 2372 1019 2436 sancte,

2 2457 49 2548 [et
62 2469 158 2557 eliget
173 2469 278 2534 adhuc
289 2466 476 2532 Jerusalem.
496 2465 619 2531 Timeat
632 2467 734 2530 omnis
746 2488 820 2530 caro
831 2488 849 2529 n
861 2464 940 2532 sacie
953 2468 1020 2531 Do-

4 2561 100 2642 ¹mini
114 2599 122 2638 :
141 2576 290 2664 quoniam
301 2574 436 2640 surrexit
448 2575 487 2638 dc
500 2574 636 2638 nubibus
648 2555 763 2638 sanctis
776 2574 849 2638 suis.
866 2575 906 2638 Et
917 2585 1023 2639 osten-

2 2675 47 2748 'di
52 2695 65 2748 t
77 2683 156 2748 mihi
167 2684 277 2748 desum
286 2683 491 2750 Sacerdotem
503 2692 811 2770 magnummontem
823 2691 897 2745 ante
908 2681 1019 2746 saniem

9 2790 145 2880 angeli:
162 2803 195 2854 et
209 2790 352 2858 diabolus
369 2793 505 2856 stabnt‘a
521 2790 637 2854 dextris
652 2791 733 2875 eius,
752 2798 786 2853 ut
802 2789 1021 2852 adversaretur

8 2902 55 2963 ei.
79 2899 120 2962 Et
135 2899 212 2964 dixit
228 2901 381 2964 Dominus
396 2897 437 2962 ad
453 2896 636 2962 diabolum:
656 2898 803 2981 increpet
818 2894 972 2960 Dominus
988 2896 1020 2959 in

12 3021 64 3079 te,
80 3006 135 3091 qui
146 3005 240 3093 elegit
250 3004 436 3070 Jerusalem.
453 3003 565 3070 Nonne
576 3025 653 3067 ecce
664 3002 726 3066 hoc
738 3001 831 3064 torris
843 3014 889 3066 est
898 3015 1022 3067 erectus

12 3117 60 3176 de
76 3112 166 3197 igne³
176 3112 214 3174 i»
230 3113 310 3176 Cum
321 3097 452 3200 Tappho
468 3111 658 3198 respondere
673 3109 794 3173 etmihi
806 3111 1021 3176 contradicere

5 3230 140 3290 araret3
159 3219 209 3283 sac
224 3222 374 3306 primum,
388 3223 529 3308 inquam,
545 3229 706 3306 exspectes
721 3228 753 3280 et
767 3219 875 3281 audies
890 3219 966 3305 quid
978 3221 1025 3283 di-

1 3351 79 3394 um.
104 3327 213 3412 Neque
232 3329 316 3390 enim
333 3351 427 3412 quom
444 3328 609 3413 suspicaris
628 3325 853 3413 expositionem
872 3325 1023 3391 allaturus

1 3462 79 3508 um,
99 3445 134 3497 ut
154 3431 277 3498 nulium
299 3433 494 3498 sacerdotem
512 3435 587 3499 deso
608 3435 736 3498 nomine
759 3435 790 3498 iu
812 3445 893 3498 terra
914 3435 1022 3521 Baby-

2 3543 171 3626 ›nia,·ubi
194 3541 330 3630 populus
351 3553 453 3605 vester
470 3543 612 3629 captivus
633 3553 713 3616 erat,
733 3541 870 3606 extitisse
893 3541 1007 3608 dicum.

1 3653 92 3734 ¹tuod
118 3650 248 3738 quidem
275 3652 300 3715 si
327 3650 476 3724 iacerem,
504 3650 752 3714 demonstrarem
785 3650 926 3714 sutorum
955 3673 1019 3716 non

1 3767 102 3833 aisse,
123 3761 147 3824 si
168 3761 260 3825 Jesus
279 3758 426 3826 sacerdos
447 3759 478 3823 iu
498 3769 601 3824 restro
620 3781 734 3846 genere
754 3759 872 3832 suisset,
895 3771 928 3823 nt
946 3782 1020 3825 eum

18 3889 26 3921 ¹
43 3889 146 3934 dorem.
160 3904 188 3944 ιι,
203 3889 240 3934 13.
251 3885 406 3934 Aternia.
420 3903 456 3941 ιιι,
466 3885 488 3933 8.
505 3911 534 3920 -
546 3883 554 3914 ³
567 3883 643 3932 chb.
657 3901 684 3940 ιι,
698 3883 734 3932 18.
