2772 4620
413 236 566 278 arenosis
590 233 741 276 secunus.
1030 208 1091 291 ⁹75

33 344 145 406 nitus
168 345 221 418 sit,
245 342 368 408 nullum
390 365 519 430 prorsus
538 341 675 406 inditum
696 351 753 404 est.
779 337 994 422 Quocumque
1009 335 1095 400 enim

35 453 194 518 nomino
205 451 394 541 appelletur,
411 451 624 538 antiquiorem
641 449 740 512 babet
754 469 829 512 eunt
843 446 899 532 qui
912 451 1028 510 nomen
1041 444 1098 508 im·

38 561 179 646 posuit.
198 561 275 627 llaec
289 573 412 635 antem,
427 560 533 632 Pater,
549 559 648 629 Deus,
668 555 835 628 Conditor,
853 555 1022 629 Dominus,
1038 554 1100 620 tta-

41 692 128 740 rus,
147 692 216 734 non
232 683 307 736 sunt
321 670 462 743 nomina,
482 669 538 734 sed
552 691 592 732 ex
605 665 766 732 boneficiis
781 678 813 729 et
828 665 978 750 operibus
993 661 1099 751 appel·

44 775 213 842 lotiones.
235 778 314 864 Ejus
329 790 434 845 autem
449 775 559 850 Filius,
579 774 633 862 qui
652 772 736 838 solus
756 772 884 860 proprie
903 770 1002 838 Filius
1017 771 1100 836 dici-

50 895 132 958 tur,
158 881 303 948 Verbum
322 895 489 970 antequam
511 880 648 948 mundus
671 893 845 954 crearetur,
869 880 955 966 quod
980 891 1012 944 et
1034 899 1097 942 nna

55 1013 145 1054 cum
162 1013 202 1055 eo
218 993 326 1060 aderat
340 1005 372 1058 et
389 994 529 1081 genitum
546 1003 605 1066 est,
630 1013 705 1056 cum
724 1013 781 1078 per
795 987 873 1054 illud
888 990 976 1056 initio
991 988 1097 1053 omnia

57 1099 214 1164 condidit
233 1113 266 1164 et
286 1102 425 1175 ornavitr
447 1103 511 1175 bic,
533 1102 674 1188 inquam,
695 1097 807 1174 Filius,
827 1098 967 1186 eoquod
982 1111 1097 1163 unctus

58 1209 105 1273 sit
127 1218 161 1272 et
184 1229 241 1294 per
263 1231 337 1274 eum
358 1209 444 1276 Deus
465 1211 570 1276 omnio
591 1210 762 1284 ornaverit,
788 1207 933 1272 Christus
948 1216 1095 1278 vocatura

61 1340 132 1403 quo
149 1317 325 1405 quidemst
340 1319 407 1404 ipso
423 1319 550 1384 nominc
565 1339 616 1382 res
633 1315 831 1404 significatur
846 1315 1075 1404 indeprehensa
1088 1337 1096 1377 ε

63 1425 340 1512 quemadmodum
351 1426 411 1492 Dei
428 1424 597 1514 appellatio
612 1447 679 1489 non
695 1447 812 1492 nomen
827 1436 888 1498 est,
905 1424 962 1488 sed
977 1424 1023 1487 rei
1038 1445 1102 1488 non

64 1531 254 1600 enarrabilia
270 1534 360 1600 insita
375 1543 497 1598 naturae
509 1533 679 1599 bominum
693 1532 811 1620 opinio.
836 1531 929 1595 Jesus
948 1541 1055 1594 autem
1071 1540 1103 1593 et

66 1639 208 1706 hominis
222 1651 256 1705 et
271 1639 432 1706 salvatoris
444 1662 564 1706 nomen
574 1652 606 1704 et
618 1638 882 1727 significationem
896 1639 1003 1702 hebet.
1024 1637 1103 1702 Nam

67 1760 101 1812 et
117 1749 215 1817 bomo
231 1749 333 1814 sactus
352 1761 412 1824 est,
430 1761 466 1812 ut
480 1760 572 1814 antea
588 1749 738 1820 diximus,
753 1749 793 1812 de
808 1747 868 1812 Dei
885 1759 918 1812 et
932 1746 1032 1812 Patris
1048 1769 1105 1810 vo*-

68 1856 197 1924 luntate
210 1867 306 1943 partu
320 1854 424 1920 editus
442 1877 501 1942 pro
519 1855 723 1920 credentibus
738 1855 920 1919 hominibus
934 1867 967 1920 et
982 1855 1023 1920 ad
1038 1855 1102 1920 dm-

71 1983 210 2030 monum
229 1961 435 2029 eversionem.
460 1960 498 2026 ld
518 1959 661 2047 proiecto
683 1985 722 2027 ex
742 1962 790 2026 bis
810 1985 881 2050 qrrae
905 1963 937 2028 in
960 1965 1103 2029 omnium
1148 2019 1150 2024 .

73 2069 177 2138 oculis
192 2080 357 2158 geruntur,
370 2070 549 2156 perspicere
563 2069 703 2156 potestis.
721 2067 875 2135 Plurimos
890 2071 976 2136 enim
987 2071 1102 2136 daemo-

74 2181 136 2246 niis
151 2179 283 2267 agitatos
300 2177 335 2246 in
349 2188 416 2244 toto
431 2179 508 2249 orbe
528 2190 560 2243 et
577 2178 609 2244 in
629 2179 708 2243 urbe
728 2187 841 2254 vestra,
862 2176 954 2244 multi
973 2203 1012 2244 ox
1026 2202 1101 2246 nos--

73 2288 131 2354 tris
147 2287 343 2360 Christianis,
366 2308 440 2351 cum
459 2308 518 2372 per
538 2307 654 2352 noman
675 2285 751 2351 «lesu
771 2285 889 2352 Christi
909 2289 967 2352 sub
986 2287 1100 2354 Pontio

75 2395 173 2460 Pilato
187 2392 330 2462 crucifixi
346 2393 542 2482 adjurarent,
558 2395 598 2460 ab
614 2392 681 2459 aliis
696 2394 943 2481 adjuratoribus‚
961 2397 1101 2462 incanta·

77 2505 196 2570 toribus
203 2515 236 2570 et
244 2501 392 2568 veneficis
399 2513 596 2572 nonsanatos
603 2516 805 2578 sonaverunt,
817 2516 912 2590 atque
923 2506 1100 2570 etiamnum

77 2624 197 2686 sanant,
214 2609 318 2678 fractis
332 2623 365 2674 et
375 2611 487 2697 ejectis
495 2610 697 2676 daemonibus
712 2611 856 2677 homines
871 2613 1096 2688 detinentibus.

119 2719 185 2788 Vll.
213 2719 415 2809 Quapropter
437 2720 523 2784 Deus
545 2731 675 2807 propter
702 2721 956 2786 Christianorum
978 2743 1100 2796 semen,

77 2829 161 2916 quod
176 2830 208 2896 io
232 2851 325 2896 causa
343 2851 413 2894 csse
431 2829 522 2894 no‘vit
540 2850 599 2894 cur
617 2851 725 2893 rerum
744 2842 856 2894 natura
883 2843 1100 2906 conservetur,

78 2948 161 3004 tenet
180 2959 213 3002 se
237 2959 278 3002 ne
299 2937 519 3004 contusionem
535 2937 667 3001 inducat
692 2948 725 3000 et
742 2935 981 3003 dissolutionem
1000 2933 1098 3006 totius

78 3043 199 3116 mundi,
214 3045 258 3108 ita
274 3057 309 3108 ut
322 3042 401 3109 nulli
416 3045 480 3130 jum
495 3043 632 3132 improbi
647 3055 772 3108 exstent
785 3044 888 3132 angeli
899 3055 932 3110 et
943 3045 1101 3113 &monos

79 3164 113 3217 et
127 3151 276 3216 homines.
298 3151 379 3216 Nam
392 3151 452 3216 nisi
468 3152 512 3216 ita
525 3165 619 3226 esset,
641 3173 704 3216 non
722 3151 788 3239 jam
806 3154 896 3218 vobis
914 3153 983 3220 hare
997 3155 1102 3222 facere

80 3271 113 3324 et
132 3249 149 3321 'a
171 3257 273 3345 pravis
296 3256 491 3322 daemonibus
512 3259 634 3324 incitari
656 3257 782 3332 liceret;
813 3261 869 3325 sed
890 3261 971 3350 ignis
992 3264 1103 3350 judicii

81 3363 235 3451 delapsus,
256 3361 345 3430 nullo
361 3363 540 3428 discrimine
559 3367 663 3430 omnia
680 3366 874 3443 dissolveret,
894 3371 1103 3456 quemadmo-

83 3473 153 3538 dum
168 3470 244 3537 olim
260 3470 428 3544 diluvium,
444 3470 529 3557 quod
539 3472 699 3536 neminem
711 3472 869 3560 reliquum
884 3473 973 3553 fecit,
989 3493 1102 3566 practer

84 3603 175 3646 unum
189 3604 264 3648 cum
280 3580 344 3645 suis
363 3577 450 3667 apud
468 3600 525 3644 nos
539 3590 688 3647 vocatum
706 3581 785 3657 Noe,
806 3583 891 3671 apud
907 3605 962 3650 vos
974 3585 1100 3657 Deuca-

84 3689 203 3763 lionem,
223 3711 263 3754 ex
283 3710 349 3776 quo
369 3709 480 3752 rursus
501 3698 587 3752 tanta
609 3687 774 3755 bominum
796 3689 965 3760 multitudo
986 3719 1098 3790 propa.

85 3807 148 3882 gata
161 3808 218 3870 est,
237 3795 354 3882 partim
368 3794 601 3882 improborum,
623 3797 737 3883 partim
752 3799 918 3867 bonorum.
942 3802 996 3872 Sic
1010 3809 1096 3873 eninr

869 3913 914 3976 18.
