2688 4626
224 209 286 286 ²4⁸
520 229 634 274 sineri
655 228 776 272 aaarnu
797 228 951 273 uaerrars

221 339 390 408 existimati
402 340 480 410 sint;
496 336 606 426 quales
615 338 702 428 apud
716 337 843 406 Graeeos
855 338 942 404 luere
954 337 1112 404 Socrates
1122 350 1161 404 et
1172 337 1264 402 Here

223 449 317 518 clitus
329 448 356 524 ¹,
365 448 451 536 apud
462 447 617 516 barbaros
630 459 738 516 autem
752 446 927 522 Abmham,
943 445 1102 519 Ananias,
1119 445 1261 514 Ananias,

221 555 330 624 lllisael
341 569 374 622 et
387 555 485 633 Elias,
500 579 540 623 ao
553 553 646 625 multi
661 555 713 624 alii
728 579 865 644 quorum
883 557 1065 621 actionibus
1081 567 1143 618 eut
1160 555 1261 618 nomi-

220 667 316 732 nibus
326 664 622 754 recensendisque
635 663 768 754 longum
780 663 813 730 id
825 687 892 744 esse
904 664 1037 738 scimus,
1050 685 1144 730 nune
1156 685 1261 749 super-

221 773 379 840 sedemus.
394 771 547 838 Similiter
558 771 612 860 qui
627 771 703 837 olim
714 773 833 860 absque
848 773 971 836 ratione
984 773 1105 846 vixere,
1123 770 1258 858 improbi

219 894 254 950 et
276 881 403 948 Christo
424 881 544 948 inimici
568 881 657 948 suere
676 895 709 947 et
735 905 846 947 eorum
863 881 918 970 qui
939 903 1015 946 cum
1036 881 1165 944 ratione
1182 881 1259 944 rire

220 991 312 1066 bant,
329 990 507 1058 homicidae.
525 990 589 1068 Qui
604 1013 679 1056 vero
694 1011 769 1056 eum
784 991 906 1054 ratione
922 988 1069 1054 vixerunt
1086 1000 1119 1052 et
1135 990 1255 1063 vivunt,

148 1119 156 1132 ·
221 1097 384 1164 christiani
400 1111 475 1164 sunt
485 1110 581 1186 atque
592 1098 741 1188 impavidi
751 1111 784 1164 et
795 1096 953 1184 intrepidi.
975 1097 1085 1176 Quam
1095 1109 1203 1162 numm
1215 1099 1255 1161 ela

221 1227 348 1272 oausam
368 1229 426 1293 per
441 1207 590 1272 virtutem
601 1204 699 1272 Verbi
719 1206 895 1272 seeundum
914 1206 1012 1293 patris
1033 1205 1254 1270 universorum

221 1325 254 1378 et
275 1313 395 1380 domini
413 1313 471 1380 Dei
494 1313 690 1384 voluntatem
705 1338 745 1382 en
763 1316 883 1418 pirgine
897 1316 1025 1406 genitus
1047 1317 1089 1379 ait
1110 1327 1143 1378 et
1164 1315 1251 1380 Jesns

221 1421 476 1509 cognominatus,
492 1444 531 1486 ue
553 1421 725 1488 erueilixus
739 1434 771 1486 et
786 1435 930 1488 mortuus
948 1423 1159 1488 resurrexerit
1176 1423 1246 1486 etin

221 1525 339 1592 eoelum
358 1527 500 1602 redierit,
522 1526 615 1594 facile
636 1551 676 1592 ex
694 1528 743 1594 his
761 1551 830 1616 qu·
850 1540 897 1593 tot
910 1530 1014 1594 verbis
1032 1529 1246 1602 disseruimus,

221 1635 269 1700 vir
284 1635 425 1722 prudens
440 1631 604 1722 intelligat.
624 1634 717 1716 Nune
730 1647 836 1702 autem
857 1657 932 1702 eum
951 1637 1059 1702 minus
1079 1639 1247 1702 necessaria

222 1743 262 1808 ait
278 1742 374 1830 hujus
392 1743 437 1810 rei
457 1741 697 1817 demonstratio,
719 1741 761 1806 ad
779 1765 815 1808 ee
838 1765 908 1830 quae
926 1744 1027 1832 magis
1048 1757 1179 1832 urgent,
1199 1745 1247 1810 de·

223 1850 430 1916 monstranda
444 1848 693 1938 progrediamur,

264 1957 393 2026 XLVII.
414 1959 510 2038 Quod
526 1982 602 2047 ergo
616 1957 696 2022 illud
710 1960 805 2024 etiam
821 1959 963 2024 futurum
977 1975 1062 2036 erat,
1080 1975 1118 2026 ut
1132 1963 1250 2029 «ludeo

221 2088 294 2135 rum
315 2079 399 2132 terra
414 2078 604 2139 materiatum
630 2067 736 2132 audite
756 2068 834 2155 quid
854 2069 938 2134 dicet
957 2071 1168 2158 propheticus
1183 2072 1250 2159 Spi-

221 2173 310 2238 ritus.
337 2171 420 2238 Sunt
441 2187 549 2240 autem
568 2174 665 2240 verba
687 2172 773 2238 velut
795 2199 834 2240 ex
852 2197 985 2262 persona
1006 2177 1200 2266 populorum
1219 2180 1250 2244 id

221 2279 308 2368 quod
329 2280 489 2345 acciderat
504 2280 742 2355 admirantium,
765 2281 806 2345 ad
826 2281 912 2348 hune
927 2283 1061 2350 modum
1078 2309 1243 2375 expressa:

225 2387 379 2468 §Deserta
394 2385 477 2453 seete
494 2397 542 2451 est
558 2385 648 2460 Sion,
663 2385 968 2474 tanquamdesolata
984 2390 1068 2457 laeta
1083 2403 1130 2458 est
1142 2395 1244 2460 liiaru·

222 2523 235 2558 a
251 2491 364 2559 salem:
377 2493 409 2557 in
421 2489 678 2560 maledictionem
687 2493 812 2570 domus,
825 2498 1188 2566 sanctuariumnestrum
1197 2515 1244 2566 :et

221 2630 234 2664 o
249 2600 361 2689 gloria,
378 2601 430 2666 eui
445 2599 677 2666 benedixerunt
691 2613 796 2688 patres
811 2604 923 2678 nostri,
937 2605 1020 2670 lacta
1031 2620 1074 2671 est
1084 2608 1145 2694 igni
1154 2631 1235 2672 com·

221 2737 234 2781 a
250 2710 356 2784 bustu,
373 2707 526 2796 etuomnia
543 2705 677 2795 gloriosa
693 2708 762 2795 ejus
777 2709 997 2777 conciderunt.
1015 2713 1050 2778 lit
1063 2737 1148 2801 super
1162 2738 1232 2779 om-

221 2845 234 2883 »
248 2818 341 2884 nibus
352 2817 402 2882 his
412 2814 599 2891 sustinuisti,
616 2828 649 2880 et
659 2816 786 2883 tacuisti
800 2830 832 2882 et
844 2817 1017 2886 humiliasti
1030 2812 1231 2890 nosvalde²sa

218 2923 317 2996 Porro
344 2922 541 3000 Hierusalem
563 2923 596 2988 in
621 2921 825 2990 solitudinem
846 2927 1009 2995 redactum
1032 2930 1143 3006 luisse,
1167 2933 1244 2999 sieut

218 3030 406 3119 praedictum
422 3031 537 3106 iuerat,
553 3054 740 3120 persuasum
756 3033 845 3100 vohis
859 3046 916 3100 est.
936 3035 1027 3102 Illam
1039 3050 1148 3105 autem
1160 3041 1192 3106 in
1203 3063 1246 3107 so

217 3137 385 3218 litudinem
408 3137 574 3204 redactum
593 3140 652 3226 iri,
668 3163 728 3208 nee
747 3141 896 3230 cuiquam
914 3141 1042 3210 illorum
1060 3150 1248 3236 permissum

216 3246 257 3335 iri
272 3268 343 3312 eum
363 3241 515 3320 incolere,
532 3247 578 3316 sie
596 3271 654 3334 per
675 3249 799 3314 Esaiam
817 3250 1004 3340 prophetam
1028 3254 1154 3322 dictum
1176 3271 1245 3323 est:

227 3353 347 3424 «Terra
364 3376 476 3425 eorum
491 3351 634 3422 deserta:
649 3356 682 3422 in
696 3370 869 3445 conspeetu
881 3380 992 3426 eorum
1004 3363 1126 3432 inimici
1140 3389 1248 3434 eorum

219 3461 348 3550 »ipsam
365 3461 539 3548 eomedunt
557 3485 566 3526 ι
585 3473 618 3528 et
638 3487 703 3530 non
723 3465 783 3530 erit
797 3487 837 3530 ex
851 3465 910 3533 illis
925 3468 1072 3548 habitans
1088 3473 1122 3539 in
1144 3475 1210 3542 es‘.
1228 3503 1240 3538 a

249 3626 258 3659 ¹
271 3625 332 3674 nee
342 3629 445 3678 omnio
456 3643 505 3678 nun
518 3627 550 3680 de
565 3629 645 3680 salute
660 3631 768 3680 Socratis
778 3633 887 3700 intelligi
896 3633 983 3691 debet,
999 3646 1028 3685 ut
1043 3641 1201 3688 estimarunt
1211 3657 1248 3690 re·

215 3710 340 3762 centiorea
350 3709 470 3772 qnidam
484 3727 544 3764 nam
563 3713 646 3784 solum
658 3717 777 3780 opinatur
790 3726 892 3768 nanetus
908 3719 1003 3786 Martyr
1016 3719 1185 3774 christianum
1196 3738 1247 3776 etit

217 3793 342 3884 quidquid
355 3795 453 3864 'imm'
463 3795 489 3844 in
500 3813 531 3846 eo
539 3798 628 3848 eluxit.
639 3827 669 3837 -
681 3797 692 3834 ¹
702 3800 768 3850 linai.
783 3817 847 3862 extr,
861 3819 900 3853 ro.
908 3829 938 3842 -
949 3802 1036 3856 tnui.
1050 3823 1068 3865 r,
1081 3824 1107 3870 7.
