2636 4648
194 319 257 384 550
514 338 627 382 sineri
652 337 763 380 innuat
788 337 849 380 arn.
876 336 908 379 iv

191 446 259 512 Deo
272 467 383 510 omnes
395 445 469 512 iacti
484 464 603 510 sumus.
618 442 804 508 Secundum
815 455 921 507 autem
934 441 1023 508 dieto
1034 439 1230 506 audientiam

192 567 226 620 et
236 554 430 628 doctrinam,
442 577 506 620 non
517 575 628 619 omnes
643 550 699 617 filii
714 552 772 618 Dei
788 562 876 626 sunt,
891 551 948 616 sed
963 551 1019 638 qui
1035 550 1176 616 eredunt
1188 551 1228 624 ei,

192 674 224 730 et
238 663 358 729 iaciunt
368 664 438 750 ejus
449 661 654 728 voluntatem.
674 661 738 740 Qui
753 671 861 725 autam
871 683 936 726 non
949 659 1105 734 credunt,
1121 671 1156 723 et
1169 681 1230 724 non

193 771 313 838 iaciunt
327 774 397 860 ejus
416 771 623 848 voluntatem,
643 769 699 837 filii
715 784 747 836 et
761 769 873 859 Angeii
892 783 968 836 sunt
985 767 1120 835 diaboii.
1143 769 1231 849 Que-

193 883 278 946 niam
293 893 400 946 autem
414 881 455 946 ita
471 904 505 946 se
522 880 618 947 hahet
632 880 709 955 hoo,
726 880 758 945 in
773 881 863 970 Esaia
879 879 957 944 dixit
972 901 980 942 ε
999 876 1125 942 «Filios
1139 879 1229 966 genui

192 1003 251 1056 set
263 988 406 1064 exaltavi,
419 990 477 1076 ipsi
489 1003 597 1056 autem
608 1012 659 1055 me
671 987 886 1078 spreverunt¹.
898 989 961 1053 »Et
974 989 1095 1052 iterum
1106 1009 1178 1072 quae
1188 985 1230 1049 di-

192 1099 237 1166 eit
251 1097 332 1163 iiiios
345 1095 464 1165 alienos
480 1121 535 1162 eos
550 1098 614 1162 ita:
634 1096 729 1162 «Filii
744 1095 838 1162 alieni
850 1096 974 1161 mentiti
989 1107 1068 1160 sunt
1084 1096 1165 1160 mihi
1174 1093 1196 1158 ².
1210 1123 1223 1154 s

97 1193 101 1200 ’
193 1207 378 1275 Secundum
394 1208 481 1272 enim
491 1220 637 1272 naturam
648 1205 705 1272 filii
716 1219 803 1282 suut,
815 1219 945 1296 propter
959 1206 1023 1272 hoo
1039 1205 1131 1293 quod
1142 1207 1180 1272 ab
1192 1229 1227 1270 eo

191 1317 267 1383 faeti
281 1328 371 1388 sunu
391 1315 568 1382 seeundum
583 1325 690 1380 autem
706 1337 803 1403 opera
819 1338 885 1380 non
900 1325 975 1380 sunt
991 1312 1061 1379 iilii.

235 1423 292 1490 lli.
311 1422 593 1502 Quemadmodum
608 1422 693 1488 euim
708 1423 741 1488 in
757 1423 939 1489 hominibus
953 1423 1080 1492 indicto
1096 1424 1228 1490 audien-

192 1544 239 1595 tes
254 1530 399 1619 patribus
415 1529 470 1594 filii
486 1528 636 1606 abdieaii,
658 1542 770 1596 natura
791 1531 920 1618 quidem
937 1531 994 1598 filii
1012 1555 1130 1598 eorum
1146 1543 1228 1607 sunt,

192 1637 262 1728 iege
277 1661 352 1705 vero
364 1637 490 1705 alienati
502 1650 592 1711 sunt;
611 1661 678 1704 non
689 1639 775 1704 enim
786 1638 926 1705 haeredes
938 1639 1021 1706 iiunt
1035 1639 1227 1706 naturalium

79 1750 82 1756 ’
194 1758 383 1834 parentum:
402 1746 515 1812 eodem
529 1745 625 1812 modo
636 1744 722 1833 apud
735 1746 851 1823 Deum,
868 1747 1002 1835 quinon
1019 1747 1228 1822 obediuntei,

195 1855 333 1922 abdioati
348 1857 390 1920 ab
405 1879 457 1931 eo,
476 1855 638 1922 desierunt
652 1853 710 1920 filii
725 1855 793 1942 ejus
809 1877 887 1920 esse.
910 1854 1002 1921 Unda
1016 1878 1079 1922 nee
1096 1855 1229 1922 haredi-

195 1975 294 2031 tatem
313 1965 382 2053 ejus
400 1964 564 2053 percipere
581 1976 714 2053 possunt
719 1989 730 2037 ς
752 1963 1022 2051 quemadmodum
1041 1965 1146 2031 David
1165 1966 1227 2031 ait:

205 2072 365 2140 «Alienati
378 2087 451 2140 sunt
462 2085 645 2162 peccatores
656 2075 696 2138 ab
710 2086 821 2139 utero:
837 2074 882 2138 ira
894 2074 938 2139 eis
949 2073 1133 2140 meandum
1145 2077 1229 2140 simi·

195 2211 209 2244 ι
222 2181 388 2250 litudinem
394 2183 595 2272 serpentis⁸.i
603 2185 643 2249 Et
650 2195 780 2271 propter
788 2183 850 2250 hoe
857 2182 1012 2249 Dominus
1020 2207 1105 2272 quos
1113 2187 1231 2252 aiebat

194 2288 362 2356 hominum
373 2315 440 2357 esse
455 2294 652 2382 progeniem,
672 2293 750 2358 dixit
762 2293 806 2358 sio
817 2293 1000 2382 progeniem
1013 2293 1197 2382 viperarum
1207 2293 1228 2367 ⁸,

193 2401 371 2466 seeundum
382 2399 619 2470 similitudinem
631 2402 747 2470 horum
758 2402 940 2469 animalium
953 2405 986 2470 in
997 2405 1153 2472 varietate
1164 2427 1231 2468 am-

194 2507 354 2587 bulantes,
376 2523 409 2574 et
430 2507 578 2576 laedentes
600 2509 748 2599 reliquos.
769 2510 969 2588 «Attendite,
992 2511 1108 2599 inquit,
1130 2535 1148 2575 a
1169 2511 1230 2576 ier-

193 2647 208 2680 »
224 2633 331 2686 mento
342 2619 572 2687 Pharisaeorum
582 2634 614 2686 et
626 2621 874 2688 Sadducaeorum
882 2621 903 2687 ⁶.
915 2621 1001 2686 »Sed
1012 2632 1045 2686 et
1055 2621 1096 2686 de
1106 2621 1233 2688 Herode

197 2729 332 2795 dicens:
355 2729 497 2806 «Dicite,
519 2731 632 2817 inquit,
652 2728 737 2817 vulpi
756 2729 870 2804 huio⁶3
888 2758 901 2792 a
922 2754 1060 2819 nequam
1082 2733 1232 2796 astutiam

195 2837 265 2924 ejus
281 2847 313 2902 et
328 2835 439 2902 dolum
453 2837 643 2926 significans.
662 2837 865 2926 Quapropter
880 2837 981 2903 David
996 2838 1154 2926 propheta
1166 2841 1229 2904 ait:

205 2943 332 3008 «Homo
352 2944 385 3008 in
404 2943 525 3010 honoro
540 2945 673 3032 positus,
692 2940 879 3012 assimilatus
898 2955 947 3010 est
963 2945 1117 3032 jumentis
1129 2944 1151 3010 ⁷.
1168 2948 1233 3012 »Et

197 3052 314 3118 iterum
329 3051 504 3120 ieremias:
523 3054 625 3140 «Equi
643 3052 783 3118 iurantes
796 3053 880 3120 eirea
893 3052 1037 3118 ioeminas
1052 3054 1130 3120 faeti
1145 3069 1231 3130 sunt,

197 3187 212 3222 r
228 3160 441 3248 unusquisque
452 3161 492 3226 ad
502 3184 633 3228 uxorem
642 3162 777 3250 proximi
788 3163 836 3226 sui
847 3161 1038 3228 hinniebat⁸.
1050 3165 1115 3230 »Et
1126 3165 1232 3230 Esaias

197 3269 231 3334 in
254 3268 363 3336 Judaea
385 3293 582 3359 praeconans,
605 3284 734 3339 etcum
757 3271 852 3338 lsrael
875 3273 1050 3360 disputans,
1074 3275 1232 3362 principes

198 3375 426 3454 Sodomorum,
445 3391 477 3444 et
496 3379 649 3468 populum
670 3380 857 3446 Gomorrhae
878 3381 1003 3448 dicebat
1024 3381 1100 3448 eos'
1118 3407 1127 3446 :
1147 3383 1233 3448 simi·

200 3480 263 3548 lem
285 3483 456 3552 Sodomitis
485 3489 775 3578 transgressionem,
798 3499 830 3556 et
852 3491 962 3555 eadem
985 3513 1055 3577 quae
1085 3488 1145 3554 iliis
1167 3489 1233 3554 fue

201 3577 288 3667 runt‘,
308 3607 439 3680 peecata
459 3617 527 3662 esse
547 3597 631 3687 apud
651 3621 704 3665 eos
726 3598 918 3688 significans,
941 3609 1074 3687 propter
1096 3597 1233 3666 similem

232 3759 241 3792 ¹
252 3759 318 3812 Esai.
331 3780 350 3824 r,
362 3781 383 3812 a.
397 3791 426 3801 -
438 3763 449 3798 ²
459 3765 523 3816 Paai.
535 3781 597 3828 xvir,
610 3767 650 3826 46.
664 3767 790 3817 -21’sat
801 3767 894 3829 arsid,
907 3769 931 3816 5.
942 3794 973 3803 -
982 3765 993 3798 ⁴
1002 3763 1095 3814 Matth-
1108 3781 1183 3824 11111,
1194 3765 1232 3812 55·

200 3871 231 3887 a·
241 3845 349 3898 ⁵Matth.
362 3865 413 3910 xvi,
424 3853 446 3902 6.
458 3881 488 3892 -
500 3854 510 3888 ⁶
520 3855 584 3904 Luc.
599 3871 653 3912 xrn,
668 3854 762 3904 lin-⁷
774 3855 840 3905 Pani.
851 3869 938 3914 ιινιιι,
949 3870 987 3902 ιι.
1002 3879 1033 3891 -—
1044 3854 1054 3885 ⁸
1066 3853 1164 3902 terens.
1176 3868 1201 3908 v,
1210 3851 1233 3898 8.

200 3955 231 3969 -··
242 3931 328 3982 Ἐκεῖ.
341 3953 358 3994 ι,
372 3951 407 3983 ιο.
