2616 4620
6 241 36 296 ³⁵*-
328 279 367 324 rn
392 269 589 333 ruronrcnu,
612 277 672 322 nin.
699 277 734 321 n.
981 253 1039 318 105

2 371 171 478 itroecepit
185 388 213 456 ei
230 399 266 453 ut
280 388 320 454 de
334 390 481 456 omnihus
495 387 648 455 fructibus
663 385 857 460 comederet,
873 383 959 450 etde
974 385 1040 472 ipso

2 486 167 562 'tudeticet
178 495 248 562 vitea
259 498 388 569 arbore3
400 494 515 561 desolo
527 507 632 561 autem
641 495 776 561 scientiae
786 492 870 581 ligno
882 491 1042 558 interdixit

3 601 19 638 'l
25 609 30 646 ³
35 629 62 671 re
74 615 221 695 gustaret.
234 601 327 671 lllum
339 611 445 671 antem
456 603 613 672 transtulit
623 604 707 670 Deua
719 604 758 669 da
766 609 849 669 te'rra
860 625 899 667 ex
909 613 970 688 qut
978 601 1042 667 liac-

2 714 74 777 li'us
88 724 168 788 erat,
185 707 218 778 in
233 713 428 790 Paradisum,
446 713 618 800 subjiciens
634 713 662 777 ei
681 709 822 778 stimulos
841 709 1040 800 proficiendi,

4 827 59 884 1”ἰῑ
75 843 255 910 augescens,
273 843 310 888 ac
325 821 452 887 tandem
474 819 644 909 perfectus,
665 821 728 885 imo
751 817 925 886 declaratus
941 819 1041 894 Deus,

3 931 68 1004 tatic
83 931 114 996 in
126 928 241 996 coelum
253 931 449 1005 ascenderet,
462 930 582 996 habens
591 931 807 996 aeternitatem.
821 927 941 994 Medius
956 929 1040 994 enirn

3 1053 118 1103 onemo
130 1037 229 1105 iactus
245 1038 359 1113 iuerat,
370 1059 431 1104 nec
446 1038 574 1104 omnino
589 1034 741 1112 mortalis,
757 1059 817 1102 neo
835 1055 961 1124 prorsus
981 1036 1042 1100 im-

3 1141 174 1220 ‘amortalim
185 1145 240 1210 sed
254 1145 416 1233 utriusque
427 1167 534 1234 capax.
549 1142 701 1210 Similiter
710 1155 744 1210 et
754 1143 930 1232 Perediam,
941 1168 1040 1232 quan-

31 1280 91 1320 .um
113 1254 154 1319 ad
174 1253 458 1344 pulchritudinem,
482 1254 603 1320 medius
625 1255 708 1321 inter
730 1252 845 1319 coelum
870 1265 902 1320 et
925 1264 1042 1320 terram

3 1362 122 1432 :tactus
137 1375 194 1428 est.
219 1363 314 1442 Quod
332 1373 438 1428 autem
461 1361 505 1426 ait
524 1362 699 1450 Scriptura,
712 1377 749 1427 ut
762 1378 962 1450 operaretur.
978 1386 1041 1427 non

3 1470 118 1542 talium
133 1470 274 1537 laborem
288 1469 442 1558 significat
457 1492 552 1556 quam
566 1469 713 1557 praecepti
734 1468 830 1534 divini
851 1469 1040 1545 custodiam,

3 1615 17 1652 2·
28 1604 60 1647 re
75 1581 101 1646 si
117 1580 201 1646 dicto
216 1579 346 1645 audiens
361 1601 426 1645 non
440 1588 534 1653 esset,
546 1578 683 1666 seipsum
694 1577 852 1665 perderet,
866 1589 1041 1668 utpeceato
1101 1579 1105 1586 '

3 1739 7 1750 ,
27 1689 164 1778 ¹rerdidit.

4 1837 13 1874 ,3
62 1799 167 1866 XXV.
187 1800 313 1866 Bonum
331 1799 459 1892 quidem
473 1809 540 1865 erut
560 1800 662 1888 ipsum
677 1799 814 1866 scientiae
829 1799 961 1890 lignum,
981 1803 1042 1866 bo-

3 1925 143 1993 pnnsque
158 1906 239 1972 illius
253 1907 384 1974 fructus.
404 1908 512 1996 Neque
533 1906 631 1983 enim,
648 1920 683 1972 ut
702 1908 830 1995 quidam
850 1909 1040 1984 existiment,

3 2014 217 2096 „mortiferum
227 2023 300 2081 ‘erat
314 2014 447 2104 lignum,
464 2015 518 2080 sed
533 2013 672 2080 mandati
686 2017 932 2106 praetergressio.‘
946 2017 1041 2084 Aliud

4 2125 106 2208 panim
121 2147 185 2190 non
200 2137 266 2191 erat
288 2126 320 2192 in
339 2125 423 2215 ligno
442 2124 501 2190 nisi
518 2125 664 2198 scientiar
678 2107 760 2190 liena
777 2137 881 2191 antem
897 2127 1038 2202 scientia,

3 2235 43 2319 ,si
60 2235 129 2321 quis
143 2257 180 2300 ea
194 2245 266 2324 apta
282 2245 398 2299 utatur.
413 2234 483 2313 Qua
498 2245 604 2298 autem
618 2244 708 2300 aetate
722 2245 789 2299 erat
803 2233 917 2310 Adam,
934 2235 1041 2302 adhuc

4 2343 121 2430 piniane
141 2356 208 2409 erat
220 2343 245 2419 ¹,
261 2343 398 2410 necdum
416 2343 548 2408 idoneus
570 2365 637 2408 esse
655 2352 777 2430 poterat
800 2345 853 2430 qui
876 2345 1039 2410 scientiam

10 2454 205 2541 perciperet.
225 2451 305 2520 Nam
325 2463 357 2517 et
376 2473 462 2517 nuno
482 2449 594 2525 iulans,
612 2472 686 2516 cum
700 2451 822 2538 genitus
837 2451 943 2528 suerit,
960 2475 1042 2518 non-

7 2563 98 2634 „dum
110 2572 211 2650 potest
222 2584 336 2649 panem
347 2559 517 2634 cdere,sed
527 2561 664 2647 primum
675 2556 757 2626 lacte
768 2560 919 2635 nutritur,
928 2560 1041 2626 deinde

3 2671 239 2760 {progrediente
254 2681 345 2736 aetate
358 2670 454 2736 etiam
470 2669 511 2734 ad
524 2667 659 2735 solidum
674 2670 781 2736 cibum
799 2670 931 2735 accedit.
953 2671 1042 2736 ldem

3 2841 4 2850 ι
16 2775 144 2868 quoque
155 2779 276 2846 Adamo
287 2779 440 2844 evenisset
453 2802 462 2842 ε
473 2789 664 2866 quapropter
674 2801 738 2844 non
749 2777 892 2843 invidens
903 2778 932 2842 ei
943 2777 1040 2853 Deus,

3 2904 53 2981 ,ut
67 2889 198 2977 quidam
220 2888 409 2962 existimant,
426 2886 587 2952 interdixit
600 2908 641 2951 ne
662 2886 702 2950 de
724 2885 808 2974 ligno
830 2886 967 2952 scientiae
985 2911 1043 2954 co-

3 2997 171 3066 mederet.
190 2997 304 3063 Adhuc
318 2995 414 3060 etiam
428 2993 553 3060 volebat
572 3017 646 3060 eum
668 2995 800 3083 experiri
821 3007 853 3060 et
873 2994 1041 3082 periclitari

17 3119 130 3172 utrum
151 3106 209 3170 sibi
236 3105 320 3170 dicto
347 3103 512 3169 auditurus
539 3113 635 3168 esset.¹
656 3100 757 3168 Simul
779 3103 895 3169 diutius
917 3103 1042 3170 volebat

18 3212 196 3302 simplicem
209 3224 242 3278 et
254 3213 412 3278 sincerum
422 3233 608 3300 permanere
618 3209 778 3278 hominem
789 3226 1038 3301 puerascentem.

54 3375 63 3408 ¹
77 3372 190 3421 lnl'autia
207 3370 260 3430 illa,
276 3388 331 3436 quae
349 3373 447 3422 ddamo
464 3389 478 3421 a
496 3373 520 3422 S.
540 3373 680 3439 Tbeophilo
692 3355 820 3436 trilsuitur,
833 3376 980 3441 metaphora
991 3391 1041 3426 non
1093 3431 1099 3436 ¹

18 3458 106 3506 caret3
120 3463 178 3496 nam
186 3446 319 3495 infantiam
327 3445 390 3496 hano
402 3449 504 3511 repetit,
517 3457 572 3497 tum
584 3451 719 3498 excaecati
729 3450 783 3514 ejus
794 3451 933 3507 creatione,
947 3459 1001 3499 tum
1012 3467 1043 3500 ex

17 3523 106 3572 madio
116 3527 182 3569 stato
195 3518 260 3568 illius
271 3535 277 3566 ε
290 3521 337 3568 etti
349 3521 416 3569 enim
429 3523 594 3570 maximarum
606 3538 688 3572 rerum
705 3523 809 3572 scientia
820 3524 956 3572 instructus
968 3530 1041 3582 erret,

17 3599 69 3646 haec
86 3604 172 3643 tamen
188 3593 294 3642 infantia
311 3603 365 3643 erat
378 3603 493 3660 respectu
512 3594 578 3644 illius
597 3609 652 3660 quea
663 3595 700 3645 illi
718 3597 745 3644 in
760 3595 822 3646 ooelo
837 3597 1040 3662 promittebatur.

18 3669 118 3719 Deinde
130 3685 236 3734 puerum
249 3668 439 3734 quodammodo
451 3679 524 3720 vocat
535 3669 672 3731 ddamum,
683 3671 716 3720 ob
724 3670 926 3734 rimplicitatem,
936 3679 961 3721 et
970 3671 1042 3721 obso-

18 3747 109 3808 quinm
121 3743 189 3808 quod
202 3743 265 3803 Deo,
277 3745 315 3794 uti
332 3743 396 3794 filiun
410 3746 486 3810 patri,
498 3744 610 3795 debebat
621 3762 628 3792 ε
641 3747 708 3796 unde
719 3754 873 3810 preceptum
887 3745 923 3796 illi
940 3749 1042 3811 imposi-

18 3828 74 3864 tum
87 3817 160 3876 dicit,
172 3825 201 3865 ut
210 3817 254 3866 diu
264 3819 290 3865 in
303 3818 345 3868 illa
358 3821 465 3885 pucritia
477 3830 646 3884 permaneret3
658 3821 728 3887 quod
739 3837 798 3870 sane
809 3821 841 3870 de
849 3823 957 3886 pueritia
967 3822 1045 3870 imbe-

20 3891 73 3940 cilli
84 3889 192 3958 intelligi
204 3893 302 3957 nequit.

818 4005 865 4047 rr.
