2616 4620
276 335 317 376 an
340 329 537 385 aaroarcnu,
560 331 620 376 aaa.
647 330 681 374 ιι.
930 331 985 394 ¹7¹

19 447 33 499 t
56 434 132 502 loca
145 457 154 500 r
169 434 281 524 reliqui
293 461 367 503 vero
386 437 501 526 partim
515 459 568 502 eos
585 445 705 502 tractus
721 435 774 523 qui
792 455 810 498 a
828 433 992 501 maritimis

21 543 151 608 onibus
161 555 194 607 et
202 543 384 631 Pamphylia
396 539 686 632 porriguntur,tnm
696 543 815 617 Asiam,
823 540 992 618 Graeciam,

18 650 200 727 uadoniam,
216 653 331 740 partim
342 651 474 727 Italiam,
484 650 611 724 Gallias,
625 649 993 738 Hispanias,Germnnias

17 772 157 834 uerunt,
169 761 212 824 ita
224 774 258 825 ut
270 781 354 824 nunc
371 769 454 824 totus
472 759 556 824 orbis
574 768 728 822 terrarum
743 755 851 822 incolis
866 755 996 844 'reples-
1019 757 1020 760 ’

16 915 22 930 .
45 868 134 932 Cum
147 869 241 956 igitur
253 868 341 933 initio
357 867 511 954 tripartita
522 876 605 931 esset
617 865 780 930 hominnm
796 865 946 931 habitatio
962 865 995 930 in
1024 859 1029 868 ’

16 998 68 1049 ra,
96 976 139 1040 ad
165 975 330 1051 orientem,
351 973 391 1040 ed
416 973 580 1052 meridiem
601 984 633 1036 et
659 973 869 1048 occidentem,
887 985 994 1061 postea

16 1106 95 1148 erae
111 1083 207 1151 etiam
222 1095 325 1171 partes
337 1081 431 1150 incoli
443 1091 608 1170 ceperunt
622 1080 802 1146 hominibus
818 1082 997 1148 redundan-

16 1216 67 1256 us.
92 1193 170 1258 IIaeo
188 1214 263 1257 cum
278 1192 422 1280 ignorent
439 1191 618 1278 scriptores,
637 1188 792 1254 mundum
812 1189 998 1277 sphaericum

15 1323 81 1364 ,erc
103 1323 169 1366 non
193 1299 349 1375 dubitant,
373 1312 406 1364 et
429 1300 513 1364 cubo
535 1296 668 1362 similem
694 1297 907 1385 pronuntiare.
936 1297 999 1376 Qui

15 1408 96 1472 ssint
107 1419 215 1472 autem
230 1406 262 1472 in
278 1407 325 1474 his
337 1429 408 1472 vera
421 1406 539 1482 dicere,
553 1428 628 1473 cum
646 1406 791 1495 ignorent
809 1407 1001 1471 creationem

14 1516 87 1580 andi
112 1517 244 1604 ejusque
270 1515 519 1582 habitationem?
538 1514 693 1582 Paulatim
716 1517 942 1590 crescentibus,
966 1526 1002 1582 ut

14 1625 126 1699 rimus,
142 1634 175 1688 ct
185 1621 399 1710 multiplicatis
412 1624 444 1689 in
460 1636 543 1689 terra
559 1624 752 1701 hominibus,
766 1625 860 1690 maris
878 1645 1003 1712 quoque

13 1730 87 1797 ›ulae
100 1755 138 1798 ao
153 1743 274 1799 caeterse
285 1733 428 1820 regiones
441 1732 582 1799 similiter
593 1734 728 1801 habitari
739 1746 911 1823 coeperunt.

14 1839 179 1905 XXXIII.
195 1839 274 1918 Quis
296 1840 389 1926 igitur
400 1863 438 1904 ex
449 1839 485 1904 iis
500 1841 554 1928 qui
570 1841 723 1929 sapientes
734 1853 766 1907 et
783 1851 883 1930 poctae
894 1853 926 1906 et
942 1841 1007 1908 hie.

13 1949 72 2012 rici
82 1947 244 2021 dicuntur,
253 1969 364 2013 verum
376 1947 407 2011 ln
416 1947 464 2012 his
473 1949 568 2018 rebus
579 1948 684 2015 dicere
697 1951 810 2037 potuit,
819 1973 892 2016 cum
902 1947 1004 2015 multe

12 2054 171 2118 ‚steriores
194 2054 381 2130 exstiterint,
400 2078 438 2120 ac
456 2056 581 2122 turbam
602 2055 733 2124 deorum
752 2056 931 2122 induxerint
952 2056 1004 2145 qui

12 2175 25 2225 t
47 2160 139 2226 annis
154 2173 224 2249 post
239 2163 332 2228 nrbes
346 2162 444 2251 geniti
463 2162 562 2239 luere,
578 2175 611 2232 et
625 2165 750 2252 regibus
767 2174 798 2228 et
812 2163 955 2252 gentibus
973 2173 1005 2227 et

11 2270 73 2336 allis
97 2271 235 2357 juniores
259 2271 352 2338 sunt?
369 2272 543 2360 Oportebat
564 2274 649 2339 enim
671 2273 861 2338 mentionem
884 2273 922 2338 ab
946 2269 1004 2337 illis

11 2378 126 2442 nnium
140 2376 220 2452 lieri,
233 2378 329 2443 etiam
346 2401 458 2443 eorum
473 2401 542 2465 qnae
558 2391 631 2444 ante
646 2378 798 2445 diluvium
809 2389 1000 2444 evenerunt:

11 2511 19 2550 s
36 2485 148 2552 mnndi
163 2497 269 2552 autem
284 2487 403 2576 origine
418 2510 456 2556 ac
472 2488 608 2554 hominis
624 2489 824 2563 formatione,
840 2487 939 2576 iisque
953 2507 1006 2550 re-

11 2618 42 2670 as
65 2617 133 2681 quae
155 2606 262 2682 postea
285 2607 485 2683 consequutae
506 2608 590 2672 sunt,
615 2608 763 2662 accurate
785 2595 1008 2684 AEgyptiorum

11 2702 145 2792 ophetce
159 2714 191 2767 et
206 2701 343 2770 Chaldaei
359 2705 525 2791 caeterique
540 2705 708 2790 scriptores
723 2702 874 2772 disserere
889 2701 1007 2767 dehue-

11 2824 71 2888 rnt,
89 2812 113 2877 si
127 2811 254 2900 quidem
270 2811 375 2878 divino
392 2825 424 2878 et
438 2835 518 2901 puro
534 2813 644 2900 spiritu
663 2809 874 2898 loquebantur
884 2833 921 2875 ac
932 2832 1005 2877 vera

11 2922 182 2988 nntiebant.
194 2920 259 2988 Nec
272 2921 427 3010 praeterita
442 2919 545 2986 solum
554 2932 608 2986 aut
617 2919 793 3008 presentia,
802 2918 902 2983 sedea
911 2919 1008 2983 etiam

11 3055 57 3096 uae
72 3028 190 3094 mundo
210 3041 358 3094 eventura
373 3040 475 3104 crant,
491 3029 698 3116 praenuntiata
714 3029 752 3092 ab
769 3028 1006 3117 eisoportehat.

11 3165 35 3204 a
50 3163 112 3227 quo
124 3149 208 3226 patet
218 3139 337 3204 caeteris
349 3138 495 3205 omnibus
506 3161 645 3202 errorem
658 3135 800 3211 illusisse,
815 3138 1008 3206 Christianos

11 3260 97 3312 utem
108 3246 268 3311 veritatem
279 3245 360 3310 solos
371 3245 612 3333 apprehendisse
627 3244 762 3332 :quippe
774 3265 847 3308 cum
859 3267 876 3308 a
889 3244 1007 3332 Spiritu

11 3367 100 3422 aneto
114 3354 295 3429 doceamur,
311 3355 366 3443 qui
379 3354 529 3441 loquutus
543 3365 590 3421 est
605 3353 637 3418 in
658 3354 774 3420 sanctis
788 3352 953 3440 Prophetis
969 3375 1009 3420 ac

11 3467 96 3532 mnia
109 3462 337 3552 prenuntiavit.

35 3571 184 3642 XXXIV.
208 3573 364 3639 Caeterum
382 3582 494 3638 auctor
509 3571 565 3638 tibi
584 3592 667 3647 sum,
682 3594 732 3638 res
753 3571 885 3649 divinas,
900 3571 933 3646 id
947 3583 1010 3654 est,

12 3709 28 3748 a
44 3707 111 3772 quae
126 3707 144 3750 a
157 3683 321 3771 Prophetis
337 3682 421 3751 dicta
437 3691 521 3757 sunt,
543 3703 667 3752 summo
679 3680 781 3752 studio
796 3683 956 3758 scruteris,
973 3693 1008 3750 ut

11 3793 189 3859 ,outentione
214 3791 294 3858 lacta
317 3803 350 3856 et
371 3813 482 3856 eorum
502 3813 570 3877 quae
591 3813 608 3854 a
629 3789 719 3862 nobis
736 3801 891 3856 eteorum
906 3815 1007 3879 quasa

11 3900 111 3968 sacris
125 3900 284 3976 dicuntur,
297 3921 407 3966 serum
423 3899 562 3970 invenire
572 3897 681 3988 possis.
695 3897 814 3965 Eorum
825 3899 919 3988 igitur
929 3921 1014 3987 quos
