2772 4620
320 329 470 374 rustecus
493 329 556 372 cun
579 327 744 374 corruens
766 327 881 371 suono.
1054 303 1116 390 557

87 438 218 504 omnino
234 437 408 513 bonorum,
427 433 468 502 de
484 435 601 525 quibus
621 435 804 502 nortorum
816 444 865 500 est
881 433 951 500 sore
967 445 1003 498 ut
1017 457 1034 499 s
1053 433 1121 500 Deo

86 569 145 634 per
160 547 326 614 Christum
338 545 468 621 dentur,
485 543 703 612 haereditstem
716 556 905 634 accepturos
918 544 1046 634 putetis.
1065 543 1125 610 tte-

88 679 143 722 mo
158 658 259 734 enim,
270 679 312 724 ne
323 679 363 722 ex
372 653 427 722 illo
438 653 569 743 quidem
580 655 713 731 semine,
723 654 898 744 quidquam
909 653 1054 744 recipere
1064 671 1125 743 po-
1144 677 1148 686 ’

89 775 167 844 test,
183 779 300 858 praeter
313 789 368 832 eos
384 766 439 853 qui
454 765 561 832 ocimo
577 763 740 832 ussimilsti
754 764 871 832 fuerint
884 764 1021 832 llhrshae
1036 764 1125 841 fidei,

91 885 127 942 et
138 875 290 964 mysterio
302 875 406 942 omnia
418 874 615 964 agnoverint,
625 873 657 940 id
667 883 731 950 est,
741 869 802 940 slis
812 876 957 964 quaedum
967 886 1126 965 precepto

82 984 136 1050 ‘od
152 984 212 1051 Dei
227 983 349 1052 cultum
362 993 394 1052 et
408 984 536 1074 justitio
549 984 805 1052 observationem
818 1007 886 1051 esse
899 985 971 1052 dots
978 1009 987 1061 t
1003 984 1062 1052 ullu
1074 1009 1128 1051 uu-

95 1106 163 1162 tem
181 1107 338 1183 praecepta
353 1106 386 1160 et
404 1115 525 1183 operor·
539 1094 587 1161 rel
605 1094 648 1161 ud
662 1094 780 1162 Christi
796 1096 997 1184 mysterium,
1016 1093 1066 1162 vel
1085 1096 1126 1162 oh

95 1201 246 1270 duritiem
258 1202 364 1269 cordis
374 1201 483 1292 populi
494 1204 588 1272 vestri
601 1201 746 1270 similiter
756 1225 825 1270 esse
838 1205 1005 1295 descripte.
1024 1206 1129 1296 Atque
1246 1217 1250 1224 '

94 1314 140 1380 ite
155 1336 224 1380 sese
241 1335 311 1380 rem
329 1313 449 1380 hahere
465 1315 552 1382 Deris
572 1313 658 1404 opud
677 1311 879 1402 Ezechielem
897 1316 1080 1405 pronuntiet
1097 1317 1131 1382 in

96 1424 168 1492 hnc
182 1423 277 1490 verbe
292 1447 300 1490 ε
317 1423 376 1489 «Si
395 1424 509 1504 Nocet
524 1424 626 1492 doech
643 1436 676 1490 et
693 1423 806 1494 Daniel
825 1425 1070 1515 depoposcerint
1083 1422 1132 1490 vel

97 1533 218 1610 ofilius,
242 1532 290 1601 sel
310 1531 403 1610 lilius,
426 1557 491 1600 non
512 1534 641 1602 debitur
661 1533 767 1600 εἰς’.»
787 1537 828 1602 Et
848 1535 934 1625 opud
953 1535 1080 1622 Essiam
1098 1535 1131 1601 in

98 1644 183 1710 hmo
194 1644 295 1732 ipsum
306 1643 496 1708 sententiam
507 1643 549 1708 its
561 1642 723 1730 loquitur:
740 1643 849 1709 «Dixit
858 1642 1015 1709 Dominus
1025 1643 1131 1710 Deus:

97 1779 112 1816 s
126 1752 167 1818 Et
180 1751 385 1842 egredientur
399 1763 433 1816 et
450 1747 606 1816 ridehr'rnt
621 1749 765 1816 membre
780 1752 1060 1838 'prevaricatorem
1074 1751 1135 1818 ho-

98 1864 262 1930 rminum.
280 1861 531 1929 Vermiseorom
543 1862 788 1936 comedetur,
804 1869 837 1924 et
853 1859 932 1950 ignis
948 1881 1060 1946 eornm
1071 1878 1136 1926 non

99 2001 114 2034 ι
128 1972 346 2060 extinguetur,
361 1980 394 2034 et
405 1979 500 2033 erunt
514 1969 547 2034 in
561 1969 779 2061 spectuculum
790 1970 878 2035 omni
894 1971 981 2037 cerni
990 1965 1013 2037 ².
1028 1971 1136 2051 »Quu-

101 2091 234 2171 psopter
252 2079 337 2144 hanc
357 2097 446 2166 spem
467 2077 636 2142 exanimis
654 2077 765 2142 restris
781 2079 958 2144 recidentes
972 2077 1135 2146 clehorore

100 2197 242 2280 oportet,
258 2198 294 2254 ut
309 2185 507 2276 cognoscitis
522 2207 660 2273 quonum
674 2186 724 2252 vie
735 2185 776 2252 sd
790 2187 1008 2254 remissionem
1023 2211 1133 2279 peccu-

100 2310 251 2368 torumet
261 2319 350 2388 spem
361 2295 553 2362 haereditetis
565 2295 793 2385 promissorum
803 2299 963 2364 honorum
973 2300 1135 2386 pervenie-

100 2411 150 2478 tis.
170 2409 240 2476 llis
250 2421 359 2476 entem
372 2418 509 2481 nonest,
525 2407 584 2474 nisi
595 2407 677 2482 haec,
693 2419 729 2470 ut
744 2406 832 2473 hunc
843 2407 1006 2474 Christum
1018 2431 1133 2499 agnos-

101 2530 225 2597 centes,
237 2517 341 2586 acillo
353 2499 612 2606 adpeceetorurn
623 2517 841 2583 remissionem
851 2519 1023 2608 baptismo,
1036 2539 1133 2608 quem

103 2629 211 2695 Erato
225 2627 416 2719 ptmdicevit,
437 2626 549 2703 abluti,
566 2627 634 2692 sine
648 2639 783 2716 peccato
801 2629 952 2720 deinceps
975 2631 1097 2697 videtis.

146 2737 244 2805 XLV.
263 2736 345 2804 Tum
360 2731 490 2826 Trypho
503 2757 511 2802 t
528 2736 609 2812 Etsi,
623 2737 736 2825 intrusit,
756 2759 793 2802 es
809 2740 919 2805 videor
933 2739 1135 2828 interpellare

101 2847 835 2939 quaeudpertractandumnccestsriuedisseris,
844 2859 977 2936 urgente
985 2860 1134 2916 temones

100 2959 288 3046 quinniens,
301 2973 399 3045 quem
408 2955 481 3022 volo
492 2975 623 3045 ponere.
636 2955 687 3022 loe
696 2957 838 3044 primum
849 2967 884 3019 ut
895 2953 1102 3043 moperl'eros.

147 3067 231 3132 Tum
245 3089 325 3155 ogo:
349 3066 516 3154 Quidquid
535 3063 691 3152 placuerit
705 3064 878 3151 interrogo,
899 3075 935 3128 ut
949 3064 981 3130 in
995 3079 1136 3134 mentem

104 3176 232 3242 reniet:
250 3195 325 3240 nrm
339 3176 437 3240 etium
451 3187 522 3262 post
541 3175 732 3262 interrogato
748 3181 781 3238 et
795 3191 945 3262 response
961 3179 1137 3246 orationem

105 3303 268 3350 resumere
283 3285 424 3349 conabor
437 3295 470 3348 et
482 3281 656 3349 ehsolvere.

149 3393 191 3460 At
218 3391 301 3457 ille:
328 3392 389 3458 Dio
411 3391 488 3456 mihi
510 3393 617 3480 igitur,
642 3391 757 3481 inquit,
780 3394 834 3482 qni
854 3395 1033 3462 secundom
1056 3418 1139 3486 prae·

103 3502 220 3590 scripta
238 3499 316 3590 legis
332 3523 390 3590 per
404 3499 526 3565 Mosom
540 3500 690 3565 institutes
703 3501 860 3578 vixerunt,
878 3513 986 3569 utrum
998 3505 1022 3570 ii
1038 3521 1138 3575 necne

105 3608 248 3676 similiter
266 3631 306 3676 so
324 3609 441 3686 Jsrot,
464 3607 597 3675 llenooh
618 3619 652 3672 et
672 3608 738 3675 lloe
757 3609 790 3676 in
809 3614 1040 3682 resurrectione
1054 3638 1138 3686 mor·

105 3727 232 3787 tuorum
247 3715 376 3784 virenti

149 3825 189 3890 Et
203 3823 312 3916 egued
328 3821 442 3890 illum:
461 3821 545 3890 Cum
560 3845 597 3888 eu
613 3821 744 3912 protuli,
762 3823 904 3915 Trypho,
920 3853 991 3919 quae
1005 3833 1045 3899 cb
1062 3829 1138 3903 nze.

135 3960 144 3996 ¹
156 3931 250 4007 Erech.
259 3971 311 4018 xrs,
325 3972 362 4008 ru.
374 3979 406 3994 -·
417 3953 505 4006 ’Etsi
519 3969 585 4016 uri,
599 3951 639 4012 sl.

194 4067 215 4110 ι.
917 4067 955 4110 ss
