2516 4636
270 263 333 332 tte
463 339 465 344 ,
585 289 699 334 ssncrr
724 289 837 334 rennes
859 291 926 334 ιιι.
954 291 990 334 rn
1209 341 1210 352 2

268 417 355 471 nem,
370 407 404 461 et
420 407 553 486 prepter
566 393 721 485 Spiritum
736 397 790 486 qui
809 399 1015 486 nequieret-st
1028 419 1105 486 snper
1115 419 1158 468 eos:
1169 423 1191 464 n:

269 515 375 570 temen
389 503 589 570 advenissent
602 503 731 592 quidem
745 505 785 571 eb
800 504 946 581 docebo,
963 507 1103 594 sepersrit
1113 529 1144 578 ss,
1153 482 1202 572 esi

269 613 473 680 manducarit
494 633 569 681 cum
590 613 666 682 eis‘-
693 615 763 688 lloc
791 614 896 704 ipsum
922 627 1035 682 sutem
1049 615 1113 680 dixit
1121 614 1185 680 Prole

268 723 447 790 liernsbsm
461 720 582 788 iecisse.
598 721 654 790 Sic
665 721 819 812 Apostoli,
835 746 919 813 quos
935 723 1071 789 nniressi
1084 735 1205 789 sensns.

268 853 364 898 rersse
384 830 536 898 doctrinm
555 831 712 900 Dominus
731 844 827 900 testes
846 833 926 900 iecit
952 832 1086 921 (ubique
1100 833 1159 896 enin
1170 833 1207 901 isi

268 961 344 1008 cum
358 961 397 1006 eo
412 939 593 1008 assistentes
608 941 812 1010 inveniuntur
826 941 943 1008 Petrus
965 954 1001 1008 et
1017 941 1199 1008 Jsccbnretln

267 1053 358 1138 nes),
379 1048 523 1141 religiose
541 1054 677 1142 egebant
697 1054 783 1120 circe
797 1053 1047 1142 dispositionem
1066 1051 1136 1141 tagis
1147 1073 1184 1138 pe

267 1160 444 1228 secundnm
465 1159 621 1251 Moysem,
647 1164 688 1230 eb
712 1187 776 1230 uno
798 1176 832 1230 et
855 1165 979 1231 ecdem
1006 1163 1174 1256 significante

266 1269 345 1338 ttso.
368 1271 466 1351 Quod
483 1271 612 1360 quidem
631 1295 696 1338 nen
715 1269 864 1340 iecissent
881 1273 1067 1340 secundum
1080 1293 1135 1360 que

141 1375 145 1382 ’
268 1400 352 1454 mus,
368 1379 393 1444 si
412 1391 527 1470 praeter
541 1401 617 1446 eum
632 1380 686 1468 qui
700 1379 792 1469 Legis
807 1379 1054 1469 dispositionem
1068 1379 1138 1451 lecit,
1151 1375 1168 1440 sl

155 1501 173 1547 ·'
221 1511 225 1520 ’
267 1487 393 1556 Putrem
409 1487 579 1555 eDomino
595 1489 789 1556 didicissent.

298 1717 301 1724 -
316 1661 356 1735 5⁰
374 1666 426 1734 Ex
439 1665 474 1732 S.
489 1659 624 1732 Paulo:
643 1660 703 1732 hic
718 1659 857 1759 prolixe
871 1665 950 1760 agit
966 1659 1016 1734 de
1027 1665 1061 1734 S.
1075 1657 1192 1730 Paulisn

160 1771 165 1782 '
199 1829 201 1836 a
267 1772 373 1843 ritate
396 1769 502 1864 cujus
527 1769 781 1842 auctoritatem
806 1767 866 1839 alii
889 1767 1114 1842 extollebant
1129 1763 1183 1834 ab

267 1876 491 1976 rejiciebant.
515 1873 656 1948 Sufficit
677 1891 802 1948 autern
823 1875 869 1948 ad
889 1878 1097 1976 argumenti
1113 1873 1190 1942 renti

267 1986 382 2109 ipsius
408 1980 511 2053 Pauli
540 1982 793 2051 testimonium
821 1977 972 2069 afferre,
1002 1979 1101 2079 quod
1119 1991 1189 2047 ante

267 2093 336 2190 ipsi
326 2093 512 2162 Irenaeus
529 2076 815 2186 rescripserat:

310 2253 352 2318 Et
369 2247 541 2339 Apostolus
557 2259 666 2316 autem
684 2247 813 2324 Pardus,
834 2247 974 2314 dicens:
995 2245 1062 2313 «Si
1079 2237 1187 2314 estote

269 2379 361 2426 non
383 2367 475 2426 erent
496 2357 539 2424 dii
566 2357 718 2433 servistis.
742 2379 830 2425 nunc
850 2344 1204 2483 cognomenantes
1199 2321 1210 2400 l

268 2467 447 2558 »cognitis
467 2465 603 2541 Ileo'.
590 2466 780 2556 sepsrevit
793 2489 849 2532 eos
863 2467 917 2555 qui
932 2491 1002 2534 non
1021 2475 1117 2539 erent
1129 2459 1188 2531 titi
1209 2517 1210 2556 ff

268 2588 318 2646 est
332 2577 428 2646 Deus.
448 2576 512 2644 Et
503 2588 620 2642 iterum
637 2574 678 2643 de
695 2574 891 2644 Antichristo
910 2574 1047 2644 dicens:
1065 2563 1191 2652 ‹eridet
1209 2557 1210 2594 ³

270 2707 350 2760 stur
368 2699 402 2756 et
415 2685 537 2756 extollit
550 2709 597 2763 se,
613 2685 729 2775 inquit,
748 2707 844 2812 super
858 2708 956 2753 omne
970 2685 1060 2777 qnod
1074 2668 1210 2749 arene

270 2801 348 2870 »vel
368 2799 455 2889 qued
473 2795 624 2872 colitur&
643 2817 727 2862 reos
747 2796 800 2884 qui
827 2797 867 2864 eb
890 2796 1106 2886 ignorantibus
1122 2788 1189 2854 vem
1209 2875 1210 2880 ἵ

270 2915 421 2982 dicuntur
442 2906 611 2999 significet,
634 2905 667 2972 id
688 2917 750 2982 est,
772 2905 867 2972 idola.
891 2908 1021 2976 Etenim
1042 2904 1193 2971 pensons

269 3025 356 3091 Deus
379 3021 507 3095 dieitur,
527 3032 561 3086 et
581 3028 656 3084 est:
677 3030 711 3084 et
729 3040 794 3084 nen
813 3039 909 3108 super
928 3017 1019 3086 bunc
1032 2997 1189 3084 extolleturll

269 3133 422 3204 christus:
414 3128 500 3195 ·sed
515 3151 611 3218 super
624 3149 679 3194 eos
691 3151 746 3217 qur
736 3127 913 3197 dicuntur
927 3129 1070 3218 quidem,
1083 3141 1134 3191 non
1144 3115 1198 3178 wll

269 3259 335 3312 tem
355 3242 409 3308 dii.
430 3238 591 3319 Quoniam
605 3249 713 3303 numm
733 3237 796 3303 hoc
813 3256 924 3304 rerum
939 3250 1001 3314 est,
1020 3238 1082 3327 ipse
1097 3209 1196 3295 Psulttl

278 3354 428 3421 «Scimus
447 3361 554 3414 autem
565 3347 716 3435 quoniam
735 3345 814 3412 nihil
828 3357 876 3413 est
891 3345 1027 3425 idolum,
1041 3355 1073 3412 et
1084 3331 1201 3434 quanter

270 3486 350 3532 mo
365 3461 464 3533 Deus
479 3456 539 3524 nisi
551 3477 643 3522 nnus.
659 3454 825 3522 Etenim
799 3479 826 3522 ss
841 3469 915 3522 sunt
930 3481 984 3550 qur
975 3399 1196 3523 ’Πτίίοοοιοοᾶύὲ

270 3568 473 3644 ineoelost
448 3567 555 3634 sivein
568 3577 669 3638 terres
685 3566 777 3634 nobis
791 3567 983 3645 unusDeus,
996 3569 1091 3637 Peter
1101 3552 1200 3636 apost
