2688 4626
358 256 397 298 All
421 253 545 300 GRAECOS
569 253 780 298 COHORTATIO.

20 363 150 420 :entra
165 367 314 434 Martem,
328 360 383 420 des
397 363 482 420 eaesia
495 362 646 422 Minerva:

20 463 150 518 :onera
167 465 188 520 J
191 481 320 520 ursonem
335 461 447 535 stabat,
462 481 551 521 aurea
565 461 622 522 tela
633 480 748 541 gerens,
761 479 883 532 sonora,

20 559 131 618 Mena
148 561 271 640 sagittis
282 561 426 640 gaudens,
439 581 526 621 soror
538 561 640 640 procul
649 560 803 639 jaculantis
816 561 977 639 Apollinis:

20 666 158 718 Tlontra
172 665 324 722 Latonam
337 661 432 720 stabat
444 675 576 720 servator
585 663 717 740 pernulis
730 663 900 720 llIereurius.
909 663 997 720 Iliad.
1005 672 1035 734 Υ,
1046 661 1092 719 65.

20 781 118 844 llaeo
136 803 204 846 vos
216 781 257 846 de
273 781 331 846 diis
345 791 378 846 et
392 769 452 847 alia
468 782 625 872 ejusmodi
641 783 749 848 docuit
764 783 934 856 Homerus,
951 802 1012 846 nee
1023 779 1092 844 llo-

20 911 161 952 merus
180 889 299 965 solum,
321 889 377 954 sed
395 889 489 956 etiam
505 890 671 957 Hesiodus.
696 890 898 979 Quapropter
916 890 943 954 si
962 889 1091 980 credilis

20 1005 226 1081 poetarum
242 1009 417 1062 vestrorum
432 999 709 1086 prestantissimis,
729 999 782 1086 qui
797 996 997 1087 genealogias
1012 999 1090 1062 deo-

20 1127 115 1167 rum
137 1116 324 1171 vestrorum
340 1107 491 1195 scripsere
497 1132 507 1180 ;
526 1129 656 1174 neeesse
670 1119 718 1173 est
734 1119 769 1171 ut
784 1131 838 1174 eos
853 1091 901 1172 vel
917 1105 995 1172 tales
1006 1108 1090 1172 exis-

26 1215 170 1281 timetis
186 1237 270 1292 esse,
287 1216 336 1282 vel
351 1241 392 1283 ne
407 1219 483 1282 deos
498 1218 627 1304 quidem
643 1219 773 1284 omnino
788 1240 857 1282 esse
872 1217 1020 1282 credatis.

84 1325 152 1391 lll.
174 1324 233 1390 Sin
245 1337 351 1392 autem
369 1337 478 1416 poetas
497 1325 639 1415 refugitis
655 1325 803 1416 allegam,
820 1336 988 1414 propterea
1005 1324 1091 1412 quod

32 1433 148 1498 licere
168 1433 232 1502 illis
251 1435 370 1526 fingere
390 1436 507 1513 dicitis,
527 1447 560 1500 et
579 1433 680 1501 mulla
700 1459 718 1500 a
738 1459 815 1502 vero
834 1445 956 1500 remota
978 1434 1017 1498 de
1034 1434 1093 1498 diis

33 1543 200 1611 fabulose
212 1547 365 1614 disserere
373 1571 383 1621 ς
401 1571 482 1636 quos
497 1548 628 1614 tandem
639 1545 716 1612 alios
731 1545 892 1634 religionis
903 1555 1015 1610 uestrae
1026 1567 1095 1608 ma-

38 1655 170 1740 gistros
187 1655 307 1721 habere
320 1657 411 1723 vobis
426 1657 591 1733 videmini,
612 1667 646 1720 et
659 1655 821 1743 quomodo
840 1677 912 1718 eam
927 1653 998 1719 illos
1017 1653 1098 1718 diei-

40 1763 87 1824 tis
102 1763 296 1850 accepisse?
306 1764 393 1829 Fieri
408 1765 494 1830 enim
506 1788 570 1830 nnn
581 1774 686 1851 potest
698 1774 734 1828 ut
745 1774 812 1826 tam
823 1785 936 1850 magna
947 1773 980 1828 et
995 1763 1099 1826 divina

44 1881 272 1957 cognoscant,
288 1871 349 1936 nisi
365 1870 419 1958 qui
436 1871 524 1957 prius
538 1894 557 1935 a
572 1870 745 1936 scientibus
764 1869 942 1934 didicerint.
966 1869 1099 1958 Sapien-

50 1991 107 2042 tes
126 1979 275 2066 prolecto
289 1991 322 2044 et
335 1978 541 2068 philosophos
557 1979 676 2046 dicetis.
701 1977 751 2045 Ad
770 1978 828 2044 hos
847 1979 933 2044 enim
948 1990 1097 2066 tanquam

48 2088 97 2152 ad
125 2111 260 2154 murum
281 2089 514 2170 eommunitum
536 2088 707 2176 confugero
728 2087 845 2165 soletis,
869 2089 894 2153 si
918 2089 987 2176 quis
1008 2089 1097 2152 volsis

50 2211 232 2286 poetarum
253 2199 293 2263 de
314 2200 373 2265 diis
393 2200 522 2286 objiciat
543 2199 717 2287 opiniones.
744 2199 962 2277 Quamobrem
984 2222 1095 2264 cuma

53 2308 221 2374 veteribus
238 2319 270 2373 et
289 2309 398 2398 primis
413 2307 511 2375 ordiri
527 2310 707 2385 conveniat,
728 2309 802 2374 iude
820 2309 968 2397 incipiam
984 2321 1017 2374 et
1037 2333 1096 2374 eu—

59 2421 175 2504 iusque
194 2417 388 2505 opinionem,
408 2415 509 2482 mullo
531 2441 605 2483 sane
628 2428 796 2506 poetarum
818 2416 976 2506 theologia
995 2418 1095 2505 magis

65 2521 240 2594 ridiculam,
258 2546 425 2612 exponam.
448 2522 562 2589 Thalos
578 2524 708 2612 quidem
723 2522 875 2598 Milesius,
894 2525 948 2612 qui
965 2535 1093 2605 nntupn·

64 2635 103 2700 lis
122 2633 326 2723 philosophiae
341 2635 574 2722 pertractandas
588 2637 738 2722 princeps
756 2635 886 2708 exstitit,
908 2658 1018 2699 rerum
1033 2655 1098 2698 om—

64 2747 154 2811 nium
168 2743 360 2832 principium
375 2765 490 2830 aquam
506 2767 576 2809 esse
593 2745 834 2831 pronuntiavit:
859 2767 899 2806 ex
913 2765 996 2828 aqua
1014 2743 1099 2806 euim

63 2857 108 2920 nit
124 2855 228 2920 omnia
241 2853 309 2918 lieri
321 2865 353 2918 et
367 2854 529 2940 inaquam
542 2854 652 2920 omnia
660 2851 786 2917 resolvi.
801 2851 876 2916 Post
887 2851 976 2916 hune
987 2851 1100 2916 Anaxi-

65 2964 209 3038 mander,
231 2986 272 3028 ex
292 2963 405 3028 eadem
420 2959 541 3037 Mileto,
564 2962 727 3028 infinitum
748 2961 940 3049 principium
955 2962 1098 3027 omnium

69 3070 231 3136 constituit
243 3093 251 3133 :
265 3091 304 3132 ex
319 3091 358 3133 eo
373 3069 460 3134 enim
476 3068 544 3133 fieri
560 3069 666 3134 omnia
683 3079 715 3132 et
730 3067 762 3132 in
774 3066 852 3134 illud
865 3068 967 3133 redire
980 3069 1096 3134 omnia.

72 3179 100 3244 Τ
103 3177 198 3244 ertius
213 3176 432 3252 Anaximenes,
449 3176 586 3242 Milesius
600 3188 633 3244 et
648 3178 729 3266 ipse,
741 3199 848 3242 aerem
859 3179 1002 3242 omnium
1018 3179 1105 3265 prin-

74 3288 194 3378 cipium
209 3308 277 3350 esse
292 3285 432 3350 decernit
445 3308 453 3348 ι
467 3309 554 3352 exeo
565 3288 650 3352 enim
663 3287 770 3351 omnia
786 3286 854 3350 fieri
870 3297 902 3350 et
918 3287 951 3350 in
967 3284 1045 3350 illud
1057 3311 1103 3350 re-

74 3397 162 3466 solvi.
179 3391 358 3464 Heraclitus
371 3406 404 3458 et
418 3395 570 3482 Hippasus
581 3395 817 3483 llelapontinus
831 3393 1022 3482 principium
1038 3419 1103 3461 om-

77 3509 161 3573 uium
176 3503 283 3592 ignem
298 3523 367 3565 esso
381 3502 605 3590 pronuntiant:
619 3525 658 3566 ex
674 3501 747 3590 igne
759 3502 845 3566 enim
857 3501 943 3568 nasei
955 3505 1057 3568 omnia
1070 3519 1102 3569 et
1125 3487 1128 3497 Δ

78 3617 219 3705 inignem
239 3611 348 3678 omnia
366 3609 523 3676 desinere.
542 3611 744 3698 Anaxagoras
760 3609 976 3679 Clazomenius
995 3615 1101 3682 simili-

83 3725 192 3792 tudines
207 3723 345 3813 partium
360 3745 368 3786 :
384 3719 560 3788 Archelaus
577 3721 791 3796 Atheniensis,
808 3721 987 3812 Apollodori
1002 3725 1100 3802 iilius,

83 3855 176 3906 nomm
188 3831 361 3910 infinitum,
375 3829 523 3918 illiusque
534 3831 724 3900 densitatem
736 3843 768 3898 et
782 3834 940 3900 raritatem
955 3837 1100 3902 omnium
