2674 4618
356 303 477 346 CONTRA
502 303 622 345 GRAECOS
645 303 769 344 uusrto.
1051 303 1069 362 0

31 415 176 478 minime
191 436 209 476 a
227 412 318 480 nobis
334 411 596 475 committendum
611 420 667 474 est.
687 409 832 496 Apertius
843 419 950 472 autem
965 418 1069 472 nostia
1096 479 1101 494 .

28 544 213 608 exponam.

76 628 121 692 V.
141 629 234 694 Deus
248 639 314 692 erat
330 629 361 692 in
377 627 531 715 principio
550 649 557 690 :
575 625 763 714 principium
779 637 886 690 antem
900 623 996 690 Verbi
1012 645 1071 712 po-

29 740 181 802 tentiam
196 761 264 804 esse
279 738 469 823 accepimus.
490 735 711 800 Universornm
723 736 806 801 enim
819 735 975 808 dominus,
998 755 1073 820 qna·

31 857 141 910 tenus
165 846 296 932 -quidcm
313 845 452 908 mundus
472 843 613 907 nondum
637 853 703 907 erat
726 856 860 917 creatus,
881 841 965 906 solus
983 849 1068 910 erat;

33 969 207 1042 quatenus
223 967 324 1017 autem
340 955 406 1042 ipse
418 954 557 1041 potentia
574 953 687 1027 omnis,
708 965 739 1016 et
754 975 863 1017 eorum
878 973 946 1038 qnae
961 948 1072 1015 viden-

31 1077 93 1125 tur
110 1075 146 1125 et
163 1083 232 1126 non
246 1062 392 1126 ridentur
405 1061 579 1148 hypostasis
591 1061 654 1124 sive
669 1061 852 1124 sustentatio
867 1071 945 1133 erat,
967 1055 1071 1122 omnia

31 1196 117 1237 csrm
133 1195 176 1236 eo
192 1194 253 1259 per
267 1169 452 1235 rationalem
465 1170 640 1256 potentiam
654 1171 850 1234 sustentabat
865 1169 966 1255 ipsum
977 1166 1071 1230 etiam

30 1279 122 1343 illud
136 1277 297 1353 Verbum,
313 1277 399 1365 quod
418 1289 484 1341 erat
500 1277 532 1341 in
547 1301 594 1341 eo.
614 1275 783 1342 Voluntate
798 1288 904 1340 autem
923 1272 1072 1362 simplici-

32 1388 116 1452 tatis
129 1388 205 1472 ejus
218 1384 335 1474 prosilit
345 1384 502 1452 Verbnm¹
517 1383 677 1449 :Verbum
688 1397 806 1460 autem,
820 1408 883 1449 non
895 1385 926 1448 in
937 1405 1071 1448 vacuum

31 1517 268 1583 progressum,
282 1493 316 1558 lit
328 1517 406 1581 opus
418 1493 661 1580 primogenitum
674 1493 781 1557 Patris.
797 1494 866 1558 Hoc
880 1493 996 1557 scimus
1007 1514 1072 1555 esse

32 1604 153 1670 mundi
177 1603 381 1691 principium.
407 1602 523 1668 Natum
544 1613 716 1666 astantem
737 1625 794 1690 per
814 1599 1075 1667 communicatio-

35 1737 126 1787 nem.
151 1735 224 1778 non
241 1735 300 1800 per
323 1712 569 1781 abscissionem:
591 1733 665 1776 nam
681 1710 766 1798 quod
787 1712 958 1776 abscissum
977 1719 1037 1782 est,
1055 1731 1072 1771 a

36 1822 146 1906 primo
163 1829 347 1906 separatum
370 1819 457 1905 quod
472 1827 576 1882 autem
591 1841 648 1905 per
664 1819 981 1883 communicationem
998 1839 1073 1905 pro-

40 1926 194 2012 greditur
208 1924 416 1990 voluntariam
432 1924 734 1990 administrationem
754 1926 936 2014 suscipiens,
953 1921 986 1990 id
1000 1947 1073 1988 eum

41 2057 114 2096 non
127 2033 289 2096 imminuit
298 2056 404 2120 exque
414 2033 615 2119 desumptum
628 2044 683 2096 est.
701 2033 976 2111 Quemadmodum
987 2032 1072 2098 enim

40 2166 82 2206 ex
101 2163 167 2206 una
183 2141 255 2208 sace
270 2139 356 2214 multi
371 2142 458 2229 ignes
469 2142 699 2216 accenduntur,
713 2165 772 2207 nec
787 2155 891 2206 tamen
908 2143 1015 2229 primae
1031 2139 1072 2203 fa-

37 2253 99 2326 cis,
117 2253 162 2316 ob
177 2250 287 2340 plures
297 2275 444 2318 accensas
458 2251 552 2326 faces,
572 2249 625 2314 lux
639 2251 856 2315 imminuitur:
872 2252 916 2317 sic
931 2251 1071 2318 Verbum

35 2383 76 2422 ex
92 2359 199 2422 Patris
215 2359 354 2445 potentia
366 2341 527 2444 prodiens,
540 2356 714 2444 genitorem
727 2355 822 2422 Verbi
836 2369 995 2444 expertem
1007 2379 1070 2422 non

36 2467 128 2531 fecit.
148 2466 233 2534 llam
247 2477 351 2552 elego
368 2463 480 2549 loquor
494 2474 527 2528 et
543 2485 596 2528 vos
612 2459 725 2528 auditis
740 2488 748 2528 :
763 2487 822 2530 nec
836 2478 964 2554 propter
974 2477 1073 2529 trans-

34 2579 231 2644 missionem
245 2573 396 2638 sscmonis
415 2596 472 2660 ego
488 2573 541 2660 qni
557 2570 699 2658 alloquor
714 2597 859 2639 sermone
875 2597 993 2639 vacuus
1007 2574 1068 2646 fi0;

34 2688 91 2752 sed
114 2705 236 2754 vocem
254 2703 360 2746 meam
376 2679 536 2767 proferens
558 2682 721 2746 materiam
741 2681 773 2745 in
789 2682 876 2746 vobis
896 2682 1072 2746 inornatum
1099 2685 1103 2694 '

35 2817 154 2858 ornare
178 2778 321 2856 instituo.
347 2789 388 2852 Et
409 2786 675 2874 quemadmodum
696 2789 837 2856 Verbum
863 2791 895 2855 in
920 2786 1074 2877 principio

70 2962 79 2993 ¹
91 2961 222 3008 Tatianus
236 2959 278 3005 liic
295 2965 352 3020 pust
371 2955 396 3004 S.
416 2955 540 3002 loannem
553 2955 648 3018 Evang.
662 2955 737 3004 ducet
750 2955 813 3016 qisod
827 2955 891 3002 Dens
905 2964 954 3003 erut
969 2955 993 3003 in
1005 2957 1072 3017 prin·

37 3033 112 3094 cipio,
127 3038 154 3078 et
165 3045 213 3092 per
224 3027 287 3078 illud
299 3031 452 3092 principium
464 3025 656 3092 intelligendum
670 3043 722 3074 esse
738 3027 846 3073 Verbum
858 3028 969 3075 divinum
983 3045 988 3074 τ
1001 3028 1073 3076 Prin-

38 3105 89 3166 cipi
94 3121 138 3148 nm
150 3111 232 3148 entem
243 3102 312 3149 Verbi
319 3104 450 3164 poteritinm
461 3117 510 3148 ersa
518 3101 663 3164 occepimus,-
677 3101 702 3146 in
716 3115 765 3164 quo
775 3117 833 3148 cunr
845 3102 939 3150 caeteris
949 3099 1075 3148 veteribus

39 3186 106 3224 ante
122 3174 198 3222 illum
215 3181 337 3224 convenit.
353 3177 420 3223 ltenr
432 3177 467 3222 ait
483 3175 1074 3240 «Deuml'uisscsulum‚quatenusnnsndusnon-

36 3276 47 3296 ι
56 3253 131 3300 dum
141 3257 244 3298 creatus
253 3260 310 3310 erat,
322 3259 445 3316 qnatenus
453 3266 511 3298 sero
521 3260 559 3298 est
569 3252 650 3298 omnis
660 3253 782 3313 potentia,
794 3261 818 3298 et
831 3269 915 3314 eornm
926 3268 979 3314 quse
990 3247 1073 3296 vidrnl

34 3335 101 3372 »tur
119 3331 150 3370 et
170 3339 222 3370 non
239 3323 349 3372 rideatur
364 3326 513 3372 sustentatio
526 3333 605 3372 crata
625 3325 690 3372 item
704 3326 816 3388 agnoseit
827 3325 865 3372 iric
876 3324 1071 3371 coaeternitatem

35 3398 122 3445 Verbi
137 3413 202 3443 cnm
217 3395 293 3456 Patre,
306 3408 330 3446 et
344 3397 469 3446 actualem
486 3399 539 3462 ejus
552 3401 721 3458 existentiam,
735 3417 789 3464 quae
805 3400 887 3448 dillcrt
899 3399 930 3446 ab
942 3398 1074 3445 existentia

33 3473 142 3526 Pamin
154 3483 189 3516 ex
204 3483 254 3532 quo
267 3471 397 3520 manifeste
409 3471 525 3530 inlectur,
547 3483 570 3518 ιο
582 3473 700 3521 identitas
717 3483 809 3520 naturae
820 3473 844 3520 in
860 3472 930 3520 Patre
942 3480 966 3518 ct
980 3469 1072 3526 Verbo,

33 3548 94 3610 quia
107 3547 187 3607 juata
206 3557 292 3590 rerum
306 3555 419 3592 veterum
432 3545 601 3604 ratiocinium,
612 3548 638 3594 id
652 3547 718 3610 quod
730 3555 766 3594 est
780 3554 931 3594 straeternum
944 3553 981 3594 est
996 3545 1072 3591 etiarn

30 3616 276 3673 consubstantiale,
289 3633 319 3664 es
331 3635 378 3682 qua
392 3621 486 3666 ratione
500 3621 576 3666 ctiam
591 3621 711 3668 Tatianns
723 3623 886 3668 aeternitatem
901 3622 1010 3668 materie
1022 3635 1070 3666 uun

28 3692 167 3739 admittit.
186 3697 213 3736 a·
229 3689 340 3738 insertur
352 3693 488 3754 personalis
498 3693 637 3742 differentia
651 3698 713 3742 inter
724 3695 820 3742 Patrem
833 3705 857 3742 et
870 3695 979 3743 Ve'rbnna
992 3716 998 3742 :
1012 3711 1070 3742 nam

29 3767 46 3810 si
58 3777 262 3826 amputamus,
273 3765 309 3810 uti
320 3767 439 3828 supponit
447 3765 577 3828 'fatienus,
591 3777 724 3830 utrumque
734 3767 764 3816 ab
776 3777 866 3818 aterno
874 3769 998 3818 actualem
1008 3768 1071 3815 eris-

29 3842 149 3886 tentiam
161 3835 294 3894 habuisse,
308 3842 445 3888 necessario
458 3843 579 3906 sequitur,
592 3859 720 3908 persenam
731 3845 810 3892 Patris
820 3861 833 3893 a
844 3861 948 3908 persons
958 3843 1015 3892 Filii
1024 3842 1071 3890 dil·

25 3911 108 3968 ἴση,
122 3910 192 3958 licet
200 3909 293 3959 eadem
305 3913 330 3962 in
342 3919 448 3976 utroque
460 3915 492 3962 sit
503 3923 626 3965 naturast
637 3917 750 3966 essentia.
