2586 4642
484 360 608 409 coutras
632 361 784 409 nnnssas.
1089 343 1152 410 525

38 485 54 522 s
72 460 371 532 commissuram
391 471 581 539 vestimenti
597 473 670 538 novi
686 473 719 538 in
735 470 960 540 vestimentum
973 483 1076 550 retus,
1092 497 1154 540 nee

41 597 55 630 s
75 569 233 639 mittunt
246 574 385 644 vinum
399 603 526 647 norum
541 581 574 648 in
586 593 672 648 utres
683 580 838 648 reseret
858 609 871 644 s
886 581 986 672 Igitur
998 593 1053 648 aut
1065 582 1151 648 omni

19 275 25 320 Ι

17 415 25 461 Ι

16 529 24 572 Ι

15 647 23 684 Ι

44 682 205 750 modoet
219 685 292 775 ipsi
308 691 769 784 abstineantseaProphetis,
780 705 932 783 tanquam
943 717 960 759 a
972 695 1148 769 veteribuss

14 789 15 796 '
46 799 84 856 et
100 814 178 858 non
198 794 352 877 dicant,
377 823 440 866 eos
456 803 496 868 ab
511 825 548 868 ea
564 802 787 890 novitateque
801 801 980 871 secundum
995 802 1153 892 principa·

12 906 24 1006 ¹¹
49 899 192 971 litatem
215 917 276 972 est
304 911 472 997 quasdam
494 910 622 988 dixisse,
644 911 856 1001 praemissosa
880 909 1079 1000 Demiurgo:
1099 923 1153 975 aut

11 1017 15 1118 ζ
50 1035 177 1081 rursus
204 1033 453 1108 arguuntura
475 1021 614 1089 Domino
628 1023 798 1099 dicenter
820 1044 940 1089 novum
955 1022 1065 1089 vinum
1087 1045 1152 1088 non

51 1154 66 1187 s
84 1127 183 1193 mitti
201 1127 244 1194 in
263 1143 373 1198 utres
389 1143 522 1200 veteres.
543 1161 556 1196 s

11 1251 12 1254 ’
105 1233 173 1306 ΙΙΙ.
195 1237 311 1306 Unde
331 1255 448 1309 autem
462 1265 571 1310 semen
585 1241 694 1310 Matris
711 1243 854 1334 ipsorum
871 1253 997 1332 poterat
1014 1263 1153 1334 cognos-

10 1366 17 1374 ·
60 1367 145 1413 nere
169 1371 216 1416 en
243 1373 333 1439 quse
359 1363 451 1420 erant
471 1353 554 1420 intra
576 1351 721 1420 Pleroma
745 1365 957 1430 sacramenta,
986 1365 1019 1419 et
1041 1354 1081 1420 de
1101 1354 1151 1421 his

9 1451 10 1486 ³
63 1455 214 1546 eloquii
241 1459 429 1552 Siquidem
451 1472 539 1529 extra
567 1459 712 1528 Pleroma
733 1463 870 1529 existens
892 1461 1005 1538 lister,
1029 1463 1153 1553 peperit

11 1577 15 1587 '
64 1566 138 1635 hoe
165 1568 295 1659 ipsum
320 1595 452 1646 semem
470 1569 558 1660 quod
578 1584 686 1638 autem
705 1584 794 1638 extra
815 1570 959 1638 Pleroma
980 1581 1040 1647 est,
1061 1583 1150 1638 extra

14 1683 22 1703 ·’
68 1678 302 1768 agnitionem
320 1703 390 1748 esse
406 1681 532 1758 dieunt,
544 1683 632 1769 quod
647 1693 695 1748 est
710 1682 897 1772 ignorantia.
913 1680 1086 1762 Quomodo
1098 1682 1154 1771 igi-

11 1795 24 1838 ῑ
70 1800 133 1854 tur
152 1788 192 1856 id
212 1791 318 1879 quod
329 1802 398 1857 erat
413 1790 605 1881 ignorantia,
616 1814 725 1858 semen
738 1803 944 1882 conceptum,
958 1791 1153 1881 agnitionem

13 1943 19 1950 -
73 1901 303 1967 annuntiare
314 1900 535 1991 poteratidut
545 1901 817 1990 quemadmodum
829 1901 894 1991 ipsa
911 1900 1061 1967 Materea
1080 1923 1153 1991 quae

13 2001 25 2064 ζ·
75 2021 183 2077 erant
205 2009 408 2078 Pleromatis
423 2013 635 2102 eognosoebat
652 2023 863 2088 sacramenta,
884 2011 1028 2078 informis
1049 2021 1082 2078 et
1101 2013 1153 2079 in-

15 2152 23 2176 ·.
78 2117 254 2209 figurata,
279 2120 366 2211 quasi
389 2121 569 2188 abortivum
591 2121 735 2212 projecta
758 2119 855 2197 lorus,
874 2132 907 2186 et
925 2119 969 2187 ibi
988 2133 1095 2210 aptata
1117 2131 1152 2187 et

79 2229 258 2306 formata,
271 2243 304 2296 et
318 2232 358 2297 ab
374 2231 461 2297 Horo
476 2230 636 2320 prohibita
652 2230 784 2296 interius
800 2228 935 2320 ingredi,
948 2240 982 2296 et
997 2229 1152 2318 usquead

15 2376 22 2405 :
84 2343 422 2410 consummationem
436 2353 525 2408 extra
540 2339 685 2408 Pleroma
700 2361 918 2432 perseverans,
938 2340 1046 2419 idest,
1064 2353 1151 2408 extra

19 2510 22 2518 .
85 2451 330 2543 agnitionem?
343 2451 465 2520 Rursus
481 2463 589 2520 autem
610 2452 789 2543 passionem
804 2451 932 2519 Domini
951 2463 1067 2542 typum
1082 2473 1152 2520 esse

13 2591 15 2628 ς
87 2563 254 2630 dieentes
269 2562 459 2628 extensionis
478 2561 596 2630 Christi
617 2563 801 2653 superioris,
817 2586 879 2652 qua
898 2574 1047 2628 extensus
1063 2563 1152 2628 lloro

12 2703 17 2713 ·
87 2669 258 2739 formarit
269 2697 381 2741 eorum
396 2673 547 2749 Matrems
562 2676 594 2742 in
606 2671 735 2763 reliquis
746 2685 937 2762 arguuntur,
950 2695 1016 2739 non
1032 2673 1152 2740 haben·

11 2819 14 2835 ·
90 2795 148 2850 tes
162 2783 410 2851 similitudinem
423 2786 490 2874 typi
502 2785 680 2850 ostendere.
696 2782 757 2848 Ubi
769 2783 855 2846 enim
867 2805 992 2847 sursum
1006 2781 1153 2849 Christus

8 2931 11 2949 ·
91 2903 204 2958 aeeto
218 2905 252 2958 et
275 2891 345 2958 lelle
364 2903 492 2981 potatus
511 2892 581 2958 esti
596 2903 651 2956 aut
672 2891 728 2956 ubi
749 2887 846 2955 divisa
866 2899 943 2956 sunt
964 2890 1152 2956 vestimenta

5 3038 8 3060 t
93 3000 207 3085 ejus?
229 3011 284 3065 aut
299 3001 354 3066 ubi
372 3011 513 3090 punctus
533 3012 595 3076 est,
610 3012 643 3066 et
658 2999 753 3066 exivit
773 2999 898 3089 sanguis
921 3011 954 3065 et
974 3001 1082 3089 aquai
1097 3011 1152 3068 aut

96 3105 166 3173 ubi
184 3121 290 3201 guttas
313 3110 473 3201 sanguinis
493 3107 640 3176 sudnvitl
658 3119 691 3176 et
711 3107 831 3198 reliqua
852 3131 1062 3199 quaeeumque
1084 3112 1151 3178 Do·

97 3219 202 3288 mino
217 3219 416 3298 oeciderunt,
430 3221 470 3286 de
484 3221 600 3310 quihus
614 3220 763 3287 dixerunt
777 3219 954 3311 Prophete.
971 3220 1063 3288 Unde
1073 3243 1151 3311 ergo

103 3329 153 3397 de
168 3331 206 3398 iis
221 3353 291 3421 que
305 3343 383 3400 tuno
394 3331 522 3421 quidem
535 3330 678 3398 nondum
690 3341 873 3407 evenerant,
890 3330 1086 3421 incipiebant
1097 3353 1151 3398 au·

104 3454 179 3510 tem
192 3437 333 3519 evenire,
349 3456 405 3509 aut
419 3441 531 3519 Mater,
547 3453 603 3509 aut
617 3465 726 3508 semen
741 3443 810 3532 ejus
826 3441 1002 3511 divinavit?

157 3551 212 3620 lV.
229 3549 346 3620 Adhuc
361 3553 458 3619 etiam
473 3574 569 3643 super
584 3551 655 3619 heo
674 3550 786 3619 dieunt
799 3552 930 3640 quidem
949 3574 966 3616 a
987 3551 1150 3642 principa-

110 3659 200 3728 litate
216 3661 362 3751 qusedam
376 3661 474 3739 dieta,
491 3660 646 3730 contutati
662 3662 702 3728 ab
718 3661 756 3728 iis
771 3684 842 3751 quaa
865 3662 898 3728 in
914 3660 1086 3750 seripturis
1107 3661 1149 3728 de

111 3771 231 3839 Christi
247 3770 385 3839 adventu
401 3771 592 3838 referuntur.
611 3769 692 3852 Qum
707 3784 814 3837 autem
830 3770 893 3837 sint
907 3769 990 3846 haee,
1002 3793 1066 3837 non
1082 3770 1148 3858 jam

113 3901 213 3948 unum
228 3881 383 3956 sentiunt,
394 3879 451 3949 sed
462 3877 513 3950 alii
529 3879 588 3948 alia
605 3878 709 3948 dehis
724 3879 798 3972 ipsis
811 3881 1015 3970 respondent.
1030 3877 1149 3967 siquis

146 4011 374 4078 llaur.r,dfi,37.
