2646 4628
341 311 465 356 coarat
490 313 640 356 annesae.
947 295 1008 358 285

25 437 45 478 n
62 412 107 479 illi
123 426 263 491 atomos;
282 439 347 482 non
367 441 436 482 asse
451 430 558 484 autem
575 419 644 486 hare
658 443 728 517 qum
744 433 818 486 sunt
836 433 925 488 extra
941 421 1010 490 Pla-

25 549 74 604 aa,
91 527 362 615 quemadmodum
378 527 422 595 illi
439 551 586 597 vacuum.
604 529 797 621 Semetipsos
811 555 887 623 ergo
902 535 936 601 in
947 535 1011 604 hoo

25 637 107 713 ndo,
133 661 209 706 oum
231 639 294 706 sint
317 651 405 706 astra
430 640 589 718 Pleroma,
613 643 645 708 in
668 641 777 709 looum
798 644 853 731 qui
875 665 941 712 non
963 660 1011 714 est

26 759 216 815 uraverunt.
227 747 323 829 Quod
334 759 442 816 autem
454 750 565 817 dieunt
576 751 728 839 imagines
739 773 806 818 esse
818 751 1010 822 lancearum

25 881 40 924 a
58 868 146 934 sunt,
164 879 272 924 rursus
288 858 541 926 manifestissime
555 860 729 926 Democriti
740 873 773 926 et
787 859 926 930 Platonis
941 888 1011 932 aen·

25 967 107 1034 tiam
122 967 310 1034 edisserunt.
329 967 532 1035 Democritus
547 969 633 1035 enim
644 969 765 1058 primus
780 971 836 1046 ait,
852 971 1011 1041 multaret

26 1076 75 1141 ias
91 1078 132 1141 ab
150 1076 353 1143 universitate
364 1076 657 1168 ligurasexpressas
669 1078 869 1148 deseendisse
880 1082 912 1148 in
924 1083 1011 1152 hune

25 1187 144 1254 ndum.
161 1187 252 1254 Plato
267 1211 342 1255 vero
357 1213 466 1256 rursus
481 1191 647 1258 materiam
661 1191 753 1267 dieit,
768 1202 801 1258 et
816 1194 1010 1284 exemplum,

25 1300 131 1366 Deum
150 1321 158 1362 ε
179 1321 259 1388 quos
274 1299 324 1365 isti
341 1311 523 1388 sequentes,
538 1299 656 1389 figuras
672 1299 755 1368 illius
769 1311 803 1367 et
816 1303 1010 1393 exemplum,

25 1409 127 1498 rgines
142 1431 255 1474 eorum
270 1432 340 1498 qum
360 1419 435 1476 aunt
454 1429 581 1476 sursum
597 1420 803 1486 meaverunt,
824 1433 883 1500 per
898 1411 1013 1480 demu-

25 1539 128 1584 ronem
143 1515 279 1582 nominis
294 1515 480 1605 semetipsos
494 1515 676 1582 inventores
690 1526 724 1581 et
741 1515 879 1584 faetores
898 1518 1013 1610 hujus-

27 1627 60 1692 di
76 1625 269 1716 imaginarie
283 1623 421 1692 lietianis
437 1622 618 1713 gloriantes.

25 1736 58 1806 dt
74 1735 138 1803 hoo
160 1747 268 1801 autem
284 1733 371 1822 quod
387 1755 427 1800 ex
442 1731 585 1819 subjecta
602 1732 734 1798 materia
749 1732 861 1800 dieunt
877 1733 1013 1803 fabrian-
1048 1779 1053 1790 .

27 1871 78 1914 em
93 1847 205 1914 secisse
220 1844 391 1920 mundum,
408 1855 440 1909 et
459 1843 674 1933 Anaxagoras,
690 1855 723 1908 et
742 1843 965 1934 Empedocles,
980 1861 1013 1914 ot

25 1970 63 2032 ‚to
79 1955 175 2044 primi
193 1965 268 2020 ante
283 1953 341 2020 hos
357 1952 520 2025 dixerunt;
541 1962 576 2017 ut
598 1951 745 2020 videlieet
759 1953 854 2021 datur
868 1955 1012 2048 intelligi,

25 2066 116 2155 ipsiu
139 2063 240 2130 Matre
262 2085 318 2128 sua
342 2061 495 2150 inspirati.
519 2060 615 2142 Quod
634 2071 743 2130 autem
764 2087 805 2132 ex
827 2067 1014 2134 necessitate

25 2173 229 2264 amquodque
245 2173 277 2238 in
292 2170 344 2238 illa
361 2171 493 2247 seoedit,
513 2193 553 2238 ex
567 2172 684 2260 quihus
698 2181 731 2238 ot
751 2172 871 2241 laetum
885 2199 953 2242 esse
969 2178 1014 2244 di·

25 2298 67 2362 at,
91 2295 124 2352 et
145 2285 242 2374 hujus
263 2283 460 2352 necessitatis
474 2305 603 2350 servum
619 2305 688 2348 esse
702 2281 820 2360 Deum,
839 2286 883 2352 ita
898 2299 1012 2355 utnon

26 2397 74 2462 ¹sit
94 2392 220 2461 mortali
240 2390 513 2462 immortalitatem
531 2391 661 2468 addere,
678 2391 727 2458 vel
743 2395 941 2485 eorruptibili
962 2400 1013 2466 in-

26 2503 192 2594 ·ruptelam
207 2503 341 2577 donares
359 2501 416 2570 sed
429 2501 579 2570 seeedere
595 2525 856 2594 unumquemque
873 2509 906 2572 in
923 2508 1012 2576 simi-

26 2627 178 2682 rnaturae
193 2638 258 2680 suaa
273 2612 481 2680 substantiam
501 2635 510 2676 :
529 2611 610 2678 ethi
632 2613 687 2700 qui
707 2635 745 2678 ex
764 2616 889 2702 porticu
912 2615 1012 2683 Stoiei

26 2722 187 2799 tollantur,
204 2733 237 2788 et
252 2720 389 2786 universi
405 2729 563 2808 quotquot
573 2718 678 2785 Deum
694 2721 854 2809 ignorant,
867 2734 969 2810 poetae
981 2735 1014 2790 et

27 2833 209 2922 ascriptores
228 2830 398 2897 affirmant.
417 2829 482 2910 Qui
501 2828 649 2894 eamdem
669 2828 823 2896 habentes
843 2830 1014 2898 infidelita-

27 2967 55 3020 r,
65 2939 281 3031 spiritualibus
289 2939 421 3029 quidem
431 2959 521 3004 suam
533 2936 697 3026 regionem
707 2939 1014 3016 attribuerunt,eam

27 3079 48 3118 a
60 3047 374 3122 ostintrsPleromat
395 3044 585 3113 animalibus
596 3058 717 3122 autom,
730 3049 924 3124 medietatiss
945 3073 1015 3118 cor-

27 3161 141 3228 rulibus
154 3167 275 3233 autem,
291 3157 377 3246 quod
389 3157 539 3225 ahoioum
552 3179 560 3221 r
575 3168 607 3222 et
618 3167 734 3246 prater
748 3157 818 3225 lraeu
832 3157 910 3226 nihil
923 3184 1016 3250 possa

27 3296 97 3348 um,
118 3269 174 3338 sed
194 3289 458 3358 unumquemque
476 3265 704 3358 predictorum
724 3269 766 3334 ad
787 3291 824 3334 ea
848 3293 918 3358 quae
940 3285 1015 3340 sunt
1104 3273 1110 3282 ’
1239 3263 1242 3274 ’

31 3383 123 3449 edem
138 3377 334 3454 substantie,
350 3376 500 3444 secedere
515 3375 685 3443 affirmant.

28 3492 119 3574 Quod
130 3501 239 3556 autem
250 3486 446 3555 salvatorem
463 3511 504 3553 ox
522 3488 671 3554 amnibus
687 3487 805 3555 factum
820 3509 889 3557 esse
903 3490 1017 3560 AEoni-

28 3599 321 3676 sdioant,omnibus
329 3599 361 3665 in
370 3619 446 3664 aum
453 3599 686 3688 deponentibus
694 3597 780 3666 velut
787 3599 901 3669 ssorem
907 3625 1015 3682 suum,

28 3739 41 3782 a
56 3725 144 3778 extra
159 3709 289 3777 Hesiodi
304 3707 484 3774 Pandoram
497 3729 618 3774 aarum
633 3705 753 3796 aliquid
769 3708 917 3778 afferunt.
933 3713 1017 3794 Quae

31 3851 62 3894 m
74 3822 124 3890 ille
135 3824 178 3890 ait
187 3823 227 3890 da
238 3819 304 3898 illa,
315 3821 384 3890 hmo
395 3820 477 3888 laide
488 3817 651 3888 Salvatore
663 3821 837 3900 insinuant,
846 3821 1015 3894 Pandaron

29 3933 212 4002 roduoantea
230 3953 319 4006 aum.
340 3931 430 4019 quasi
452 3927 669 4020 uuusquisque
692 3927 832 4000 AEonum
847 3936 933 4023 quod
955 3938 1014 4006 tm.
