2648 4634
255 291 318 382 59],
569 315 817 360 sancrrrnoser
841 317 903 360 urs.
931 317 969 361 ιιι

255 424 421 491 seduxerat
435 445 498 489 cos.
516 425 585 489 ‹Et-
599 423 688 500 dixit,
704 425 818 512 inquit,
834 425 920 492 Deus
935 427 1080 518 serpenti
1104 449 1113 490 ε
1135 425 1263 506 Quonim

255 561 268 596 s
282 532 380 599 fecisti
390 533 464 606 hoc,
473 531 659 600 maledictus
670 535 753 600 tu'ab
765 536 914 602 omnibus
926 536 1120 625 pecoribus,
1134 547 1168 601 et
1178 539 1213 601 ab
1223 562 1264 601 on-

256 671 269 706 »
284 642 489 709 nibusbestiis
498 641 613 733 terraef.
626 671 638 705 r
649 644 717 710 Hoc
727 644 811 710 idem
822 657 931 711 autem
942 645 1151 712 ctDominus
1164 645 1266 712 inlinr

258 743 351 842 gelio‚
365 750 413 818 his
423 751 477 839 qui
490 773 508 815 a
519 749 650 816 sinistris
662 752 878 828 inveniuntur,
890 754 935 818 ait
948 775 956 818 ε
970 779 984 814 r
996 753 1113 828 Abite,
1126 753 1268 821 maledicti.

261 863 320 926 »in
336 863 439 950 ignem
455 873 622 937 eternum,
638 885 732 950 quem
746 865 934 954 preparavit
948 864 1048 930 Pater
1064 887 1164 930 meus
1178 865 1269 930 diuisis

260 982 318 1036 »et
332 969 459 1060 Angelis
474 969 578 1059 ejus¹3
596 999 609 1035 ι
626 971 804 1061 significans
819 975 969 1062 quoniam
985 997 1055 1040 non
1073 973 1202 1040 homini
1214 977 1271 1063 prir-

261 1078 404 1168 cipaiiter
420 1091 613 1169 praeparatus
628 1092 676 1146 est
700 1093 835 1148 eternus
850 1083 943 1172 ignis,
966 1082 1024 1148 sed
1045 1083 1078 1148 ei
1095 1083 1156 1172 qui
1173 1083 1270 1154 scdm'a.

262 1200 293 1254 et
309 1188 470 1256 offendere
486 1189 560 1256 fecit
574 1188 749 1267 hominem,
763 1191 804 1267 ei,
818 1191 961 1280 inquam,
975 1193 1033 1281 qui
1056 1193 1211 1280 princeps
1225 1216 1271 1281 ape

262 1298 363 1364 stasiae
374 1309 434 1374 est,
446 1297 580 1387 principi
596 1299 816 1376 abscessionis,
826 1312 859 1366 et
873 1299 922 1367 his
934 1301 1070 1390 Angelis
1083 1303 1146 1390 qui
1161 1313 1268 1390 apostat-

262 1407 336 1475 iacti
353 1419 428 1474 sunt
442 1431 516 1476 cum
532 1431 591 1474 eo:
607 1433 702 1497 quem
718 1410 846 1498 quidem
863 1411 945 1497 juste
959 1412 1155 1500 percipient
1171 1413 1264 1477 etiami

262 1519 330 1609 qui,
348 1517 490 1584 similiter
506 1529 540 1582 ut
556 1516 612 1593 ilii,
625 1519 691 1583 sine
707 1519 889 1607 poenitentia
901 1532 934 1586 et
947 1520 1018 1586 sine
1031 1543 1191 1610 regresso
1201 1521 1268 1586 ior:-

266 1626 340 1695 litiae
358 1638 559 1716 perseverant
575 1628 733 1716 operibus.

310 1735 589 1818 Quemadmodum
606 1739 696 1815 Cain,
714 1761 789 1804 cum
799 1739 973 1827 accepisset
986 1737 1172 1806 consilium
1183 1763 1199 1804 a
1210 1740 1267 1806 te.

269 1847 315 1912 uti
329 1847 504 1935 quiesceret
519 1848 553 1912 in
567 1869 605 1913 eo
617 1847 704 1935 qood
716 1869 779 1912 non
792 1859 877 1913 recte
890 1847 1050 1914 divisisset
1062 1871 1144 1914 eam
1160 1871 1266 1938 quere.

267 1956 396 2024 fratrem
415 1969 484 2024 erat
505 1956 844 2031 communicationem,
865 1957 921 2022 sed
942 1979 1018 2024 cum
1043 1955 1122 2024 zelo
1145 1969 1179 2026 et
1196 1959 1267 2024 uate

267 2069 443 2156 suspicatus
458 2079 506 2133 est
519 2089 612 2155 posse
627 2064 780 2131 dominari
797 2065 879 2154 ejus,
892 2088 957 2132 non
973 2064 1089 2132 solum
1106 2092 1176 2134 non
1190 2067 1267 2155 aspir

269 2176 326 2253 vit,
353 2175 410 2242 sed
433 2187 466 2240 et
487 2175 604 2265 adjecit
624 2188 791 2264 peccatum
815 2197 909 2266 super
935 2187 1142 2263 peccatum,
1167 2175 1269 2244 marie
1295 2207 1296 2236 ;

270 2299 339 2353 tans
355 2287 545 2354 sententiam
559 2311 649 2354 suam
670 2311 727 2377 per
743 2287 959 2376 operationem
975 2309 1089 2355 suam.
1107 2289 1194 2370 Quod
1203 2289 1260 2350 ειιιίι
1296 2292 1297 2354 i

272 2397 438 2488 cogitavit,
460 2398 524 2466 hoo
542 2412 575 2465 et
590 2411 737 2487 operatus
752 2403 818 2476 est,
836 2397 1016 2464 dominatus
1033 2412 1116 2477 est,
1136 2393 1263 2464 eured-

273 2507 316 2586 cit
331 2531 418 2585 cum,
434 2507 623 2596 subjiciente
637 2508 705 2574 Deo
719 2509 839 2596 justum
853 2507 983 2594 injusto,
999 2517 1036 2572 ot
1054 2506 1117 2574 iile
1137 2507 1273 2596 queue

272 2618 309 2685 iis
326 2643 395 2706 quae
415 2641 523 2709 passus
543 2629 591 2683 est
612 2617 714 2706 justus
731 2617 925 2692 ostendatur,
943 2616 998 2682 hic
1015 2639 1101 2683 vero
1117 2641 1179 2708 per
1194 2639 1224 2682 ea
1236 2637 1270 2702 qt

274 2728 432 2798 commisit
447 2727 647 2816 detegeretur
658 2728 804 2816 injustus.
819 2727 859 2791 Et
874 2747 914 2790 ne
932 2725 978 2791 sic
995 2725 1143 2813 quidem
1161 2727 1273 2813 mitige-

274 2849 334 2916 ost,
351 2861 411 2905 neo
424 2838 541 2927 quievit
557 2862 651 2928 super
666 2837 785 2904 factum
800 2835 935 2909 melum;
950 2835 1007 2902 sed
1023 2835 1281 2928 interrogatusd:

275 2961 357 3016 esset
370 2937 467 3016 frater
481 2949 562 3038 ejus,
578 2975 591 3009 ι
606 2947 732 3024 Nescio,
747 2948 791 3013 ait
806 2971 813 3012 :
827 2946 983 3036 numquid
999 2959 1117 3014 custos
1133 2947 1240 3014 fratris
1250 2945 1285 3009 ri

276 3083 374 3126 »sum
396 3083 454 3150 ego
465 3043 499 3125 ‘i
518 3089 532 3124 r
548 3059 719 3126 extendens
741 3070 774 3126 et
793 3057 1006 3147 multiplicans
1022 3055 1159 3125 malum
1175 3083 1233 3149 per
1250 3081 1289 3121 re

276 3171 471 3261 pensionem.
490 3171 615 3237 Etenim
631 3171 656 3236 si
671 3169 790 3237 malum
808 3182 856 3237 est
878 3168 1025 3236 occidere
1043 3167 1206 3244 fratrem,
1221 3167 1291 3235 md*

277 3283 368 3370 pejus
382 3282 427 3347 sic
441 3281 591 3348 audacter
604 3293 637 3347 et
651 3281 860 3347 irreverenter
870 3277 1065 3366 respondere
1079 3281 1200 3346 omnia
1213 3281 1293 3345 scira.

277 3389 358 3466 Deo,
374 3391 462 3478 quasi
477 3391 574 3479 possit
587 3390 731 3455 frustrari
746 3413 829 3456 eum.
848 3386 983 3476 Propter
998 3385 1063 3453 hoc
1078 3398 1114 3454 et
1131 3389 1208 3478 ipse
1224 3385 1297 3454 mat·

279 3498 448 3568 dictionem
468 3502 614 3590 portavit,
631 3501 814 3592 quoniame
833 3521 866 3564 se
883 3508 1051 3586 peccatum
1068 3495 1165 3574 tulit,
1188 3523 1253 3565 non
1269 3520 1297 3560 n·

278 3611 395 3678 veritus
409 3607 525 3686 Deum,
541 3634 643 3700 neque
659 3610 807 3677 confusus
822 3610 854 3675 in
873 3607 1059 3674 fratricidio.

325 3719 416 3788 Circa
431 3721 534 3789 Adam
553 3734 661 3788 autem
680 3719 759 3788 nihii
776 3717 838 3786 trie
859 3715 979 3785 iactum
1003 3730 1062 3792 est,
1080 3717 1143 3783 sed
1164 3720 1274 3785 omnia

281 3831 484 3897 contrarium.
501 3831 550 3899 Ab
563 3829 661 3898 altero
672 3831 757 3898 enim
769 3828 917 3896 seductus
930 3829 988 3895 sub
1000 3829 1179 3895 occasione
1198 3830 1297 3896 imm-1

316 3953 399 4002 'Gerr⁴
412 3973 449 4016 ιιι,
465 3955 658 4014 ri.-²Matih·
671 3953 840 4016 imin-³
854 3956 917 4006 Gon.
931 3971 1000 4019 rt‚7.
1015 3983 1044 3992 -
1058 3953 1145 4004 ⁸1bid.
1159 3972 1187 4018 9.
