2606 4620
119 268 122 277 .
234 204 299 288 470
533 225 645 268 sartori
668 223 788 266 tusrtttt
813 223 970 282 utar-rats

232 329 316 418 prias
337 329 496 405 habitant.
519 329 574 396 sed
597 341 749 416 tanquam
775 329 935 418 inquilini..
966 328 1082 394 Omnia
1105 352 1184 394 eum
1206 328 1261 392 tiis

231 441 414 505 eommunia
426 439 558 514 hahent,
572 445 723 524 tanquam
735 439 837 514 cives;
848 450 881 503 et
892 440 998 504 omnia
1010 438 1195 526 patiuntur,
1208 450 1258 502 tau

232 571 328 634 quam
340 548 507 636 peregrini.
530 547 642 612 Omnis
654 547 820 636 peregrina
838 549 939 635 ragio,
952 547 1054 634 patria
1072 557 1124 608 est
1141 568 1256 610 eorum:

231 667 264 718 at
279 656 380 720 omnis
392 654 507 742 patria,
523 665 571 720 eat
586 655 759 742 peregrina.
774 653 893 718 Uxores
906 653 1043 726 ducunt,
1056 663 1094 716 ut
1105 667 1255 726 omneset

230 756 347 822 liberos
363 769 548 846 procreant:
563 759 619 823 sed
634 781 698 824 non
715 759 871 845 abjiciunt
885 759 991 822 soetus.
1018 758 1167 823 Mensam
1185 783 1255 824 uon

231 887 362 930 munem
377 879 556 954 apponunt;
576 867 706 932 minima
722 890 796 932 vero
810 865 928 933 cubile.
947 867 986 932 ln
1001 889 1104 932 earne
1114 880 1204 939 sunt3
1217 869 1254 930 sed

231 999 297 1042 nou
308 977 486 1042 seeundum
498 999 627 1042 carnem
640 977 757 1040 vivunt.
773 976 812 1042 ln
826 989 912 1042 tarra
923 975 1064 1063 degunt3
1080 976 1253 1040 sedinmb

231 1083 375 1173 politiam
395 1095 485 1148 auam
506 1085 635 1150 hahent.
660 1084 888 1174 Obsequdntur
910 1073 1035 1172 legibus
1054 1108 1131 1172 quae
1148 1087 1248 1149 anau

232 1201 317 1267 suut,
334 1203 367 1256 ot
386 1215 443 1258 suo
460 1193 531 1256 vitae
552 1215 668 1280 genera
681 1190 767 1280 legas
782 1204 943 1278 superant.
963 1193 1086 1258 Amant
1103 1206 1247 1266 naturast

231 1323 341 1366 omnes
356 1297 425 1364 illos
441 1311 685 1387 persequuntur.
704 1299 906 1387 Ignorantur‚
928 1309 961 1364 et
982 1301 1247 1366 condemnantur:

232 1419 335 1477 morto
351 1408 544 1482 afficiuntur,
561 1419 593 1472 et
608 1405 817 1472 vivificantur.
836 1405 974 1470 Mendici
989 1418 1080 1480 sunt,
1109 1419 1144 1470 et
1158 1407 1249 1472 mutu

231 1516 342 1581 ditant.
363 1515 471 1579 Rebus
486 1514 634 1579 omnihus
650 1513 805 1601 indigent,
823 1525 856 1576 et
870 1509 978 1577 omnia
994 1511 1057 1576 iilia
1077 1515 1247 1578 redunthut.

230 1625 487 1698 Dedeoorantur,
502 1635 535 1688 et
553 1625 636 1688 inter
651 1620 921 1709 dadooora‘gloria
941 1621 1143 1686 afficiuntur.
1157 1625 1249 1688 Eoum

232 1731 315 1796 fama
331 1731 502 1806 laoaratut,
518 1742 551 1796 at
562 1731 689 1818 justitiae
704 1753 816 1796 eorum
831 1729 1050 1794 testimonium
1071 1731 1247 1816 perhibetur.

232 1839 407 1906 Maledictis
422 1863 461 1905 ao
476 1839 627 1906 conviciis
642 1838 857 1911 incessuntur,
880 1848 913 1900 at
928 1836 1021 1902 honis
1038 1838 1150 1902 vorbis
1165 1862 1249 1925 proa-

233 1961 385 2036 quuntur.
397 1948 518 2036 injuria
527 1947 721 2023 afficiuntur,
730 1959 762 2012 ot
770 1947 891 2012 honore
897 1949 1251 2034 prosequuntm.ij

156 2128 164 2150 Ι
233 2079 266 2120 se
281 2067 391 2144 gerant
408 2067 442 2120 ut
456 2056 574 2144 probos
597 2056 701 2130 decet,
727 2067 877 2142 tanquam
898 2054 1037 2141 improbi
1063 2055 1249 2142 puniuntur:

233 2167 311 2232 dum
331 2166 526 2252 puniuntur,'
543 2165 681 2253 gaudent
702 2176 853 2251 tanquam
875 2161 1091 2228 vivificentur.
1118 2165 1249 2230 Adrersus

233 2295 299 2348 eos,
316 2283 465 2360 tanquam
487 2271 688 2361 alienigenas,
711 2271 814 2338 Judaei
832 2271 954 2337 bellum
969 2283 1109 2359 gerunt,
1123 2287 1147 2336 ot
1160 2274 1244 2336 Graeai

235 2404 290 2447 eos
307 2391 541 2469 persequuntur
558 2403 565 2444 :
587 2391 620 2447 et
637 2401 744 2447 osores
759 2403 870 2444 eorum
889 2401 1019 2445 oausam
1032 2377 1244 2446 inimititiarum

235 2493 343 2558 dicero
355 2502 528 2578 nequeunt.

276 2599 331 2668 Vl.
347 2601 451 2688 Atque
463 2614 499 2666 ut
513 2601 610 2668 semol
626 2603 732 2668 omnia
748 2602 954 2690 amplectar,
971 2605 1064 2690 quod
1082 2617 1136 2670 est
1152 2607 1183 2670 in
1201 2627 1258 2670 oot-

232 2729 311 2798 poto
332 2709 450 2785 anima,
474 2709 537 2776 hoo
557 2721 632 2774 suut
653 2711 685 2775 in
705 2711 825 2776 mundo
846 2710 1028 2775 Christiani.
1054 2711 1209 2801 Dispersa
1227 2725 1260 2774 est

231 2842 290 2906 par
301 2820 407 2886 omnia
420 2820 562 2908 oorporis
574 2821 717 2884 membra
729 2820 848 2890 animat
862 2831 895 2882 at
907 2818 1083 2885 Christiani
1094 2844 1157 2908 per
1168 2821 1262 2886 mund

232 2923 374 2989 civitates
389 2923 543 3012 (dispersi
556 2927 663 3012 sunt).
679 2925 806 2990 Habitat
819 2923 948 3010 quidem
958 2925 991 2990 in
1004 2948 1149 3014 corpora
1162 2929 1263 2993 anima,

232 3029 289 3094 sed
300 3053 365 3096 uon
376 3042 424 3096 ost
438 3054 456 3096 e
471 3053 627 3119 corpora:
647 3030 730 3120 (aio)
749 3041 782 3096 et
800 3031 972 3096 Christiani
988 3033 1020 3096 in
1039 3035 1172 3100 mundo
1186 3035 1265 3099 hahi-

232 3149 315 3214 taut,
336 3138 392 3204 sed
410 3162 429 3204 o
449 3139 571 3204 mundo
593 3160 658 3203 non
679 3151 763 3204 sunt.
782 3137 948 3206 Invisibilis
971 3139 1079 3204 anima
1103 3141 1139 3220 in
1167 3139 1267 3208 visibili

233 3271 380 3339 oorporo,
393 3259 545 3335 tanquam
556 3250 588 3314 in
600 3249 758 3336 prasidio,
768 3250 939 3316 constituta
951 3261 999 3314 est
1011 3273 1019 3313 ε
1038 3251 1113 3337 (sio)
1125 3263 1164 3315 et
1176 3252 1269 3316 Chaa

232 3359 310 3424 tiaui
326 3369 577 3448 cognoscuntur,
594 3358 672 3422 dum
689 3357 722 3422 iu
737 3359 857 3422 mundo
873 3369 1132 3434 commoranturt
1156 3359 1215 3424 sed
1231 3361 1269 3424 iu-

232 3467 361 3534 visibitis
373 3480 421 3533 est
432 3489 543 3532 eorum
555 3465 660 3532 cultus
672 3466 806 3532 divinus.
823 3465 906 3531 0dio
917 3467 1124 3554 prosequitur
1135 3471 1268 3534 animan

234 3597 322 3648 earo,
339 3587 371 3638 ot
386 3573 507 3640 bellum
522 3575 553 3640 ei
567 3586 673 3640 motet
686 3572 772 3640 nulla
786 3573 898 3640 affecta
915 3574 1043 3661 injuria,
1061 3575 1154 3661 quod
1170 3575 1270 3663 volup·

232 3683 350 3748 tatibus
362 3683 423 3749 frui
435 3683 659 3770 prohibeatur:
672 3681 745 3747 odio
757 3683 960 3770 prosequitur
968 3693 999 3746 et
1012 3683 1158 3746 mundus
1173 3684 1269 3748 Chris-

233 3793 346 3866 tianos,
363 3791 450 3858 nulla
465 3793 599 3858 affectus
625 3793 753 3878 injuria,
775 3793 923 3879 quoniam
940 3790 1161 3878 voluptatibus
1182 3817 1269 3879 rapu-
