2772 4620
309 335 457 378 oriturus
481 333 542 378 con
565 333 727 377 nnsruonn
751 333 864 375 sunno.
1034 309 1092 376 ios

61 463 84 496 s·
105 458 196 514 num,
220 453 326 506 sancta
346 442 447 507 David
469 439 583 505 fidelia.
608 441 693 506 Ecce
719 438 933 504 testimonium
957 440 1099 525 gentibus
1210 435 1220 450 ⁸

64 573 85 602 ι
104 545 178 610 dedi
192 569 279 621 eum,
302 547 480 634 principem
502 558 533 630 et
555 546 789 633 praecipientem
810 544 965 632 gentibus.
985 544 1100 610 Gentes

63 678 85 707 n
104 673 177 734 quas
197 650 343 718 nesciunt
362 663 406 725 te,
429 652 620 716 invocabunt
640 664 687 722 tet
709 663 741 715 et
758 649 864 738 populi
881 652 933 737 qni
954 651 1101 739 ignorant

67 785 87 814 κ
103 769 152 830 te,
163 757 242 820 adte
254 757 453 845 confugient:
464 769 592 845 propter
599 759 699 823 Deum
709 769 799 821 tuum
809 769 952 822 sanctum
964 757 1099 832 Israelis,

71 891 89 920 a
110 863 188 948 quia
201 861 385 950 glorificavit
396 876 435 928 te.
453 865 590 942 Quaerite
600 864 715 938 Deum,
732 864 807 928 etin
823 864 1009 928 inveniendo
1025 886 1099 930 onm

73 996 90 1028 s
109 971 268 1044 invocate,
285 972 408 1056 quando
429 971 514 1034 vobis
529 970 831 1057 appropinquaverit.
852 969 1018 1057 Relinquat
1037 973 1098 1036 im-

75 1105 90 1136 a
107 1077 181 1162 pius
202 1079 265 1142 vias
284 1100 366 1151 suas,
387 1089 425 1164 et
437 1079 484 1142 vir
503 1078 625 1162 iniquus
646 1077 849 1164 cogitationes
865 1101 946 1152 suas,
968 1091 1000 1142 et
1019 1101 1099 1144 con-

77 1211 91 1244 »
106 1194 248 1246 vertatur
258 1183 298 1246 ad
305 1183 528 1256 Dominum,et
535 1182 783 1248 misericordiam
791 1196 1013 1267 consequetur:
1024 1187 1095 1271 qnia

76 1317 90 1346 s
110 1285 246 1352 multum
261 1287 397 1352 dimittet
418 1297 547 1372 peccata
569 1298 679 1350 vestra.
701 1286 809 1371 Neque
825 1286 911 1348 enim
926 1299 999 1350 sunt
1012 1291 1097 1376 eogi-

76 1394 241 1458 »tationes
261 1415 338 1456 meae
357 1393 438 1458 sicut
457 1391 660 1478 cogitationes
675 1402 798 1464 vestrm,
819 1412 923 1477 neque
941 1393 999 1455 vire
1020 1417 1096 1460 meae

75 1531 90 1562 a
107 1501 190 1565 sicut
204 1501 259 1564 viae
274 1508 402 1564 vestrae:
419 1498 474 1562 sed
491 1508 643 1582 quantum
660 1495 906 1570 abestooeluma
920 1511 1016 1574 terra,
1033 1511 1100 1565 tan-

76 1637 91 1668 »
106 1619 176 1671 tum
191 1609 279 1672 abest
294 1607 342 1669 via
363 1627 433 1670 mea
455 1628 472 1668 a
495 1605 543 1670 via
560 1615 675 1678 vestra,
691 1616 723 1668 et
742 1605 945 1692 cogitationes
959 1617 1100 1674 vestrae

76 1747 91 1778 a
108 1728 213 1782 mente
234 1738 314 1779 mea.
334 1714 503 1792 Quomodo
518 1714 604 1777 enim
620 1714 644 1777 si
667 1713 837 1777 descendat
857 1715 909 1777 nix
927 1727 981 1778 aut
994 1714 1098 1802 pluvia

77 1853 91 1883 a
108 1823 149 1886 de
163 1822 257 1895 coelo,
269 1833 301 1885 et
312 1843 376 1884 non
388 1827 577 1894 revertatur,
591 1820 692 1883 donec
704 1818 837 1882 inebriet
847 1830 976 1895 terram,
988 1833 1019 1885 et
1029 1846 1100 1909 pro-

78 1959 93 1990 »
109 1929 227 1994 dooere
241 1950 279 1993 ac
293 1927 468 2014 germinare
489 1925 593 1999 faciat,
617 1937 650 1989 et
668 1924 721 1990 det
743 1948 849 1990 semen
870 1927 1045 2004 seminanti,
1066 1933 1098 1993 et

82 2067 97 2097 a
116 2058 231 2123 panem
250 2034 291 2098 ad
312 2033 556 2106 comedendum
579 2033 624 2098 sic
645 2033 704 2097 crit
725 2035 855 2098 verbum
874 2055 993 2110 meum,
1013 2037 1098 2122 qnod

82 2173 96 2204 a
112 2143 223 2208 exierit
238 2143 277 2207 de
292 2165 345 2208 ore
360 2165 451 2224 meo:
470 2163 536 2206 non
550 2151 733 2213 revertetur,
747 2140 847 2203 donec
862 2139 1096 2228 compleatque

81 2250 206 2325 »volui,
221 2263 253 2315 et
275 2272 423 2338 prospera
445 2249 550 2314 secero
569 2259 725 2337 praecepta
739 2269 818 2312 mea.
838 2249 874 2312 ln
893 2247 996 2312 laetitia
1011 2251 1095 2315 enim

81 2357 326 2446 »egrediemini
349 2367 381 2420 et
402 2356 435 2420 in
456 2355 569 2442 gaudio
592 2353 790 2420 docebimini.
816 2353 936 2421 Montes
959 2357 1043 2420 enim
1065 2369 1097 2420 et

83 2493 96 2523 ι
111 2462 206 2528 colles
220 2460 345 2527 exilient
360 2472 575 2550 exspectantes
587 2482 644 2523 ros
662 2481 670 2523 τ
687 2470 720 2522 et
735 2458 838 2522 omnia
853 2457 936 2547 ligna
951 2485 1097 2550 agrorum

86 2567 303 2656 »applaudent
324 2567 426 2632 ramis.
449 2568 489 2630 Et
506 2587 565 2652 pro
587 2565 682 2628 staeba
696 2564 843 2629 ascendet
857 2567 1047 2652 cyparissum
1065 2581 1099 2630 et
1198 2648 1203 2655 .

85 2697 170 2761 »pro
185 2695 303 2759 conyza
317 2672 463 2738 ascendet
477 2681 610 2758 myrtus.
633 2669 673 2732 Et
688 2670 747 2733 orit
761 2670 914 2734 Dominus
933 2673 965 2736 in
983 2695 1099 2737 nomen

84 2813 97 2843 ι
113 2795 145 2846 et
164 2783 196 2848 in
215 2781 337 2868 signum
353 2780 592 2867 sempiternum,
613 2789 645 2839 et
664 2799 728 2840 non
749 2776 875 2840 deliciet
883 2777 904 2838 ¹.
920 2779 993 2841 »Ex
1006 2778 1054 2841 his
1068 2791 1101 2844 et

84 2889 149 2955 aliis
164 2887 318 2976 ejusmodi
334 2885 563 2973 Prophetarum
578 2883 683 2955 dictis,
699 2905 718 2944 o
729 2879 872 2968 Trypho,
887 2883 1022 2958 aiebam,
1042 2883 1100 2948 alis

82 2999 115 3062 in
130 2982 268 3084 primum
283 2994 398 3058 Christi
412 2992 582 3056 adventum
599 2989 682 3054 dicta
700 3000 785 3060 sunt,
802 2989 834 3051 in
854 3011 917 3074 qno
936 2989 1097 3078 ingloriam

83 3113 116 3162 et
131 3099 297 3164 intormem
316 3108 348 3162 et
362 3094 528 3160 mortalem
547 3093 684 3188 speciem
703 3091 868 3156 habiturus
883 3096 1070 3178 praedicatur
1088 3120 1095 3160 :

87 3205 149 3268 alia
170 3205 203 3266 in
220 3201 352 3266 alterum
371 3203 440 3286 ejus
453 3201 635 3273 adventum,
651 3219 726 3262 cum
740 3197 773 3261 in
793 3196 890 3285 gloria
905 3223 943 3264 ex
963 3203 1100 3268 nubibus

87 3309 202 3382 aderit,
218 3307 396 3392 videbitque
409 3306 542 3394 populus
553 3317 667 3378 vester,
679 3317 712 3368 et
726 3318 886 3391 agnoscet,
897 3308 930 3371 in
941 3331 1035 3394 quem
1046 3335 1101 3398 pu-

85 3426 256 3509 pugerunt,
271 3413 535 3500 quemadmodum
547 3413 641 3486 Osee,
654 3435 735 3476 unus
750 3412 918 3478 duodecim
929 3414 1101 3501 Propheta-

87 3536 220 3601 rum,·et
234 3519 345 3590 Daniel
361 3520 582 3610 predixerunt.
760 3590 761 3596 χ

131 3633 200 3702 XV.
215 3631 334 3700 Verum
346 3631 440 3718 igitur
450 3629 508 3696 Dei
522 3628 679 3716 jejunium
690 3628 800 3692 discite
811 3629 986 3704 observate,
997 3653 1103 3719 quem.

123 3871 131 3903 ¹
141 3869 202 3920 mni.
217 3885 253 3927 nv,
263 3870 287 3918 ὅ.
