2688 4626
331 239 374 283 an
398 239 521 282 cuneos
543 241 755 286 conoarsrro.
1002 232 1059 318 ¹9³

98 346 257 425 Solemque
269 343 451 404 indefessum
464 344 621 427 lunamque
632 349 762 429 plenam,

98 448 262 526 Sideraque
271 446 385 517 omnia,
399 445 509 524 quibus
523 449 630 508 coelum
641 464 814 512 coronatum
826 467 878 514 est.
890 463 927 518 ΙΙ.
938 469 966 531 Σ,
978 461 1043 529 483.

36 575 109 638 'ecit
123 574 225 638 etim
240 584 279 636 ut
292 571 434 661 paradisi·
445 572 621 662 imaginem
637 588 774 642 servaret
785 576 918 646 *Alcinoi
934 581 1060 654 hortusr

36 707 149 772 emper
158 682 298 749 floribus
312 693 460 747 ornatum
469 705 511 748 ae
519 683 678 750 fructibus
689 685 841 754 refertum
853 690 915 757 bac
926 692 1063 781 imagine

36 792 213 857 ›arndisum
227 790 390 858 exbibens.
402 789 457 859 Sic
465 792 554 858 enim
565 793 688 881 scripsit
702 818 710 858 s

36 945 77 1002 bi
89 961 165 1002 vero
175 944 295 1004 arbores
308 963 434 1024 procerae
444 944 611 1004 crescebant
623 945 771 1018 florentes,

36 1049 116 1105 Pirus
129 1060 159 1104 et
170 1046 264 1105 malus
278 1046 383 1125 punica
392 1057 420 1104 et
431 1044 494 1104 aliae
503 1046 570 1104 mali
584 1047 739 1126 pulchrum
750 1049 874 1111 fructum
887 1055 1057 1132 producen-

36 1146 171 1223 l'ieusque
184 1143 288 1203 dulces
300 1155 330 1203 et
341 1143 415 1203 olea
429 1144 609 1204 virescentes.
979 1151 1058 1229 [tes,

36 1253 77 1306 Ex
88 1247 119 1306 iis
131 1248 243 1306 fructus
257 1265 408 1324 nunquam
422 1247 499 1326 perit
511 1265 605 1325 neque
617 1246 713 1306 delicit

36 1347 128 1404 Hieme
138 1363 233 1423 neque
243 1356 358 1417 estate,
370 1357 432 1404 toto
443 1365 520 1404 anuo
531 1345 651 1416 durans,
662 1347 714 1406 sed
725 1365 840 1426 semper
851 1369 922 1409 aura

36 1444 149 1523 {ephyri
160 1445 275 1526 spirans
287 1445 350 1504 ltaec
361 1463 493 1504 crescere
504 1447 584 1520 lacit,
597 1447 710 1525 aliaque
720 1459 922 1508 maturescere.

36 1549 105 1606 'irus
117 1559 183 1626 post
194 1547 294 1626 pirum
304 1546 444 1618 senescit,
456 1565 578 1626 pomum
589 1559 656 1627 post
669 1567 803 1626 pomum,

36 1654 116 1706 ’orro
129 1659 197 1728 post
210 1667 301 1706 uvam
314 1667 389 1722 uva,
401 1647 474 1707 ficus
487 1659 585 1708 autem
596 1661 663 1728 post
675 1649 778 1708 finum:

38 1747 67 1804 lsi
83 1759 181 1806 autem
194 1746 222 1806 ei
235 1747 386 1806 fructuosa
397 1747 484 1806 vinea
497 1748 663 1809 radicatur:

36 1845 121 1922 {ujus
135 1845 261 1904 alterum
275 1845 392 1924 quidam
406 1847 537 1926 apricum
550 1846 611 1905 lato
623 1848 655 1906 in
668 1845 735 1904 loco

36 1947 144 2006 tremit
154 1947 229 2018 sole,
242 1946 312 2006 nlius
325 1966 392 2006 sane
404 1948 595 2020 vindemiant,

36 2046 113 2104 llius
127 2057 223 2104 autern
237 2045 359 2116 calcant,
376 2045 467 2126 longas
480 2059 578 2106 nutem
591 2067 656 2106 nvae
669 2059 790 2106 maturae
803 2062 870 2108 sunt

36 2147 147 2206 ,²lorern
154 2147 637 2226 emittentes,nonnullaealiqnando
645 2159 846 2208 maturescunt.
856 2153 1009 2227 Odysseia
1018 2155 1062 2210 16.

36 2289 74 2352 ln
91 2310 159 2352 non
174 2285 244 2352 baec
258 2286 353 2351 verba
368 2307 483 2351 eorum
497 2309 568 2374 quae
583 2286 623 2350 de
637 2285 782 2375 paradiso
796 2309 815 2352 a
829 2287 973 2377 principe
989 2313 1064 2379 pro-

36 2397 197 2482 phetarum
210 2391 299 2458 Mose
312 2392 399 2459 diota
416 2407 503 2470 sunt,
519 2392 639 2460 claram
652 2406 686 2459 et
700 2407 840 2484 opertam
851 2397 1062 2464 imitationem

36 2503 219 2592 designant?
230 2501 325 2584 Quod
339 2503 364 2568 si
384 2503 456 2590 quis
471 2505 571 2592 ipsius
586 2526 712 2594 quoque
730 2506 825 2570 turris
846 2507 1063 2573 constructio-

36 2636 106 2676 nem
119 2610 316 2678 considerare
328 2609 418 2688 velit,
426 2633 588 2700 perquam
595 2611 739 2677 homines
752 2609 833 2677 illius
844 2613 944 2678 aetatis
956 2636 1065 2678 ascen·

36 2745 99 2786 sum
110 2722 143 2788 in
155 2717 272 2788 coelum
283 2721 344 2786 sibi
356 2720 557 2786 communire
568 2741 660 2808 posse
670 2718 878 2792 videbantur;
892 2719 927 2784 id
939 2742 1065 2807 quoque

36 2841 104 2916 apte
119 2854 137 2894 a
152 2842 246 2922 poeta
260 2829 294 2894 in
310 2827 376 2894 Oto
394 2840 427 2892 et
445 2825 592 2916 Ephialte
610 2827 787 2893 imitatione
807 2851 865 2915 per
882 2826 1064 2916 allegoriam

38 2961 212 3024 supressum
226 2937 373 3027 reperiet.
396 2934 449 3004 sie
462 2937 548 3001 enim
560 2935 600 3001 do
614 2933 675 3000 illis
687 2934 828 3024 loquitur
841 2959 850 3000 :

119 3079 176 3152 Qui
185 3097 252 3138 sane
262 3075 480 3138 immortalibus
492 3074 678 3136 minabantur
688 3073 720 3134 in
733 3075 876 3154 Olympo,

124 3184 250 3241 Moturos
260 3194 405 3240 certamen
419 3179 590 3238 tumultuosi
602 3177 685 3253 belli,

124 3284 311 3361 Ossamsuper
318 3280 828 3360 Olympumcouatisuntimponere:
839 3289 976 3338 caeterum
986 3282 1067 3338 Ossae

120 3379 241 3442 Peleum
254 3379 426 3456 frondosum,
438 3395 472 3440 ut
485 3381 590 3440 coelum
602 3381 736 3462 pervium
749 3390 833 3440 esset.

41 3517 190 3586 Similiter
206 3528 241 3584 et
260 3516 300 3584 de
318 3519 512 3608 precipitato
527 3541 546 3583 o
567 3513 655 3582 coelis
673 3513 806 3579 humani
823 3510 946 3599 generis
959 3509 1061 3587 hoste,

43 3655 129 3718 quem
143 3629 317 3720 Scripturas
331 3631 445 3699 divinae
464 3625 637 3696 Diabolum
652 3635 780 3700 vocent,
800 3621 886 3711 quod
903 3623 932 3688 ei
947 3645 1064 3689 nomen

46 3763 80 3803 er
95 3741 190 3828 primo
206 3737 289 3806 illius
303 3739 455 3806 adversus
471 3737 637 3804 bominem
656 3730 813 3800 calumnia
829 3733 1022 3822 impositum,
1038 3732 1063 3797 si

45 3850 108 3936 quis
121 3849 320 3916 considerare
335 3847 413 3914 velit
433 3847 624 3921 accuratius,
643 3844 779 3933 reperiet
797 3855 922 3932 poetam
938 3838 1064 3910 Diaboli

122 3982 142 4024 1.
876 3953 912 4016 15
