2648 4598
585 747 857 818 auflnnffinsls
878 751 1121 831 t’fflnosotflt.

357 967 430 1056 DE
463 970 944 1068 RESURRECTIONE
978 978 1244 1070 Mantuanus

741 1213 983 1251 -ΦΟΦ-

399 1386 424 1451 Ι.
439 1385 628 1457 Sauranrrn
639 1395 725 1460 omni
737 1417 775 1462 aa
786 1396 949 1473 doctrinm.
963 1417 1033 1486 quae
1043 1397 1244 1487 quidamaanus

356 1495 484 1562 veritate
506 1503 690 1578 consentiat,
714 1503 893 1570 adnascitur
914 1505 1036 1594 aliquid
1058 1504 1183 1572 mendacii.
1197 1501 1244 1566 ibe

356 1603 438 1669 citur
458 1619 574 1683 autem,
598 1632 662 1677 non
681 1634 720 1676 ex
741 1615 883 1701 subjecto
897 1613 1005 1704 aliquo
1024 1615 1153 1703 principio
1168 1607 1245 1675 osuiu

356 1723 499 1779 naturam
521 1717 723 1804 productum,
740 1733 794 1786 aut
814 1745 853 1786 ex
872 1725 1001 1811 propria
1025 1720 1245 1811 cujmqueuiaut

355 1821 409 1886 aad
430 1824 469 1887 ab
488 1823 525 1888 iis
545 1826 597 1912 qui
614 1851 720 1894 semen
738 1829 952 1899 adulterinum
974 1830 1019 1897 ad
1039 1811 1246 1918 comptonam

354 1928 426 1994 tatis
441 1931 528 1996 cordi
543 1931 672 2010 babent,
689 1936 729 2002 de
743 1937 894 2003 industria
908 1939 1124 2030 excogitatum.
1138 1925 1246 2020 blaudi*

353 2037 548 2126 prehendere
564 2056 624 2120 ast,
639 2045 740 2133 primo
755 2048 883 2134 quidem
897 2071 936 2113 ax
951 2048 990 2114 iis
1006 2049 1064 2137 qui
1078 2031 1247 2126 oliuuejmd

353 2150 447 2214 rebus
467 2152 685 2242 investigandis
707 2156 818 2221 versati
839 2167 924 2230 sunt,
944 2168 1043 2244 atqua
1057 2179 1095 2220 ex
1112 2157 1249 2219 eortudfflm

353 2257 579 2344 antiquioribus
599 2273 723 2330 etcum
744 2264 914 2353 aequalibus
929 2248 1248 2334 dissensionaroniriut

353 2374 458 2428 autem
476 2390 515 2432 ex
532 2370 598 2458 ipsa
615 2395 722 2439 earum
736 2397 842 2440 rerum
860 2399 929 2462 quae
944 2375 978 2440 in
993 2375 1100 2441 medio
1113 2375 1251 2441 mitrii*

352 2474 541 2542 turbatione.
556 2479 680 2546 Nullam
695 2484 779 2548 enim
796 2485 932 2550 veritatis
945 2497 1073 2572 partem
1086 2462 1252 2547 mlmiisibt

352 2606 420 2649 ram
437 2584 642 2676 reliquerunt,
658 2615 722 2657 non
741 2594 907 2658 essentiam
928 2593 1001 2668 Dei,
1026 2615 1091 2658 nou
1106 2591 1160 2676 ejus
1171 2573 1251 2646 θάψ’

351 2714 415 2759 non
427 2697 651 2783 operationem,
664 2723 728 2764 non
740 2725 808 2788 quae
822 2724 860 2766 ex
875 2701 923 2766 his
939 2713 1013 2789 apta
1026 2701 1104 2766 serie
1118 2691 1254 2772 wmaqrutu·

350 2813 383 2868 et
397 2805 519 2891 pietatis
541 2806 671 2874 sormam
689 2810 780 2874 nobis
797 2811 987 2897 exprimunt.
1016 2809 1082 2876 Sed
1094 2805 1139 2871 alii
1150 2797 1255 2866 vetatur

351 2912 505 3000 ejusmodi
528 2916 621 2980 rebus
640 2917 769 2981 omnino
786 2915 964 3005 desperant,
984 2914 1038 2981 alii
1058 2915 1098 2980 ad
1114 2931 1171 2978 suas
1185 2895 1256 2988 spirat

349 3020 549 3109 detorquent,
564 3023 614 3088 alii
630 3025 669 3089 de
684 3026 901 3091 industriores
917 3036 988 3091 ante
1006 3023 1114 3090 oculos
1126 2999 1256 3108 posunt

349 3129 437 3196 bium
450 3116 573 3199 vocant.
586 3135 669 3200 Hinc
679 3136 715 3201 iis
724 3137 913 3224 quioperam
924 3135 956 3198 in
967 3156 1017 3199 res
1029 3125 1169 3221 ejusmodi
1176 3120 1257 3186 insuti

349 3240 466 3330 duplici
478 3264 555 3330 opus
570 3245 706 3310 arbitror
720 3269 788 3312 esse
806 3265 961 3318 sermone,
974 3240 1074 3306 altero
1087 3229 1258 3327 praestimat·

349 3363 417 3418 iero
434 3353 473 3418 de
490 3353 617 3419 veritate
630 3377 638 3418 :
653 3379 712 3443 pro
728 3355 856 3420 veritate
868 3353 995 3442 quidem
1010 3349 1151 3415 adversus
1164 3323 1258 3455 incidit

349 3473 404 3525 Μ
419 3461 609 3534 dubitante„
625 3462 663 3527 de
675 3463 804 3527 veritate
816 3463 856 3528 ad
871 3485 924 3527 eos
936 3460 989 3549 qui
1001 3481 1090 3546 aequo
1107 3463 1171 3520 sunt
1181 3447 1259 3510 suffit-¹·

350 3571 511 3634 veritatem
522 3568 656 3636 libenter
666 3571 849 3659 suscipiunt.
864 3569 1080 3649 Quamobrem
1090 3561 1139 3650 qui
1152 3539 1261 3623 1115ίί6ῐῶῚ

349 3699 488 3761 quaerere
502 3676 622 3754 volunt,
641 3691 783 3767 spectare
793 3679 910 3744 debent
924 3675 1001 3765 quid
1017 3693 1137 3763 quoque
1150 3661 1261 3770 tempori·

348 3782 465 3869 padiat,
481 3808 581 3873 eoque
598 3786 776 3875 disputandi
794 3787 948 3851 rationem
964 3783 1079 3858 metiri,
1095 3789 1124 3846 et
1142 3771 1263 3858 disputat&

349 3889 491 3954 ordinem
501 3892 542 3955 ad
556 3893 589 3958 id
604 3895 689 3980 quod
707 3895 797 3960 deust
812 3892 1064 3967 accommodare,
1080 3910 1146 3960 naa,
1159 3863 1263 3946 utentiaij
