2492 4632
338 317 462 362 conrna
488 319 637 364 uannsas.
940 299 1000 378 ltin

2 445 72 490 re.
92 423 166 492 vult
180 449 297 493 munus
312 427 352 492 ad
367 425 465 493 altare
480 425 662 516 frequenter
676 428 743 494 sine
759 428 1000 494 intermissione.

2 557 114 624 ergo
128 533 230 600 altare
244 536 277 602 in
295 533 383 604 coelis
398 533 495 622 (illuc
508 535 595 603 enim
610 558 720 624 preces
736 547 864 614 nostrae,
876 549 909 604 et
919 533 1004 602 oble·

2 667 46 708 τε,
82 644 311 734 diriguntur);
333 658 366 710 et
389 643 555 735 templum,
576 646 846 734 quemadmodum
865 646 1005 714 loannes

3 755 217 846 ‚pocalypri
239 758 307 824 ait:
328 785 341 820 ι
361 757 402 824 Et
424 769 571 846 apertam
590 769 638 824 est
656 755 812 847 templum
830 756 925 830 uem
944 767 1005 820 »et

2 864 213 933 runculnm
230 889 238 930 s
259 869 370 935 «Ecce
383 867 483 943 enim,
500 868 614 955 inquit,
631 866 874 936 tabernaculum
885 863 956 944 Dei,
970 867 1002 931 in

3 997 27 1038 o
59 975 234 1045 habitabit
248 999 322 1044 cum
338 977 521 1044 hominibus
529 975 551 1041 ².
571 1006 584 1040 s

348 1175 499 1244 cnPnT
523 1177 630 1248 xlx..

2 1373 82 1408 εηα
100 1350 218 1427 qra'dem
229 1353 377 1412 coelmtr'um
387 1367 465 1434 ppos
474 1375 532 1412 esse
542 1374 643 1429 posse.-
658 1353 709 1411 sed
720 1355 782 1429 ipsa
796 1353 916 1412 calestia
928 1353 1008 1413 altit-

2 1477 58 1513 ιω
79 1477 182 1514 rerum
194 1477 376 1530 supernarum
385 1471 410 1515 et
425 1459 581 1537 ignotarum
592 1470 682 1537 typos,
696 1471 745 1515 aut
758 1457 852 1515 Deum
867 1456 943 1516 nobas
956 1481 1008 1515 no-

3 1579 51 1614 'm
66 1556 196 1616 alterins
213 1559 402 1640 t'gnotr'tsprtm
411 1561 471 1620 stite
481 1561 592 1618 insanio
605 1559 725 1622 dt'ct'non
733 1583 822 1634 posse.

4 1773 15 1788 .
53 1725 202 1792 Munera
225 1741 344 1806 autem,
368 1743 400 1798 et
417 1730 606 1808 oblationes,
621 1741 654 1798 et
676 1729 830 1801 sacrificia
851 1731 956 1796 omnia
976 1732 1009 1798 in

5 1859 31 1902 o
62 1833 209 1926 populus
224 1841 359 1930 accepit,
375 1841 648 1931 quemadmodum
669 1855 832 1906 ostensum
846 1852 895 1906 est
908 1839 1009 1928 Moysi

2 1955 144 2020 monte,
161 1947 201 2012 ab
223 1971 287 2014 uno
301 1962 335 2014 et
349 1949 463 2018 eodem
477 1950 545 2016 Deo
561 1950 655 2036 cnjus
669 1959 702 2015 et
716 1971 803 2016 nunc
819 1949 852 2014 in
867 1948 1009 2016 Ecclesia

2 2055 170 2122 cillentur
186 2079 301 2126 nomen
317 2061 350 2126 in
365 2060 514 2128 omuibus
529 2060 688 2148 gentibus.
708 2059 772 2125 Sed
792 2071 917 2126 terrena
935 2062 1008 2148 qui·

3 2191 48 2242 n,
69 2191 148 2258 quae
167 2181 239 2234 sunt
254 2192 328 2258 erga
343 2193 401 2236 nos
417 2169 580 2259 disposita}
598 2169 745 2260 congruit
760 2182 854 2258 typos
868 2193 935 2236 esse
950 2193 1007 2237 ee·

2 2301 33 2342 n
55 2301 134 2366 qnae
150 2290 225 2344 sunt
245 2277 397 2355 coelestia,
418 2281 459 2346 ab
483 2279 597 2346 eodem
620 2291 727 2346 tamen
741 2278 809 2346 Deo
827 2279 919 2346 lactu.
942 2280 1009 2348 Nec

4 2388 54 2452 im
70 2385 167 2453 aliter
182 2397 304 2475 poterat
318 2387 493 2455 assimilare
504 2387 714 2478 spiritualium
729 2389 909 2479 imaginem.
925 2390 1006 2470 Qum

5 2509 84 2562 tem
97 2495 328 2584 supercaelestia
347 2510 379 2564 et
395 2497 568 2589 spiritualia
580 2510 667 2574 sunt,
685 2512 718 2566 ct
729 2511 884 2588 qnantum
895 2500 936 2566 ad
951 2521 1008 2568 nos

4 2617 105 2672 octat
120 2606 276 2680 invisibilia
292 2620 325 2673 et
344 2608 579 2686 inenarrabilia,
599 2622 691 2699 typos
707 2632 816 2676 rursus
835 2607 1008 2675 alterorum

4 2713 157 2782 elestium
172 2715 288 2794 dicere,
303 2730 336 2784 et
350 2717 479 2786 alterius
493 2717 693 2795 Pleromatis,
708 2730 741 2785 et
760 2717 865 2784 Deum
879 2717 1007 2784 alterius

4 2826 74 2892 nris
90 2825 260 2916 imaginem
275 2849 360 2903 esser
375 2842 407 2895 et
422 2830 595 2896 errantium
610 2842 659 2895 est
674 2852 691 2894 a
706 2828 850 2902 veritate,
862 2840 894 2894 et
909 2828 1011 2894 omni·

4 2937 69 3001 odo
83 2934 259 3006 stultorum
270 2949 303 3005 et
313 2938 477 3006 hebetum.
491 2939 746 3030 Cogentureuim
757 2938 791 3004 hi
802 2936 892 3015 tales,
902 2961 1011 3027 quem·

5 3046 151 3114 lmodnm
161 3071 379 3138 sepenumero
391 3051 599 3127 ostendimus,
608 3071 733 3139 semper
743 3059 835 3139 typos
846 3061 1011 3139 typorum,

19 3155 176 3244 imagines
190 3157 365 3246 imaginum
380 3158 576 3236 adinvenire,
591 3171 625 3224 et
643 3179 807 3246 nunquam
823 3155 919 3246 figere
938 3157 1009 3222 ani-

7 3285 60 3330 am
79 3287 177 3329 suum
197 3264 230 3332 in
251 3287 315 3332 uuo
335 3280 368 3333 et
384 3289 459 3334 vero
479 3267 557 3334 Deo.
577 3266 680 3356 Supra
694 3267 781 3334 enim
800 3266 904 3335 Deum
918 3265 1011 3333 lactae

5 3385 44 3438 nt
61 3375 272 3463 cogitationes
286 3377 441 3466 ipsorum,
455 3379 647 3468 supergressi
662 3377 812 3447 cordibus
828 3378 892 3444 suis
905 3377 1010 3467 ipsum

6 3483 177 3572 agistrum,
191 3485 369 3574 suspicione
380 3487 510 3576 quidem
521 3485 689 3577 superelati
700 3498 733 3553 et
743 3487 947 3576 supergressi,
960 3509 1013 3553 ve·

5 3601 67 3658 tate
84 3605 193 3660 autem
209 3593 404 3662 declinantes
420 3619 438 3662 a
453 3619 528 3664 vero
543 3597 622 3664 Deo.

18 3703 58 3768 ll.
82 3703 132 3770 nd
148 3727 228 3793 quas
242 3707 325 3794 juste
340 3709 410 3795 quis
425 3708 523 3786 meat,
539 3707 807 3798 quemadmodum
824 3709 890 3798 ipse
904 3733 1011 3776 sermo

6 3814 116 3902 *ggerit
131 3813 319 3894 :Quatenus
335 3841 429 3907 snper
444 3818 548 3886 Deum
562 3815 711 3885 extollitis
724 3817 929 3906 cogitationes
945 3841 1011 3885 res·

12 3943 18 3974 ¹
33 3945 112 4008 ¹lpor.
127 3961 162 4005 m,
179 3945 366 4011 19.-·²dp0c.
379 3963 430 4008 nt,
444 3947 468 3996 5.
