2648 4598
328 218 387 282 roc
727 237 940 280 arausicana

322 341 500 416 illudentes,
521 341 577 406 aed
595 340 768 406 certissimo
786 336 974 428 fideijussori
992 339 1121 404 credimus
1131 339 1225 405 leima?-

325 450 380 525 lio,
400 449 484 536 quod
502 446 553 512 ille
568 447 715 522 intendit,
732 469 807 512 cum
824 447 987 512 hominem
1000 469 1035 509 ex
1047 446 1130 511 anima
1140 447 1224 512 inore
1248 520 1249 547 ¹

324 570 357 622 et
367 578 499 643 corpore
514 553 687 628 constituit,
700 575 738 620 ae
749 565 855 619 mente
869 565 904 618 et
919 554 1007 618 insita
1019 551 1077 640 lege
1086 555 1223 618 ennium.
1248 592 1250 665 p

324 666 365 730 ad
380 663 648 729 conservationem
666 674 698 728 et
716 662 894 728 custodiam
911 685 1021 727 eorum
1033 683 1092 747 qua
1104 662 1133 725 ab
1147 663 1223 747 iperio
1250 670 1252 713 t

326 772 459 859 sapienti
471 782 504 834 et
515 771 642 836 rationis
654 771 797 859 participi
812 771 1031 860 congruentia,
1045 781 1106 834 sunt
1117 768 1177 831 data:
1185 774 1223 853 pt
1250 774 1253 883 p

326 877 534 967 intelligentes
556 878 699 944 futurum
713 901 777 944 non
791 879 885 944 fuisse
902 890 941 943 ut
955 875 1096 964 ejusmodi
1108 871 1225 958 miralia-,a

326 998 388 1060 ret,
407 1007 445 1052 ae
463 985 609 1051 omnibus
628 985 669 1050 ad
687 986 931 1074 perpetuitatem
950 985 1042 1048 rebus
1055 980 1226 1054 ornaretaiilr

326 1115 404 1182 opus
418 1115 603 1180 permanere
617 1091 773 1157 voluisset.
793 1091 893 1182 Igitur
908 1093 935 1157 si
951 1091 1142 1156 universorum
1149 1085 1226 1172 plat
1253 1043 1255 1126 l

325 1201 444 1268 minem
459 1200 612 1276 condidit,
629 1212 664 1264 ut
679 1200 826 1288 sapientis
837 1200 909 1265 vitae
920 1199 1074 1288 particeps
1083 1203 1153 1266 esset,
1163 1189 1225 1275 acip'a
1253 1242 1254 1269 ,

327 1307 567 1396 magnificentiae
581 1318 614 1372 et
627 1306 780 1373 elucentis
792 1307 824 1372 in
836 1307 987 1372 omnihus
1002 1303 1136 1392 sapientie
1145 1297 1225 1386 spella

326 1414 439 1489 factus,
454 1414 488 1480 in
502 1414 551 1478 his
566 1436 691 1501 semper
700 1410 954 1501 contemplandis
965 1401 1223 1500 permaneretetule
1252 1406 1254 1465 t

327 1523 464 1590 auctoris
484 1521 650 1588 consilium
668 1532 701 1586 et
719 1533 884 1610 acceptam
901 1524 943 1587 ab
964 1543 1004 1585 eo
1018 1526 1149 1584 naturam
1163 1507 1226 1573 merul

328 1653 420 1697 causa
433 1629 529 1695 lidem
541 1629 613 1694 facit
625 1629 855 1717 perpetuitatis,
871 1627 1065 1718 perpetuitas
1074 1635 1152 1687 auten
1159 1635 1225 1682 rem·

328 1737 435 1812 tionis,
450 1761 511 1826 qua
527 1738 594 1802 sine
608 1735 703 1802 homo
718 1758 903 1823 permanere
919 1759 987 1801 non
1002 1731 1100 1822 possit
1113 1725 1225 1794 num

329 1867 398 1932 quae
420 1843 554 1910 diximus
574 1844 776 1931 perspicuum
795 1855 842 1907 est
861 1841 1113 1908 resurrectionen
1127 1821 1224 1897 unul

331 1974 425 2018 causa
447 1964 479 2016 et
501 1951 638 2018 auctoris
660 1949 789 2016 consilio
813 1949 897 2016 clare
922 1943 1126 2016 demonstrari·
1147 1939 1227 2014 aaa

330 2059 400 2124 talis
423 2081 515 2124 causa
538 2059 674 2124 extiterit
698 2081 755 2124 cur
776 2058 871 2124 homo
898 2060 931 2123 in
956 2057 1105 2124 mundun
1119 2047 1224 2114 nieuw,

331 2178 576 2235 consentaneum
591 2179 638 2233 est
659 2178 692 2232 ut
711 2191 781 2254 quaa
795 2190 834 2232 ex
848 2167 896 2232 his
913 2180 1029 2232 natura
1047 2173 1097 2231 aut
1111 2157 1224 2226 adirem*

331 2287 483 2362 quuntur,
510 2277 753 2352 consideremus.
790 2275 822 2339 Si
849 2274 928 2339 ordo
949 2267 1128 2359 investigant
1138 2265 1224 2348 wilt*

330 2384 472 2472 sequitur
496 2386 644 2450 nascendi
671 2407 798 2451 causam
823 2384 992 2450 hominum
1017 2373 1227 2472 genitonuntte

330 2492 496 2558 hominum
516 2502 661 2556 naturam
681 2493 800 2578 justum
821 2492 970 2556 creatoris
995 2492 1036 2556 de
1053 2469 1228 2563 indemptae

333 2600 401 2666 haec
416 2600 520 2664 omnia
535 2599 605 2666 vitae
620 2599 701 2666 finis.
721 2601 775 2665 His
790 2611 895 2664 autem
909 2623 979 2686 quae
997 2584 1229 2688 principemlttttl

330 2720 406 2776 nent
427 2707 628 2796 investigatis,
650 2707 797 2796 deinceps
817 2707 1045 2774 consideranda
1064 2713 1105 2769 est
1120 2685 1226 2762 homin
1254 2706 1255 2715 ’

333 2831 414 2885 turn.

375 2926 460 2994 xlv.
480 2926 626 2994 Veritatis
637 2927 820 3014 dogmatum
836 2938 890 2992 aut
900 2927 1119 3016 cujuscumque
1128 2906 1190 2978 mill
1225 3001 1227 3010 y

333 3033 495 3122 tigandum
510 3034 676 3122 propositae
691 3034 927 3108 demonstratio,
944 3058 1014 3121 quae
1026 3029 1136 3122 quiden
1146 3009 1233 3118 isslssllll‘

333 3142 524 3230 argumentis
540 3141 622 3206 dicta
638 3141 815 3215 confirmet,
834 3164 896 3206 non
911 3141 985 3206 ioris
1002 3135 1156 3206 deducitur,
1167 3129 1236 3185 auten·

335 3276 403 3341 quae
418 3249 559 3320 nonnulli
575 3252 743 3340 opinentur
756 3263 811 3314 aut
825 3250 941 3338 opinati
958 3263 1043 3328 suut,
1062 3244 1109 3312 scd
1123 3239 1232 3303 arenti·

335 3374 367 3427 et
387 3360 519 3426 naturali
539 3361 659 3426 ratione
680 3373 734 3425 aut
754 3361 962 3448 posteriorum
976 3383 1016 3426 ex
1031 3353 1159 3449 prioribus
1171 3351 1236 3403 caratt-r

335 3469 430 3534 tione.
452 3467 508 3534 Vel
527 3469 612 3533 enim
632 3468 670 3532 de
689 3469 797 3555 primis
817 3468 977 3568 principiis
998 3468 1103 3556 egitur,
1120 3453 1234 3532 tumque

335 3598 414 3663 opus
428 3589 475 3640 est
490 3576 702 3642 admonitione
717 3575 757 3640 ad
771 3574 944 3640 naturalem
961 3577 1110 3642 notionem
1121 3547 1230 3630 exciere

337 3681 386 3746 vel
400 3683 439 3746 de
454 3684 490 3748 iis
505 3707 574 3771 qum
590 3685 765 3751 secundum
776 3696 921 3750 naturam
932 3709 971 3751 ex
980 3667 1237 3774 primisronsrqrua

1197 2903 1234 2962 iro

337 3809 374 3852 ae
390 3788 428 3851 de
443 3789 575 3854 naturali
592 3793 683 3868 serie,
699 3803 829 3879 tumque
844 3813 922 3880 opus
937 3803 984 3858 est
997 3793 1045 3860 his
1056 3765 1234 3860 inrelusttllll
