2674 4618
332 263 455 306 coarat
479 264 599 305 essaeos
622 265 747 306 onsrro.
1010 249 1048 310 15

1 373 154 445 ¹iceris3
175 373 293 460 quippe
308 394 382 436 eum
398 369 474 436 nihil
490 395 545 435 sua
560 369 648 435 illum
664 396 713 436 ars
727 373 854 458 juverit,
871 387 905 437 ut
921 399 969 439 res
982 388 1049 439 tuas

0 491 245 546 izenoseeret.
265 480 357 544 Dicat
371 502 457 543 nune
478 479 554 543 mihi
576 478 729 566 jaculator
749 479 872 568 Apollo,
890 483 1048 568 quomodo

2 590 241 676 lyacinthum
258 587 423 677 Zephyrus
442 589 603 654 occiderit,
625 588 789 677 Zephyrus
815 613 888 654 eum
909 592 994 664 vioit;
1016 605 1048 656 ot

16 725 91 764 um
111 701 253 788 tragicus
269 707 359 786 poeto
372 699 468 773 diest,

194 817 268 868 asra
279 810 362 868 deum
375 831 474 868 cursus
486 812 647 889 pretiosior,

1 934 85 1017 ipse
106 932 153 994 ab
169 931 275 1017 exigua
289 931 388 996 vietus
404 923 627 1018 auraperdidit
643 932 803 996 amasium.

57 1043 129 1106 lX.
148 1039 238 1106 Tales
249 1051 320 1106 sunt
336 1042 493 1108 daemones
509 1065 516 1104 :
532 1042 564 1106 hi
577 1052 650 1105 sunt
662 1041 715 1126 qui
731 1040 830 1106 satum
844 1041 1040 1113 definierunt.

0 1160 2 1209 Ι
31 1151 231 1216 lomentum
246 1163 352 1215 autem
374 1148 433 1215 illis
456 1149 513 1214 tuit
529 1148 710 1215 animalium
728 1151 760 1224 iri
777 1148 855 1214 coelo
870 1149 1040 1215 collocutio.

23 1263 105 1324 'am
131 1257 291 1334 animalia,
314 1260 502 1345 quibuscum
521 1257 601 1323 eoelo
623 1259 716 1345 ejecti
738 1259 908 1346 degebant,
929 1260 991 1323 sive
1012 1260 1043 1324 in

2 1370 120 1433 terris
136 1369 289 1456 repentia,
305 1370 368 1434 sive
379 1370 411 1433 in
422 1370 511 1456 aquis
521 1369 671 1444 natantia,
685 1369 748 1432 sive
760 1369 791 1432 iu
804 1359 962 1432 montibus
974 1393 1046 1454 qua-

4 1477 202 1564 drupedes,
224 1474 338 1541 eoelesti
360 1477 481 1542 honore
499 1478 616 1566 dignati
633 1486 717 1552 sunt,
734 1489 769 1540 ut
787 1487 818 1542 et
838 1477 895 1564 ipsi
917 1477 949 1541 in
968 1476 1047 1542 eoelo

5 1587 141 1650 versari
153 1585 420 1659 existimarentur,
435 1596 468 1650 et
477 1585 572 1650 vitam
589 1587 619 1649 in
636 1586 725 1649 terris
736 1607 753 1647 a
766 1585 886 1648 ratione
900 1583 1046 1659 alienam,

6 1695 137 1759 rationi
152 1705 397 1758 consentaneam
409 1717 475 1758 esse
490 1716 547 1781 per
565 1693 701 1757 sidorum
717 1694 903 1780 positionem
917 1716 1047 1780 persua-

10 1803 150 1868 derent.
170 1803 372 1891 Quapropter
388 1801 555 1867 iracundus
575 1813 607 1866 et
628 1802 760 1888 patiens,
776 1814 808 1865 et
824 1811 1000 1888 temperans
1016 1813 1048 1866 et

12 1913 244 1998 intemperans
262 1921 293 1976 et
313 1933 433 1998 pauper
456 1910 495 1974 ah
518 1908 629 1972 iisdem
650 1909 799 1996 geniturae
820 1907 1047 1996 legislatoribus

20 2018 111 2082 tales
129 2019 283 2082 exstitere.
298 2017 379 2084 Nam
397 2016 524 2082 Zodiaei
546 2013 653 2082 circuli
670 2016 836 2104 descriptio
853 2016 982 2080 deorum
1000 2029 1048 2082 est

20 2149 121 2212 opus.
145 2125 242 2203 Quod
263 2125 286 2188 si
298 2124 352 2190 lui
373 2147 482 2190 eorum
498 2125 589 2188 unius
612 2123 789 2188 dominetur
807 2123 866 2207 (ita
884 2127 967 2190 enim
990 2127 1046 2213 ipsi

16 2233 233 2320 loquuntur),
243 2234 360 2298 caeteris
372 2233 524 2298 honorem
534 2234 688 2321 praeripit:
703 2244 734 2298 at
744 2234 797 2319 qui
808 2257 893 2298 nuno
900 2237 1046 2310 vincitur,

15 2367 135 2406 rursus
153 2343 283 2407 sineere
305 2339 393 2406 solet.
420 2340 621 2408 Delectantur
639 2355 744 2408 autem
766 2356 884 2432 septem
903 2343 1045 2432 planetis,

17 2449 113 2514 velut
127 2453 186 2538 qui
209 2450 330 2514 tesseris
345 2448 468 2514 ludunt.
488 2451 550 2516 Nos
567 2464 670 2516 autem
684 2465 716 2516 et
731 2452 793 2516 sato
809 2455 983 2541 superiores
998 2479 1049 2518 su-

17 2581 111 2632 mus,
134 2568 169 2621 et
192 2573 249 2646 pro
269 2560 446 2624 errantibus
467 2559 659 2625 daemonibus
681 2584 777 2626 uuum
795 2562 964 2628 Dominum
983 2587 1047 2628 non

15 2678 187 2731 errantem
203 2666 386 2740 diuturnae
404 2680 523 2734 etcum
539 2668 601 2732 sato
618 2693 680 2736 non
697 2693 854 2758 regamur,
872 2673 940 2757 ejus
955 2669 1048 2756 legis-

17 2776 139 2842 latores
153 2777 329 2865 rejicimus.
343 2777 415 2853 Die,
429 2801 498 2866 aga,
509 2800 566 2866 per
577 2777 690 2852 Deum,
707 2777 809 2865 tinges
821 2778 897 2841 sevit
910 2777 1048 2863 Neopto-

19 2887 140 2962 lemus,
156 2898 192 2953 et
207 2901 277 2976 post
290 2887 413 2954 luctum
423 2887 611 2954 beneficium
627 2890 659 2952 in
677 2888 881 2954 Athenienses
893 2886 1048 2951 eontulit?

21 2997 89 3060 set
105 3017 168 3059 eur
179 2997 286 3071 Ceres,
298 3010 466 3085 antequam
482 2996 577 3062 [iliam
588 2998 756 3069 amitteret,
768 2996 849 3060 bene
864 2993 902 3060 de
913 2995 1048 3063 homini-

24 3107 88 3168 bus
107 3127 177 3168 non
192 3108 387 3171 merehatur?
399 3107 491 3172 Canis
505 3108 654 3195 Erigones
666 3107 696 3168 in
709 3103 788 3168 eoelo
803 3115 1003 3180 monstratur,
1017 3117 1049 3170 et

24 3213 193 3298 Scorpius
212 3212 312 3280 Dianae
325 3214 501 3289 auxiliator,
523 3229 554 3280 et
573 3216 692 3280 Chiron
712 3215 897 3288 Centaurus,
913 3226 945 3278 et
966 3216 1049 3303 Argo

21 3321 199 3386 dimidiata
216 3332 246 3386 et
267 3322 406 3388 Callistus
422 3345 514 3388 ursa:
534 3324 691 3410 quomodo
705 3323 797 3410 igitur
816 3332 982 3406 antequam
1000 3324 1049 3386 isti

19 3430 183 3516 praedieta
205 3428 340 3494 facinora
363 3431 505 3504 ederent,
529 3431 705 3494 inornatum
730 3442 795 3494 erut
816 3428 953 3494 eoelum?
972 3429 1050 3508 Quis

18 3551 134 3602 erstem
148 3560 218 3602 non
232 3537 332 3601 rideat
347 3537 509 3604 Deltotum
520 3537 596 3602 illud
612 3552 739 3628 propter
754 3537 903 3612 Siciliam,
918 3549 952 3602 ut
970 3561 1050 3604 non-

19 3647 116 3711 nullis
133 3643 256 3735 plaeet,
272 3645 335 3720 vel,
352 3657 388 3712 ut
401 3647 480 3724 aliis,
496 3661 622 3737 propter
635 3649 767 3737 primam
778 3649 863 3714 ‹lovis
875 3647 1052 3737 appellatio-

19 3759 59 3820 nis
75 3757 245 3829 litteram,
261 3759 345 3821 inter
359 3769 441 3821 astra
458 3759 698 3822 consecratum?
716 3759 781 3822 Cur
799 3759 882 3822 enim
898 3783 960 3824 non
978 3759 1049 3824 Sar-

19 3867 111 3932 rliniae
140 3887 275 3952 quoque
290 3879 323 3930 et
346 3867 451 3954 Cypro
475 3866 590 3932 eoelum
605 3869 810 3933 concessum?
827 3869 888 3934 Aut
903 3891 996 3956 quam
1011 3871 1051 3932 ob
