2674 4618
322 307 442 350 CONTRA
466 307 586 352 GMCOS
608 308 733 352 ondam.
993 310 1031 372 27

74 434 159 480 nuuc
182 411 308 487 Veneri,
332 435 417 478 nunc
439 411 575 501 Apollini
597 413 730 480 similem
737 438 746 487 t
776 437 875 480 unum
895 413 1035 480 omnium

54 549 152 590 -orum
168 535 396 600 accusatorem,
415 524 643 612 superstitionis
660 525 896 614 compendium,
915 526 1038 614 vitupe-

55 645 157 698 torem
173 632 332 699 actionum
348 633 560 710 heroicarum,
579 634 714 702 caedium
731 633 925 708 histrionem,
944 632 1037 700 adul-

55 740 92 802 rii
106 749 345 806 monstratorem
362 750 395 804 et
411 741 558 816 avaritie,
574 742 778 830 cynaedorum
793 742 968 817 doctorem,
985 763 1037 808 oc

34 842 35 847 ’
63 849 184 914 sionem
209 847 430 914 sententiarum
459 847 656 937 capitaliumr
688 849 835 916 eumdem
863 861 968 916 umen
993 850 1033 914 ab

44 958 168 1022 nribus
185 956 354 1022 laudatum.
380 959 448 1046 Ego
465 969 569 1024 autem
588 957 677 1026 illum
695 961 799 1026 omnia
818 959 1033 1034 mentientem,

41 1063 150 1150 'usque
165 1063 358 1151 impietatem
371 1075 405 1129 et
419 1066 534 1144 studia,
554 1087 592 1131 ac
606 1077 711 1132 totum
725 1066 859 1153 denique
874 1066 1034 1133 hominem

28 1147 122 1258 lejeci.
139 1169 204 1238 Vos
217 1181 326 1236 autem
338 1170 468 1259 capiunt
483 1172 639 1259 ejusmodi
654 1172 818 1239 homines:
835 1183 868 1237 et
881 1174 935 1260 qui
950 1195 1035 1238 com·

27 1281 125 1344 nonin
138 1279 302 1346 vobiscum
319 1280 421 1346 nudis
441 1301 505 1346 non
523 1280 653 1355 habent,
672 1303 726 1348 eos
741 1280 889 1348 conviciis
903 1281 1034 1368 exagita-

25 1387 69 1452 tis.
92 1388 187 1454 Hiare
205 1387 277 1454 nolo
298 1387 405 1456 multis
418 1389 624 1457 canentibus:
643 1391 683 1456 ah
697 1413 736 1455 eo
752 1390 806 1478 qui
820 1389 922 1454 innuit
936 1387 1035 1456 oeulis

24 1509 48 1560 rt
67 1509 212 1564 movetur
231 1509 345 1585 pretor
364 1509 522 1573 naturam,
544 1497 618 1564 nolo
636 1521 688 1564 me
706 1498 738 1564 in
757 1498 885 1564 eosdem
903 1496 1034 1564 allectus

23 1606 126 1670 soceri.
153 1606 243 1686 Quid
262 1605 407 1674 mirabile
425 1608 510 1697 apud
529 1630 584 1674 vos
603 1617 658 1672 aut
676 1608 836 1697 egregium
854 1605 1034 1695 peragitur?

21 1713 188 1780 Resonante
202 1737 281 1782 naso
296 1716 400 1804 turpia
414 1715 607 1804 loquuntur:
631 1728 798 1783 moventur
812 1715 981 1782 indecore:
1002 1723 1035 1780 et

20 1827 89 1890 dum
104 1827 138 1891 in
149 1848 248 1892 scena
263 1826 443 1894 maechandi
457 1837 558 1894 artem
570 1827 698 1904 docent,
714 1824 769 1892 lilii
783 1826 876 1892 vestri
892 1833 1034 1912 spectant

20 1957 55 1998 ac
75 1932 166 1998 filiae.¹
183 1932 333 2000 Praeclara
359 1935 445 2024 apud
469 1958 523 2001 vos
545 1934 711 2010 auditoria,
738 1933 891 2022 quidquid
915 1932 1033 1998 nelarie

22 2053 117 2106 noctu
132 2055 323 2130 perpetratur
337 2044 552 2132 praedicantia,
571 2055 604 2110 et
622 2044 762 2132 turpium
781 2065 961 2109 sermonum
976 2041 1033 2108 de·

22 2147 255 2216 clamationilsus
278 2151 438 2218 auditores
459 2150 665 2219 oblectantia!
696 2151 803 2218 Laude
828 2153 922 2218 etiam
947 2151 1032 2240 digni

14 2268 86 2322 sunt
105 2259 274 2326 mendaces
292 2271 394 2349 poetae
411 2261 518 2335 vestri,
539 2260 593 2347 qui
610 2260 705 2328 etiam
724 2284 781 2348 per
798 2271 902 2349 gestus
922 2260 1031 2328 lircum

14 2365 207 2434 auditonlrus
222 2367 352 2434 iaciunt.

54 2475 175 2544 xxllt.
194 2475 266 2544 Vidi
278 2477 423 2544 homines
434 2477 574 2566 corporis
588 2478 753 2544 exercendi
768 2479 871 2546 studio
886 2503 1031 2569 aggrava·

14 2597 58 2649 tos
70 2596 104 2650 et
113 2585 240 2674 pondm
251 2587 395 2652 carnium
406 2607 534 2651 suarum
544 2585 813 2662 circumferentes,
828 2588 943 2676 quibus
954 2570 1032 2677 ferar-

14 2695 66 2760 nin
83 2705 116 2760 et
132 2718 277 2771 corone,
297 2695 537 2762 adhortantibus
551 2718 605 2761 eos
619 2697 828 2784 agonothetis,
848 2716 1035 2784 proponun-

20 2831 67 2880 ur,
88 2829 157 2872 non
178 2805 222 2870 ad
242 2804 431 2894 praeclarum
450 2803 584 2881 lacinus,
607 2804 663 2870 sed
680 2805 721 2870 ad
739 2803 890 2870 faciende
910 2803 1035 2890 injurie

14 2923 33 2976 et
53 2913 235 2982 excitandas
254 2913 418 2980 discordiae
438 2913 689 2987 contentionem:
713 2925 745 2980 et
765 2913 820 2998 qui
840 2912 938 2999 magis
958 2933 1032 2998 per-

14 3043 118 3086 :ussor
137 3021 246 3098 luerit,
264 3037 443 3090 coronatur.
465 3023 569 3112 Atque
587 3023 657 3088 haec
674 3022 802 3110 quidem
820 3020 942 3088 minora
957 3033 1031 3086 sunt

14 3128 116 3194 mala:
144 3132 262 3218 maiora
280 3144 386 3200 autem
405 3133 472 3220 quis
495 3155 560 3200 non
577 3133 683 3198 dicere
704 3129 856 3218 refugiat?
879 3129 1029 3209 Quidam,

17 3237 163 3304 nentium
179 3240 366 3328 prolitentes,
382 3253 512 3332 propter
526 3241 681 3309 luxuriam
696 3241 813 3328 seipsos
825 3241 964 3308 vendunt
979 3263 1033 3306 oc·

14 3348 177 3414 ridendos.
198 3347 304 3418 Vendit
315 3375 350 3418 se
359 3374 480 3441 pauper
494 3374 502 3418 ε
519 3350 595 3418 emit
610 3349 695 3416 dives
707 3348 901 3414 homicidas:
920 3348 1030 3412 sedent

15 3460 49 3522 ui
68 3458 293 3528 testimoninm
313 3461 353 3526 de
372 3461 421 3526 his
437 3460 550 3534 lerant,
569 3482 607 3524 ae
625 3455 781 3547 singulare
800 3467 962 3524 certamen
980 3455 1030 3520 in-

14 3579 72 3633 unt
86 3565 289 3656 gladiatores
303 3569 424 3638 nullam
435 3573 477 3639 ob
490 3591 633 3643 causam
651 3591 711 3634 nec
725 3567 891 3656 quisquam
904 3565 1030 3632 descen·

14 3679 34 3740 it
59 3678 119 3764 qui
144 3676 341 3744 auxilietur?
358 3679 408 3746 An
426 3680 495 3747 hnc
510 3675 659 3769 praeclare
677 3700 695 3740 a
711 3676 799 3744 volsis
815 3671 1031 3764 peraguntur?

17 3788 51 3852 ui
69 3787 170 3852 enim
188 3787 272 3852 inter
287 3811 342 3854 vos
353 3788 504 3878 dignitate
518 3797 657 3878 praestet,
673 3787 846 3852 exercitum
860 3783 1031 3858 homicido-

14 3920 58 3962 ιω
74 3895 226 3985 colligit,
243 3919 339 3988 seque
355 3896 493 3966 latrones
512 3895 594 3964 alere
617 3895 792 3986 profitetur.
813 3894 973 3960 Prodeant
991 3891 1030 3956 ah
