2674 4618
334 261 375 304 nr
402 257 535 302 turonus
559 253 762 298 rcunsuouuu.
991 231 1054 316 493

34 371 146 432 rudem
157 365 293 452 epistola
304 365 545 451 bicodjungere
554 347 658 450 operm
666 362 809 448 pretium
818 359 931 444 fucrit,
943 357 1059 442 quibus

36 473 222 560 insignitas
235 487 332 555 atque
347 468 538 534 humanitas
552 466 698 541 illorum,
715 487 794 551 quos
805 465 1060 530 memoravimus
1103 493 1109 512 ·

35 579 72 642 M
75 587 231 666 crtyrum
244 564 439 640 describitur
453 573 503 637 itis
516 571 634 638 uerbis.

81 683 184 750 XVII.
204 683 268 760 Qui
282 681 412 769 quidem
428 681 589 747 Christum
603 678 742 746 temulari
758 692 854 766 atque
868 679 984 744 imitari
995 693 1061 746 tan-

41 807 151 878 topere
171 789 372 862 studuerunt,
388 787 442 876 qui
461 811 534 852 cum
554 787 586 850 in
604 787 703 852 forma
721 787 779 850 Dei
796 797 878 852 esset
900 810 963 852 non
982 787 1062 874 rapi-

43 921 118 961 nam
136 897 303 960 arbitratus
323 905 371 959 est
397 916 463 958 esse
488 916 521 956 se
541 890 693 978 aequulem
711 892 790 966 Deo,
814 903 849 956 ut
868 893 1010 978 quamvis
1028 894 1061 958 iu

43 1015 166 1068 tantum
186 1001 290 1088 gloriae
313 999 438 1065 culmen
456 997 554 1063 evecti
572 1012 688 1073 essent,
706 1021 766 1064 nee
780 997 874 1064 semel
895 1011 987 1087 atque
1007 1000 1062 1064 ite·

42 1135 128 1185 rum,
141 1110 197 1172 sed
207 1109 317 1196 saepius
332 1107 518 1192 martyrium
530 1107 709 1180 subiissent,
722 1116 753 1170 et
768 1127 785 1168 a
797 1106 903 1170 bestiis
915 1106 1018 1170 denuo
1031 1107 1062 1172 in

42 1239 208 1300 carcerem
222 1213 309 1280 relati
324 1223 443 1284 essent;
466 1214 605 1300 quamvis
620 1213 739 1299 ignium
758 1213 907 1299 impressa
922 1213 1061 1300 vestigia,

42 1324 194 1410 quamvis
209 1323 318 1388 vibices
329 1334 361 1384 et
373 1320 500 1386 vulnera
513 1333 579 1385 toto
597 1343 728 1406 corpore
744 1320 998 1392 circumferrent3
1016 1333 1064 1384 ta-

40 1455 123 1496 men
147 1453 209 1494 nec
226 1431 336 1517 seipsos
352 1441 505 1515 martyres
527 1427 734 1515 praedicerent
751 1449 811 1492 nec
831 1449 849 1490 a
866 1427 956 1491 nobis
974 1427 1016 1490 ita
1033 1450 1065 1491 se

40 1536 200 1626 appellari
220 1548 408 1623 peterentur.
424 1535 542 1601 Verum
560 1537 584 1600 si
605 1535 674 1621 quis
697 1546 839 1598 nostrum
859 1555 916 1620 per
934 1531 1065 1607 litteras,

41 1657 99 1708 aut
115 1644 148 1708 in
165 1641 309 1707 familiari
328 1641 497 1730 coloquio,
517 1663 571 1705 eos
591 1652 744 1725 martyres
765 1637 993 1726 compellasset,
1009 1639 1068 1702 ob-

43 1752 216 1838 jurgabant
227 1750 362 1836 graviter
376 1761 468 1836 atque
479 1749 694 1834 increpabant.
708 1746 853 1832 Martyris
867 1746 952 1810 enim
964 1743 1069 1833 appel-

44 1857 198 1920 lationem
212 1853 418 1920 libentissime
429 1854 645 1918 concedebant
661 1852 798 1926 Christo,
814 1864 923 1939 utpote
937 1852 1002 1917 fido
1016 1876 1069 1916 ve-

49 1987 153 2049 roque
175 1963 256 2036 testi,
273 1975 306 2027 ct
327 1963 534 2051 primogenito
553 1975 766 2036 mortuorum,
786 1961 918 2046 viteque
938 1959 1069 2026 coelestis

50 2072 188 2159 principi
202 2082 234 2134 et
247 2071 380 2136 auctori.
400 2070 461 2134 Eos
475 2061 600 2157 quoquc
611 2071 666 2157 qui
681 2071 745 2155 jam
760 2093 799 2134 ex
809 2069 871 2134 hac
881 2069 944 2133 vita
960 2069 1073 2157 migre-¹

50 2188 162 2240 serant
179 2187 346 2261 martyres,
366 2175 456 2240 nobis
478 2174 780 2249 commemorabant,
803 2173 988 2259 ciebuntqua
1005 2197 1012 2236 :
1032 2173 1072 2238 lli

49 2285 116 2370 jam
127 2293 203 2348 sunt
214 2295 381 2369 martyres,
393 2306 471 2369 quos
482 2284 516 2348 in
527 2284 591 2371 ipsa
601 2282 794 2347 confessione
806 2281 947 2348 Christus
958 2280 1073 2346 assumi

50 2389 165 2464 valuit,
181 2390 404 2477 professionem
422 2391 561 2478 ipsorum
576 2401 677 2453 morte
695 2401 845 2474 tanquam
861 2387 978 2454 annulo
992 2387 1072 2454 obsi-

52 2521 171 2584 gnanss
189 2521 246 2560 uos
259 2521 335 2562 vero
349 2495 423 2562 viles
435 2509 528 2584 atque
539 2497 655 2585 abjecti
668 2496 872 2562 consessores.
890 2493 991 2560 Simul
1002 2517 1073 2583 pro-

51 2605 129 2668 fusis
153 2601 301 2690 lacrymis
324 2606 532 2670 obsecrabant
547 2604 670 2677 iratres,
689 2617 724 2666 ut
745 2604 901 2669 continuat
919 2602 960 2667 ad
972 2601 1075 2667 Deum

51 2735 165 2799 preces
186 2711 312 2786 fierent,
328 2735 390 2798 quo
411 2711 540 2775 tandem
561 2711 618 2797 ipsi
639 2710 815 2797 perlectum
832 2711 929 2775 finem
946 2710 1074 2797 adipisci

52 2831 262 2884 mererentur.
282 2819 329 2882 Ac
344 2819 443 2905 reipsa
455 2819 583 2905 quidem
596 2818 745 2882 virtutem
757 2829 932 2903 martyrum
946 2816 1075 2880 exhibe-

53 2931 147 3001 bant,
163 2947 236 2990 cum
247 2926 364 3013 ingenti
375 2924 518 2991 libertate
530 2947 567 2989 ac
576 2924 693 2990 fiducia
704 2924 871 3012 gentilibus
889 2924 1076 3014 responden·

59 3045 107 3094 tes
120 3053 129 3092 :
144 3043 178 3093 et
187 3031 340 3118 egregiam
356 3027 451 3094 animi
470 3028 620 3104 indolem,
638 3031 754 3118 partim
770 3029 945 3105 tolerantis,
962 3031 1075 3118 partim

64 3137 155 3225 quod
167 3141 261 3202 metus
272 3159 309 3201 ac
320 3137 443 3225 pavoris
459 3149 600 3225 expertes
617 3149 732 3213 essent,
746 3137 907 3224 perspicue
923 3139 1076 3202 testaban-

62 3261 128 3309 tur.
145 3245 322 3330 lpsamvero
335 3257 509 3332 martyrum
521 3243 787 3334 appellationeme
800 3246 1011 3340 iratribussibi
1024 3248 1078 3312 ob-

56 3355 172 3426 lutam,
182 3363 294 3440 ‚utpote
313 3353 425 3418 timore
437 3353 494 3420 Dei
515 3355 688 3427 constricti,
702 3351 905 3440 refugiebant.
922 3352 1078 3439 Etpasto

51 3477 154 3550 post:
168 3460 392 3547 Deprimebant
407 3487 452 3538 se,
469 3463 637 3550 inquiunt,
653 3465 709 3527 sub
726 3485 822 3526 manu
835 3443 969 3551 potenti,
985 3485 1001 3524 a
1017 3484 1078 3548 qua

55 3591 145 3633 nunc
161 3569 325 3634 sublimius
340 3567 450 3634 elevati
466 3583 549 3635 sunt.
565 3569 656 3639 Tunc
673 3593 747 3636 vero
766 3570 908 3634 omnium
926 3567 1080 3634 defensio-

53 3699 133 3742 nem
152 3679 378 3766 suscipiebant,
397 3679 556 3746 neminem
570 3681 775 3755 accusabant,
792 3691 923 3746 cunctos
938 3677 1081 3745 absoluc-
