2710 4662
255 179 297 242 68
616 193 728 238 srucrr
753 191 925 238 cssuasrrs

256 322 287 374 at
312 306 489 374 humilitate
508 293 702 394 prccata'est
721 305 866 370 omnium
887 303 1071 370 effectorem
1098 305 1288 376 Dominum.

256 419 360 484 Deum
382 412 593 482 seculorum:
617 412 671 500 qui
689 413 786 477 animi
808 413 878 502 ejus
898 413 1111 481 humilitatam
1139 439 1289 490 cernam,

255 527 411 618 populum
425 525 583 600 liberarit,
598 535 729 612 propter
746 522 886 609 pericula
900 548 970 613 quae
986 523 1037 590 illa
1054 527 1189 594 adierat.

298 636 378 704 LVI.
395 637 435 701 Et
448 659 506 701 nos
522 635 617 724 igitur
631 657 758 720 oremus
773 657 833 722 pro
852 634 897 699 cis
913 636 1011 722 quiin
1031 635 1163 725 aliquod
1178 661 1290 726 peeca-

253 760 324 812 tum
339 745 416 836 lapsi
431 755 516 820 sunt,
535 755 571 809 ut
586 744 680 810 detur
697 742 757 807 illis
772 744 949 810 moderatio
966 756 999 811 et
1021 745 1205 820 humilitiam
1226 773 1286 836 quo

255 881 320 922 non
339 856 444 931 nobis,
461 855 519 920 ‘sed
542 853 696 920 voluntati
718 852 777 919 Dei
803 853 938 918 cedant:
961 856 1008 920 sic
1028 857 1116 922 enim
1135 857 1289 947 eritipsis

253 968 416 1035 fructuosa
429 978 462 1031 et
475 963 615 1054 perlecta
629 985 700 1052 quae
716 975 764 1028 est
778 961 864 1053 apud
875 964 979 1030 Deum
990 977 1023 1030 et
1040 965 1202 1042 sanctos¹‚
1215 991 1285 1034 cum

254 1073 469 1141 misericordia
495 1073 683 1141 recordatio.
708 1073 915 1140 Assumamus
947 1073 1169 1163 disciplinam,
1200 1079 1283 1164 juxta

254 1209 351 1272 quam
362 1207 457 1252 nemo
475 1183 584 1250 solitus
598 1192 648 1248 est
662 1182 831 1272 indignari,
844 1183 961 1250 dilecti.
977 1186 1181 1262 admonitio,
1195 1211 1281 1275 quam

254 1301 391 1366 invicem
405 1295 551 1368 iacimus,
564 1297 647 1360 bona
666 1305 718 1360 est,
734 1305 767 1358 et
781 1295 925 1384 apprime
941 1295 1044 1362 utilis:
1060 1298 1220 1386 siquidem
1231 1327 1279 1368 nos

253 1407 408 1477 voluntati
425 1405 483 1472 Dei
501 1402 645 1494 glutinat.
661 1401 716 1467 Sic
736 1402 823 1468 enim
842 1404 886 1468 ait
901 1427 990 1470 sacer
1015 1429 1143 1472 serum:
1162 1409 1280 1476 «caai-

254 1551 267 1585 »
283 1543 359 1611 gans
374 1514 538 1603 castigavit
558 1536 610 1578 me
624 1511 797 1588 Dominus:
816 1527 849 1579 et
864 1515 959 1580 morti
974 1539 1038 1580 non
1057 1517 1193 1588 tradidit
1203 1520 1278 1586 ma².

251 1660 264 1694 ι
279 1630 384 1709 Quem
398 1625 485 1690 enim
496 1620 597 1712 diligit
608 1623 775 1698 Dominus.
787 1623 933 1711 corripit;
951 1621 1090 1714 flagellat
1099 1639 1210 1694 autem
1220 1653 1279 1694 om-

252 1761 353 1805 »nem
368 1733 471 1801 filium
489 1757 585 1821 quem
605 1733 735 1820 suscipit
746 1733 768 1797 ⁸.
792 1732 950 1820 Corripiet
967 1735 1059 1798 enim
1075 1759 1149 1811 me,
1171 1738 1276 1827 inquit,

252 1869 264 1911 0
284 1851 387 1938 justus
401 1849 433 1912 in
446 1843 681 1918 misericordia,
696 1853 729 1906 et
743 1853 854 1930 arguet
869 1865 941 1908 me:
960 1841 1068 1909 oleum
1084 1857 1194 1912 autem
1213 1870 1274 1936 pec-

252 1989 265 2030 0
279 1971 424 2025 catorum
438 1979 503 2022 non
515 1955 690 2042 impinguet
702 1966 798 2040 caput
810 1975 917 2018 meum
928 1953 950 2018 ¹.
965 1982 978 2016 ι
992 1955 1034 2020 Et
1049 1955 1166 2024 iterum
1182 1959 1278 2024 dicit:

260 2068 399 2134 «Beatus
423 2065 519 2130 honio
542 2085 639 2151 quem
662 2063 765 2152 arguit
788 2062 958 2128 Dominus!
979 2057 1187 2132 monitionem
1210 2093 1282 2132 vero

253 2207 266 2240 ι
280 2175 516 2265 Omnipotentia
526 2197 566 2239 ne
575 2197 700 2240 000000.-
716 2175 787 2260 lpse
803 2173 888 2237 enim
903 2172 1012 2240 dolere
1023 2175 1102 2248 10011,
1115 2188 1147 2239 01
1162 2201 1282 2241 rursus

250 2285 434 2352 »restituitt
449 2283 617 2374 percussit,
635 2293 667 2348 et
690 2303 802 2346 manus
817 2283 887 2369 ejus
908 2293 1095 2347 sanaverunt.
1112 2281 1217 2348 Sexies
1234 2285 1280 2349 de

252 2395 520 2480 »necessitatibus
535 2403 626 2458 eruet
641 2402 689 2462 tes
703 2402 736 2454 ct
757 2390 789 2453 in
808 2391 944 2478 septimo
960 2413 1023 2456 non
1036 2401 1140 2480 tanget
1157 2401 1191 2456 te
1208 2415 1284 2458 ma—

253 2505 358 2571 llum.
389 2505 426 2571 ln
445 2503 530 2570 same
551 2501 700 2567 liberabit
716 2513 747 2565 te
768 2523 786 2566 a
808 2513 931 2566 morte:
955 2503 987 2568 in
1010 2501 1116 2591 praelio
1136 2526 1227 2580 vero,
1244 2506 1280 2568 do

252 2638 377 2681 smanu
395 2612 468 2680 serri
488 2609 588 2681 solvet
605 2622 637 2675 te
653 2633 661 2674 τ
686 2623 750 2674 010
769 2609 893 2700 ssagello
909 2611 1024 2701 linguae
1040 2613 1217 2679 abscondet
1231 2625 1259 2677 te
1265 2639 1274 2684 ;

251 2753 263 2786 a
280 2735 312 2789 et
327 2746 392 2790 non
410 2721 538 2788 timebis
555 2743 573 2785 a
590 2717 680 2785 malis
696 2719 916 2808 ingruentibus
934 2743 942 2784 τ
960 2721 1097 2809 injustos
1113 2734 1146 2788 et
1163 2724 1275 2812 iniquos

250 2833 450 2904 »deridebis3
469 2845 502 2895 et
524 2829 646 2895 feroces
672 2829 788 2893 bestias
807 2815 872 2894 000
893 2826 1037 2896 timebis(
1061 2833 1179 2898 Bestiae
1201 2833 1278 2900 enim

251 2969 263 3002 a
276 2941 350 3006 lerae
365 2951 484 3030 pacatae
501 2949 594 3002 erunt
606 2938 673 3003 tibi.
689 2937 812 3005 Deinde
825 2921 903 3002 scies
915 2940 1001 3026 quod
1014 2939 1046 3005 in
1058 2963 1140 3028 pace
1156 2943 1220 3008 erit
1233 2941 1278 3006 do

250 3079 263 3110 a
279 3073 350 3114 mus
365 3060 440 3112 tua:
460 3046 613 3112 habitatio
632 3059 739 3111 antem
757 3045 954 3112 tabernaculi
970 3047 1017 3112 tui
1036 3071 1101 3114 non
1123 3052 1276 3139 peccabit.

250 3157 366 3223 »Scies
381 3166 488 3221 autem
503 3152 589 3244 quod
608 3153 745 3246 multum
763 3177 871 3220 semen
887 3167 992 3233 tuum,
1004 3170 1037 3223 at
1050 3157 1106 3224 filii
1129 3162 1178 3226 tui
1199 3161 1281 3250 quasi

250 3249 380 3334 domnis
391 3265 489 3332 herba
502 3265 606 3353 campi
619 3288 627 3329 :
644 3277 676 3331 et
687 3266 793 3331 venies
805 3267 836 3331 10
852 3265 1046 3354 sepulcrum,
1059 3280 1217 3358 tanquam
1226 3271 1282 3336 sru-

249 3408 262 3440 0
276 3390 420 3446 mentum
431 3386 593 3442 maturum
609 3375 694 3463 quod
706 3375 737 3440 10
752 3387 894 3463 tempore
906 3390 1122 3452 messuerunt;
1139 3380 1191 3448 vel
1208 3381 1282 3447 sieut

249 3515 261 3548 0
277 3499 501 3552 acervus'areae
516 3487 704 3574 intempore
716 3485 962 3575 comportatus‘.
977 3516 991 3549 ι
1004 3487 1147 3565 Videtis,
1163 3489 1280 3556 dilecti.

249 3595 371 3686 protegi
395 3617 449 3659 eos
470 3596 524 3683 qui
545 3619 562 3660 a
581 3594 718 3661 Domino
743 3585 959 3686 castigantur:
983 3620 1059 3663 cum
1076 3599 1281 3666 enim'bonus

250 3733 253 3744 ⁴
282 3723 707 3788 *Roman15.-²Pa.cxvu‚18.
720 3707 1193 3791 --11’000.ιιι’,η.-11100005.-
1206 3729 1280 3781 tter.

252 3828 275 3872 v,
292 3828 327 3880 ιγ.
