2586 4642
418 340 716 414 conrns'uarnasus.
1021 343 1084 408 555

21 499 130 544 num
152 477 271 546 Deum
283 478 409 548 Patrem
421 481 611 546 annuntiant
622 503 709 555 eum,
727 479 781 567 qui
794 476 1032 569 legisdationem
1045 475 1084 562 se

21 587 67 660 it,
99 587 173 676 qui
201 589 290 655 misit
311 587 499 679 Pmpbetas,
523 589 578 678 qui
599 588 704 655 omniu
721 586 812 662 lecit;
835 600 867 688 et
882 583 1085 678 propterboe

21 697 76 760 it:
95 723 112 756 ι
122 695 269 764 Mittens
281 699 438 766 exereitus
452 721 526 765 suos
537 721 569 764 ιι
584 698 734 788 quoniam
743 697 965 772 omnishomo,
975 717 1085 762 seeun-

21 828 101 872 :um
120 805 226 895 quod
240 807 410 883 esthemo,
426 805 547 897 plasma
563 807 660 897 ipsius
674 819 735 882 eat.
750 806 827 874 lieet
838 808 963 898 ignoret
980 806 1085 872 Deum

23 938 136 981 uum.
171 915 338 982 Omnibus
360 918 447 988 enim
469 927 505 984 ut
526 918 590 983 sint
610 929 749 1007 praestat,
771 919 825 1005 qui
851 917 1085 986 «solenianum

40 1025 136 1091 oriri
160 1024 244 1094 faeit
259 1050 355 1116 super
371 1026 471 1096 malos
490 1039 523 1094 et
540 1029 655 1104 bonos,
677 1040 711 1094 et
725 1026 806 1118 pluit
826 1051 922 1120 super
937 1030 1039 1118 justos
1054 1038 1087 1094 et

21 1167 24 1186 ›
45 1133 268 1222 injustos¹.s
657 1155 659 1158 ·

67 1239 153 1308 Vll.
170 1243 218 1310 Et
234 1267 299 1310 non
316 1241 419 1311 ιοΙιιιιι
435 1269 493 1336 per
503 1267 541 1312 ea
552 1267 624 1336 qun
634 1245 786 1338 predicta
802 1258 889 1322 sunt,
908 1247 965 1314 aed
981 1256 1014 1312 et
1028 1269 1087 1336 per

21 1351 239 1438 parabolam
254 1355 392 1423 duorum
403 1353 557 1433 liliorum,
572 1377 710 1446 quorum
721 1356 827 1424 minor
837 1354 997 1424 luxuriosa
1012 1367 1087 1424 con-

21 1461 179 1551 sumpsit
191 1464 415 1542 substantium,
431 1465 539 1534 vivens
550 1489 627 1534 enm
638 1466 829 1544 luminariis,
845 1489 946 1533 unum
956 1479 989 1532 et
999 1489 1088 1533 eum·

22 1570 113 1636 dem
125 1570 245 1640 docuit
256 1573 397 1652 Patrem,
411 1577 525 1666 majori
541 1575 672 1665 quidem
683 1575 749 1644 lilio
765 1599 805 1643 ne
816 1575 945 1644 bedam
957 1576 1088 1666 quidem

26 1677 279 1770 indulgentem,
307 1698 438 1774 propter
458 1707 534 1770 eum
557 1697 665 1751 autem
682 1686 737 1776 qui
756 1686 907 1776 perierat,
931 1686 1088 1754 minorem

30 1789 147 1858 lilium
167 1817 276 1870 suum,
295 1795 462 1884 jubentem
480 1795 584 1879 oecidi
604 1795 739 1863 vitulum
759 1797 951 1887 saginatum,
970 1808 1003 1862 at
1021 1795 1089 1886 pri-

36 1921 133 1966 mam
148 1902 180 1968 ei
193 1901 307 1970 stolam
319 1903 493 1971 donantem
502 1901 524 1970 ².
543 1905 583 1970 Et
595 1927 653 1995 par
663 1902 847 1995 parabolam
859 1916 966 1972 antem
977 1927 1090 1971 eorum

39 2012 271 2099 operariorum
291 2013 346 2102 qui
363 2015 457 2080 variis
472 2015 669 2105 temporibus
681 2015 714 2081 in
729 2015 854 2080 vineam
868 2015 1089 2090 mittebantur,

42 2144 132 2188 unus
153 2133 187 2188 et
209 2123 294 2190 idem
315 2123 470 2190 Dominus
491 2123 698 2190 ostenditur:
724 2145 843 2189 voeans
860 2121 938 2189 alios
962 2121 1090 2211 quidem

47 2230 157 2296 statim
170 2232 203 2298 in
220 2231 308 2298 initio
323 2231 435 2299 mundi
451 2231 682 2304 fabricationist
697 2229 775 2298 alios
790 2253 864 2299 vero
875 2242 947 2322 post
961 2232 1039 2306 boe:
1057 2242 1091 2296 et

47 2338 129 2406 aliea
147 2341 233 2408 cirea
253 2340 458 2407 medietatem
475 2352 673 2430 temporum:
696 2350 729 2405 et
747 2336 823 2404 ebes
838 2340 1010 2429 progressis
1024 2339 1090 2428 jam

52 2451 266 2540 temporibus;
286 2450 362 2516 item
378 2447 457 2514 alios
471 2449 504 2515 in
520 2447 604 2514 fine⁸
621 2453 684 2514 :ut
694 2447 757 2514 sint
768 2447 897 2536 quidem
909 2446 1001 2514 multi
1013 2471 1091 2536 ope-

55 2559 129 2626 rarii
143 2559 321 2626 seeundum
331 2581 388 2624 sua
400 2559 542 2647 ipsorum
558 2569 714 2646 tempora,
731 2579 814 2622 unua
825 2567 934 2622 autem
948 2556 1003 2644 qui
1015 2577 1092 2622 aon-

58 2681 147 2736 aorat
160 2691 226 2744 ens,
238 2665 472 2758 paterfamilias.
487 2665 614 2734 Etenim
627 2664 716 2732 vinea
729 2685 806 2762 una.
822 2665 973 2755 qnoniam
984 2675 1017 2731 ot
1029 2688 1093 2730 una

62 2780 191 2868 justitias
211 2790 244 2846 at
259 2801 340 2846 unus
355 2778 567 2866 dispensator,
589 2798 671 2842 unus
691 2773 777 2841 enim
796 2773 931 2864 Spiritus
950 2775 1022 2850 liei,
1039 2775 1094 2864 qui

63 2887 195 2978 disponit
215 2888 321 2954 omnia
344 2909 353 2952 ι
378 2883 521 2951 similiter
543 2895 651 2950 autem
672 2896 705 2951 et
727 2905 850 2952 merom
878 2907 954 2960 unas
983 2907 1093 2952 omnes

66 2998 149 3063 enim
165 3005 355 3083 aeceperunt
373 2992 513 3083 singulos
534 2994 692 3070 denarios,
716 2995 886 3084 imaginem
904 3007 937 3062 et
956 2997 1093 3087 inserip-

72 3106 180 3171 tionam
192 3103 296 3193 Regis,
313 3102 505 3192 agnitionem
516 3101 588 3168 Filii
598 3103 657 3170 liei
667 3125 738 3192 que
750 3113 798 3172 eet
808 3103 1033 3194 incorruptela.
1052 3107 1093 3173 Et

72 3225 190 3305 propter
209 3213 270 3282 boe
286 3238 306 3281 a
325 3213 500 3281 novissimis
519 3214 616 3304 oepit
635 3215 712 3280 dare
726 3215 922 3292 meroedem‚
942 3215 1094 3303 quoniam

73 3327 103 3392 in
122 3324 285 3392 novissimis
304 3324 501 3415 temporibus
519 3324 738 3392 manifestatus
756 3323 924 3401 Dominus.
947 3326 1095 3394 omnibus

76 3435 260 3526 semetipsum
275 3435 521 3524 representavit.

114 3542 188 3612 v111.
209 3545 248 3613 lit
267 3542 459 3612 Publicanos
480 3554 588 3612 antam
610 3544 664 3632 qui
686 3543 718 3612 in
737 3543 880 3612 oratione
900 3544 1093 3614 Pharisaeum
1231 3535 1238 3550 ’

80 3651 249 3743 superarit⁴,
270 3675 334 3720 non
356 3651 508 3743 quoniam
525 3650 661 3720 alterum
677 3650 804 3720 Patrem
820 3652 983 3734 adorabat,
1010 3659 1095 3724 testi·

82 3762 203 3830 monium
217 3763 340 3852 aceepit
354 3782 372 3827 a
387 3761 526 3828 Domino
541 3761 628 3849 quod
648 3761 688 3828 ait
704 3759 803 3849 magis
816 3759 1020 3849 justificatus,
1037 3765 1096 3830 sed

111 3911 204 3964 ¹ldattb.
215 3929 237 3970 ι,
249 3913 271 3960 ⁵.
282 3911 329 3950 -2
339 3914 400 3962 Luc.
413 3929 454 3972 ιι,
469 3929 493 3960 ιι
506 3921 530 3962 et
542 3929 613 3978 ιειιιικ
625 3911 1094 3980 -⁸ttsut1.u,1erasqq.-⁴aus.

86 4019 144 4060 ιιιιι,
156 4017 178 4050 ιιι
187 4009 208 4052 at
216 4017 288 4090 seqq..
