2688 4626
270 251 1097 276 mmmmmmmmmwtwuummmmuffm
1102 251 1293 275 mumm-

473 457 791 547 EJUSDEM
823 455 1093 545 JUSTINI

275 687 384 850 uu
430 729 972 852 muraneum
1013 731 1281 848 ornus.

588 1041 982 1074 -ι-αώθῠ--ιι-

314 1235 339 1300 l.
359 1236 429 1303 Cura
448 1236 586 1304 bumana
606 1251 718 1304 natura
733 1239 823 1305 initio
844 1234 1107 1325 conjunctionem
1124 1229 1283 1321 intelligen-

273 1346 324 1410 tiae
344 1359 376 1412 et
398 1345 506 1413 salutis
523 1348 566 1413 ad
586 1348 726 1414 veritatis
748 1360 781 1413 et
803 1345 907 1413 cultus
923 1344 978 1410 uni
999 1342 1149 1407 omnium
1167 1341 1282 1406 Domino

273 1455 371 1520 debiti
392 1457 605 1546 coguitionem
622 1457 811 1546 accepisset,
831 1455 1006 1542 subrepens
1022 1453 1143 1520 invidia
1158 1452 1281 1518 bumana

274 1563 433 1653 dignitatis
455 1569 669 1654 praeslantiam
695 1567 736 1632 ad
758 1563 924 1632 simulacra
946 1563 1097 1654 lingenda
1116 1563 1237 1634 avertit;
1256 1585 1281 1625 aa

273 1683 439 1762 postquam
462 1675 516 1740 diu
540 1677 724 1742 inveteravit
746 1674 959 1764 superstitiosa
981 1671 1197 1748 consuetudo,
1213 1693 1282 1735 erro

274 1806 355 1860 rem,
371 1795 408 1849 ut
422 1783 627 1853 vernaculum
641 1800 674 1852 et
691 1809 803 1853 verum
818 1783 993 1873 quidpiam,
1009 1781 1123 1848 multis
1141 1803 1282 1847 commen-

275 1893 338 1960 dat.
364 1895 421 1961 Eat
442 1907 549 1961 autem
571 1895 707 1962 bominis
729 1919 838 1962 amore
859 1895 892 1960 in
910 1894 1056 1961 hominos
1075 1891 1129 1958 vel
1149 1891 1243 1980 polim
1259 1891 1281 1954 in

274 2001 378 2068 Deum
389 2005 527 2078 accensi,
543 2027 598 2071 eos
614 2005 887 2072 commonefacere
901 2003 955 2090 qui
970 2025 1042 2091 quar
1054 2003 1138 2068 scire
1149 2002 1283 2067 debebant

276 2113 553 2198 praetermiserunt.
580 2113 627 2180 Ae
648 2116 762 2179 veritas
783 2113 913 2200 quidem
937 2112 1011 2178 satis
1033 2111 1135 2177 babet
1154 2111 1184 2176 in
1201 2111 1284 2196 seipsa

277 2220 404 2296 virium,
421 2233 456 2284 ut
474 2245 514 2286 ex
528 2223 577 2287 bis
596 2245 667 2310 quas
683 2224 743 2288 sub
759 2220 834 2311 polo
851 2233 1063 2297 concurrunt,
1076 2217 1213 2306 illicspui
1224 2217 1286 2282 bara
1331 2235 1332 2256 ¹

277 2331 406 2406 creavit,
419 2331 563 2396 ordinem
574 2331 778 2397 demonstret.
796 2331 858 2397 Sed
869 2341 1040 2420 postquam
1052 2328 1158 2395 oblivio
1167 2338 1284 2416 propter

271 2433 525 2528 Deipatieutiam
535 2453 657 2506 mentes
664 2440 831 2505 bominum
841 2437 1285 2526 occupavitJaeiuusaggressa

276 2557 336 2622 est,
350 2560 385 2612 et
399 2571 516 2614 nomeu
532 2547 588 2614 soli
606 2571 681 2614 vero
700 2548 769 2616 Deo
785 2569 963 2636 congruens
977 2545 1019 2610 ad
1036 2543 1186 2610 mortales
1200 2557 1284 2608 nane

279 2654 368 2730 tulin
385 2668 418 2723 ct
432 2680 450 2722 a
466 2658 574 2746 paucis
589 2658 737 2746 nequitia
752 2657 898 2746 contagio
912 2655 953 2722 ad
968 2651 1086 2720 multos
1104 2654 1284 2743 pervenitis

278 2765 392 2854 quibus
406 2764 566 2832 stabilium
581 2779 613 2832 et
627 2766 874 2832 immutabilium
889 2787 997 2831 rerum
1009 2764 1223 2854 cognitionem
1232 2785 1286 2828 cou-

279 2873 414 2940 suetudo
428 2873 587 2964 populuris
602 2877 792 2942 obscuravit.
811 2875 892 2943 Nam
907 2875 961 2962 qui
977 2873 1068 2940 initio
1079 2874 1114 2939 in
1130 2873 1287 2962 principum
1332 2887 1333 2952 J

279 2979 434 3048 bonorem
443 2983 593 3070 mysteria
601 2996 634 3050 et
644 2981 773 3074 publica
785 3006 916 3050 munera
927 2983 1105 3058 instituere,
1120 2979 1288 3047 oblivionem
1332 2965 1333 2968 ¹

280 3087 442 3157 catholicas
450 3092 605 3181 opinionis
616 3093 749 3182 posteris
760 3093 947 3182 injecerunt.
959 3091 1026 3179 Ego
1038 3101 1163 3165 autem,
1172 3102 1208 3154 ut
1217 3085 1291 3177 paulo

279 3201 471 3289 anteposui,
487 3201 593 3268 animo
608 3214 701 3268 utens
715 3203 818 3268 Deum
832 3213 971 3276 amante,
989 3211 1061 3263 utar
1071 3221 1153 3265 voce
1170 3195 1292 3264 bomini

254 3301 258 3307 ¹
280 3311 340 3378 bus
361 3313 475 3388 amica,
497 3335 537 3380 ac
556 3315 681 3402 copiam
700 3314 780 3379 facio
803 3313 852 3389 iis,
876 3311 929 3400 qui
957 3333 1032 3376 sana
1054 3321 1165 3376 menta
1187 3305 1293 3398 praediti

280 3432 366 3497 sunt,
382 3443 574 3509 quamquam
585 3421 619 3486 id
632 3421 762 3510 quidem
773 3421 920 3486 omnibus
931 3419 986 3506 qui
998 3417 1223 3483 universorum
1234 3429 1294 3480 tem·

278 3531 440 3617 paratione
456 3545 601 3608 utuntur,
617 3533 719 3597 inesse
735 3531 879 3606 deberet,
901 3542 935 3595 ut
952 3529 1096 3594 omnium
1113 3530 1295 3618 cognitorem

280 3636 469 3702 immutabili
485 3639 573 3705 cultu
586 3652 829 3729 prosequantur.
849 3639 918 3705 lloc
933 3649 1040 3703 autem
1055 3659 1122 3702 uon
1141 3633 1296 3725 pigmentis

280 3745 450 3810 verborum
464 3749 650 3835 exprimam,
673 3751 730 3816 sed
748 3749 939 3840 argumentis
955 3748 1085 3814 omniuo
1107 3759 1179 3812 utar
1194 3769 1232 3811 ex
1253 3767 1296 3806 re-

282 3860 365 3916 tusta
380 3850 564 3922 Graecorum
575 3856 712 3924 historin
728 3857 814 3946 poesi
827 3857 979 3946 repetitis,
992 3868 1024 3923 et
1035 3879 1075 3922 ex
1086 3855 1231 3923 contritis
1243 3875 1297 3918 onr-
