2648 4634
239 321 306 403 tit
561 341 672 388 sirtori
696 341 811 387 mrrnr
833 343 894 387 nm.
921 341 952 386 rs

239 475 341 544 prono
357 451 462 518 animo
478 451 674 540 unigenitum
688 463 721 516 et
732 448 883 518 dilectum
895 447 996 516 filium
1007 471 1101 516 suum
1112 453 1267 518 conoeuit
1293 505 1298 521 .

241 561 432 630 sucrificium
445 559 528 633 Deos
544 571 580 624 ut
593 570 626 624 et
640 559 725 624 Deus
741 557 976 648 beneplacitum
991 557 1121 636 hubent,
1132 581 1193 646 pro
1204 561 1269 624 uni-
1318 641 1319 652 ἵ

239 695 330 740 verso
342 669 460 737 somine
471 669 541 758 ejus
553 665 706 734 dilectum
714 680 749 734 ot
760 666 960 757 unigenitum
970 665 1073 733 filium
1088 689 1186 732 suum
1195 691 1268 757 pre-

240 795 321 850 stare
340 779 530 848 sncriiioium
545 778 578 843 in
593 789 734 844 nostrum
748 777 1012 866 redemptionem.

281 890 320 958 V.
333 888 491 979 Propheta
505 909 582 976 ergo
596 907 673 952 cum
687 896 769 952 esset
783 885 958 964 Abrohom,
974 899 1007 953 et
1021 885 1148 953 videret
1160 887 1195 954 in
1207 886 1267 976 Spi

239 1001 301 1067 ritu
316 997 401 1064 diem
415 997 570 1064 adventus
581 993 721 1071 Domini,
735 1001 767 1060 et
782 997 935 1084 passionis
947 995 1206 1086 dispositionem,
1217 1021 1268 1086 per

238 1131 331 1198 quem
347 1108 414 1196 ipse
429 1127 568 1194 quoquc,
585 1115 617 1168 et
631 1125 742 1170 omncs
756 1103 810 1191 qui
826 1101 971 1169 similitor
986 1116 1023 1168 ut
1037 1104 1106 1193 ipse
1117 1105 1267 1178 ‘credidit

237 1217 374 1285 credunt
396 1213 479 1290 Dco,
502 1211 613 1280 salvari
636 1211 829 1299 inciperent,
856 1209 1023 1278 exsultarit
1049 1212 1263 1280 vehomenter.

236 1327 307 1395 Non
327 1323 505 1413 incognitus
525 1319 620 1410 igitur
639 1331 708 1384 erat
728 1318 883 1386 Dominus
897 1320 1047 1396 Abrshae,
1064 1322 1166 1410 cujus
1190 1322 1264 1387 diem

235 1434 419 1524 concupivit
429 1431 555 1497 vidore:
570 1427 625 1494 sed
636 1449 740 1516 nequo
750 1426 844 1493 Potor
854 1427 1001 1504 Dominit
1016 1429 1181 1498 didicerat
1191 1431 1262 1497 enin

161 1555 171 1570 ⁸
235 1571 253 1614 n
268 1545 374 1614 Verbo
389 1540 529 1615 Domini,
545 1549 578 1604 et
594 1536 728 1604 credidit
741 1537 771 1602 ei
790 1559 798 1601 ε
816 1549 1008 1628 quapropter
1028 1549 1061 1605 et
1082 1540 1262 1630 deputntrm

235 1670 283 1724 est
298 1655 328 1721 ei
342 1653 383 1724 ad
397 1649 550 1741 justitiam
561 1670 578 1711 s
589 1646 737 1713 Domino.
751 1646 846 1713 Fides
856 1647 942 1715 enim
960 1672 1031 1738 quae
1049 1662 1101 1716 ost
1112 1652 1157 1716 sd
1169 1652 1258 1718 Deum
1318 1665 1319 1728 t

235 1765 434 1837 altissimum,
455 1757 606 1849 justitient
626 1757 791 1823 hominem
807 1779 816 1822 ε
835 1769 868 1823 ot
882 1771 1011 1848 propter
1031 1759 1098 1826 hoe
1113 1761 1257 1829 dicebat:

244 1871 443 1942 cExtondam
460 1889 589 1932 monum
603 1887 708 1930 meum
723 1865 764 1930 nd
778 1865 883 1968 Deum
897 1865 1102 1946 altissimum,
1117 1871 1176 1960 qui
1190 1895 1256 1937 con—
1318 1855 1319 1950 i

235 2015 248 2050 s
263 1983 364 2051 stituit
379 1976 495 2046 coelum
513 1987 546 2042 et
560 1986 678 2042 terrum
686 1973 709 2040 ¹.
727 2003 741 2036 ι
756 1974 833 2042 Haec
851 1987 958 2042 autem
978 1979 1088 2044 omniu
1110 1992 1254 2046 conantur

234 2106 374 2162 evertere
395 2086 453 2164 illi,
474 2087 529 2175 qui
550 2097 623 2151 sunt
642 2083 733 2150 mats
754 2085 929 2161 sententie,
945 2087 987 2152 ob
1007 2109 1112 2154 unum
1130 2089 1250 2164 dimum

235 2203 320 2294 quod
336 2199 465 2291 quidem
479 2196 564 2287 apud
578 2217 632 2263 eos
647 2217 713 2262 non
727 2195 809 2262 bene
823 2193 1022 2266 intellectum
1035 2209 1097 2265 est.

630 2411 783 2480 CAPUT
802 2411 859 2480 vt.

232 2603 366 2680 Explicat
385 2599 494 2662 Christi
507 2600 604 2674 norbo,
624 2601 715 2662 Nemo
734 2603 870 2681 cognoscet
887 2606 998 2662 Putrem
1011 2605 1071 2663 miri
1086 2606 1193 2674 Fatus,
1207 2617 1245 2658 etc.

271 2705 372 2781 qut'bus
384 2702 562 2763 abutebantur
573 2701 703 2776 itoerets'ei,
713 2715 738 2761 et
744 2702 852 2779 probat,
863 2716 894 2763 ut
903 2703 1037 2764 revelatur
1047 2703 1135 2764 Patre
1142 2707 1173 2762 F
1170 2705 1245 2764 tisun

271 2805 312 2862 sic
323 2800 455 2861 revelante
464 2801 494 2860 F
491 2799 538 2860 itio
550 2799 663 2860 Patrem
671 2821 815 2875 nmrquum
825 2823 879 2860 non
890 2803 1026 2880 cognitum
1028 2799 1136 2883 fuisse

275 2976 300 3040 1.
318 2973 471 3041 Dominus
487 2973 572 3038 enim
587 2957 755 3048 ostendens
771 2975 975 3064 semetipsum
989 2973 1168 3065 discipulis,
1185 2996 1247 3063 qno

230 3087 317 3154 niam
339 3085 405 3173 ipsc
425 3096 473 3150 est
487 3082 642 3161 Verbum,
659 3085 713 3173 qui
728 3087 919 3175 agnitionem
934 3085 1034 3154 Patris
1049 3087 1141 3163 facit,
1156 3097 1191 3153 et
1203 3109 1249 3150 ex·
1317 3131 1318 3180 p

229 3197 383 3286 probruns
397 3193 515 3260 Judaeis
530 3196 714 3284 putantibus
728 3221 762 3262 se
777 3197 894 3264 habere
908 3198 1024 3274 Deum,
1040 3221 1118 3265 cum
1131 3211 1167 3264 et
1182 3199 1251 3263 irus

229 3315 353 3370 trentur
361 3301 502 3372 Verbum
513 3304 595 3390 ejus,
607 3327 664 3394 per
675 3321 770 3393 quem
782 3308 984 3396 cognoscitur
993 3307 1092 3384 Deus,
1105 3307 1250 3375 dicebnt:

237 3411 366 3481 «Nemo
385 3413 547 3502 cognoscit
568 3411 684 3479 Filium
705 3413 765 3480 nisi
784 3413 889 3493 Potor,
913 3441 1015 3506 neque
1035 3415 1164 3484 Putrem
1186 3419 1252 3506 quis
1316 3493 1317 3510 ἵ

228 3522 419 3613 »cognoscit
429 3523 488 3589 nisi
503 3521 613 3598 Filius,
625 3535 658 3588 et
669 3523 720 3589 cui
734 3521 867 3592 voluerit
883 3525 981 3594 Filius
995 3526 1146 3593 revelare.
1168 3557 1182 3589 ι
1199 3527 1251 3592 Sic
1316 3531 1317 3594 i

227 3645 260 3698 et
280 3633 443 3700 Mattheus
465 3632 600 3722 posuit¹,
622 3645 656 3699 et
670 3633 772 3700 Lucss
787 3633 959 3713 similiter⁸,
978 3648 1010 3702 et
1025 3637 1150 3704 Murcus
1166 3637 1250 3701 idem

229 3744 333 3832 ipsum
351 3765 359 3806 ε
377 3739 514 3808 Joannes
529 3743 613 3809 enim
629 3745 780 3832 praeteriit
793 3742 902 3811 locum
913 3745 1007 3814 hunc.
1026 3747 1065 3813 Hi
1077 3757 1184 3812 nutem
1196 3747 1249 3834 qui
1316 3817 1317 3822 ἵ

229 3849 391 3938 peritiores
410 3846 569 3938 Apostolis
590 3847 699 3915 volunt
720 3873 800 3928 esse,
823 3851 869 3918 sic
888 3852 1094 3922 describunt:
1113 3881 1127 3915 r
1149 3853 1248 3920 Nemo
1316 3875 1317 3878 ¹

261 3975 270 4008 ¹
283 3975 346 4026 Gon.
359 3991 408 4038 xrs,
422 3991 459 4024 sn.
472 4003 502 4013 -
513 3973 524 4009 ²
534 3976 627 4026 Mattir.
639 3993 673 4037 ιι,
685 3993 724 4042 ²7.
737 4005 768 4016 -
780 3975 790 4012 ⁸
800 3978 858 4028 Luc
873 3995 898 4040 ι,
915 3995 950 4030 ss.
