2616 4620
315 297 355 340 aa
382 293 579 346 nuroarcun,
605 295 664 338 nro.
693 295 726 338 rr.
971 277 1028 359 ¹47

17 428 144 472 consona
158 428 267 472 omnes
278 404 398 480 dixere,
407 416 476 471 turn
488 426 556 491 quae
568 415 640 470 anto
651 427 705 470 aaa
715 416 803 492 gaeta
814 403 952 479 fuerant,
965 416 1032 470 tum

14 539 80 603 quaa
95 516 165 604 ipsis
176 526 266 582 erant
277 512 419 603 aqualia,
433 526 502 580 tam
513 537 583 602 quae
593 514 679 602 apud
689 536 746 580 nos
759 513 853 579 hodie
865 513 1032 602 perficiun-

14 635 83 688 tur:
98 623 180 690 unde
191 623 286 689 ctiam
298 633 330 688 ct
342 623 381 688 de
396 621 510 686 suturis
522 632 609 686 certo
621 621 748 699 scimus,
761 645 797 688 aa
809 622 852 686 ita
863 645 930 690 essa
941 646 1034 690 crea-

14 743 80 796 tura
99 730 366 818 quemadmodum
385 741 417 795 ct
432 731 536 819 priora
552 729 724 796 aderitum
740 732 891 820 perducta
910 743 993 801 suut.

53 841 95 905 X.
110 840 156 906 Ao
167 841 269 928 primo
281 839 409 926 quidem
421 861 545 905 summo
557 859 712 904 consensu
724 840 860 906 docuere
875 841 979 908 Deum
994 863 1034 906 ex

13 947 108 1012 nihilo
119 948 223 1017 omnia
236 969 369 1014 creasse.
384 944 469 1012 Nihil
481 946 566 1012 enim
577 945 645 1011 Deo
657 969 809 1022 comeum,
822 949 877 1014 scd
889 971 963 1015 cum
974 949 1035 1016 sibi

12 1059 77 1146 ipso
96 1056 183 1122 locus
200 1057 252 1132 sit,
273 1079 332 1126 neo
357 1054 417 1120 ulla
439 1079 473 1121 re
495 1067 597 1144 egeat,
614 1078 652 1122 ac
667 1055 788 1122 saeculis
807 1058 964 1146 antiquior
980 1060 1032 1135 sit,

11 1167 169 1232 hominem
185 1165 287 1232 lacere
299 1164 397 1230 voluit
408 1167 461 1231 cni
473 1165 704 1231 innotesceret:
721 1165 796 1230 huic
807 1165 926 1233 homini
939 1190 1034 1233 mun·

11 1275 87 1340 dum
107 1273 300 1363 praepararit.
327 1273 406 1340 Nam
426 1273 478 1360 qui
497 1282 621 1338 creatus
638 1285 685 1337 est
705 1272 812 1338 multis
834 1277 927 1340 rebus
950 1288 1033 1366 eget,

10 1385 168 1448 increatus
187 1393 293 1448 autem
312 1379 398 1446 nulla
415 1379 555 1448 omnino.
579 1381 706 1446 Habeas
724 1382 820 1469 igitur
839 1383 923 1449 Deus
942 1409 1035 1452 aarum

10 1492 107 1580 ipsius
118 1489 260 1556 Verbum
275 1489 306 1554 in
324 1487 458 1577 propriis
471 1488 642 1554 visceribus
654 1489 816 1565 insitum¹‚
832 1493 941 1578 genuit
958 1492 1036 1560 illud

10 1621 83 1664 cum
99 1622 152 1664 sua
169 1597 342 1685 Sapientia,
354 1597 516 1685 profereus
531 1608 605 1662 ante
622 1598 738 1662 omnia.
759 1599 828 1665 Hoc
848 1603 944 1667 verbo
962 1627 1036 1668 usus

9 1721 56 1772 est
67 1708 250 1775 administro
261 1729 395 1796 operum
407 1728 550 1780 suorum,
562 1711 597 1772 ct
606 1728 664 1793 per
674 1703 752 1770 illud
763 1708 869 1774 omnia
881 1710 1033 1778 condidit.

9 1817 147 1884 l'ocatur
158 1818 361 1906 principium,
373 1840 411 1882 eo
423 1815 509 1904 quod
519 1817 733 1905 principatum
750 1817 866 1884 babeat
883 1832 916 1884 et
932 1821 1037 1888 domi-

8 1942 118 1992 natum
140 1949 252 1992 corum
273 1927 417 1991 omnium
438 1949 509 2013 quaa
533 1947 589 2013 par
613 1926 717 2013 ipsum
736 1909 842 1994 creata
862 1943 945 1996 sunt.
978 1932 1038 1998 Hic

8 2037 105 2126 igitur
115 2057 188 2100 cum
201 2035 240 2100 sit
255 2033 389 2122 Spiritus
400 2034 459 2098 Dei
473 2045 505 2098 et
516 2033 707 2122 principium
722 2045 754 2100 et
770 2035 921 2123 sapientia
934 2019 1038 2106 etvin-

8 2157 59 2208 tus
69 2142 231 2215 Altissimi,
244 2141 456 2208 descendebat
467 2141 695 2230 iaProphetas,
704 2145 916 2231 acporeosdo
927 2150 1037 2230 mundi

7 2252 168 2318 creatione
183 2262 216 2314 et
230 2249 351 2316 caeteris
366 2252 460 2315 robus
472 2247 677 2336 loquebatur;
692 2252 835 2318 nondum
850 2255 935 2320 onim
948 2271 1039 2322 crant

7 2361 171 2449 Prophetae
180 2359 398 2426 cummnadus
407 2371 579 2434 crearetur,
589 2359 645 2424 sed
657 2371 779 2425 tantum
788 2361 948 2450 Sapientia
957 2366 1036 2430 Dei²

37 2549 107 2598 ¹llla
119 2551 209 2598 verba:
226 2549 328 2598 Verbum
342 2539 449 2604 insitum,
464 2558 515 2597 ete.
530 2547 644 2596 nonnulli
658 2547 731 2597 aride
743 2551 910 2612 arripuerunt,
924 2561 952 2600 ut
965 2553 1037 2602 llria-

7 2641 65 2672 aam
81 2623 193 2671 haeresim
205 2622 271 2671 illius
282 2626 327 2673 :evi
338 2623 495 2681 Christiania,
508 2623 548 2670 vel
559 2622 647 2670 saltem
661 2622 801 2686 Theophila
813 2623 973 2688 attingerent.
993 2627 1039 2676 Ve-

7 2713 59 2744 ·nrn
72 2697 157 2744 triani
165 2695 298 2760 Theophili
306 2697 484 2746 doctrinamde
493 2696 575 2746 Verbo
583 2697 629 2744 Dei
638 2697 866 2756 visceribuainsito,
874 2708 899 2746 rt
910 2700 1039 2749 edmundi

7 2771 159 2818 treationem
173 2770 314 2832 prodeunte
330 2773 438 2818 maxime
451 2771 567 2824 oderant,
581 2771 651 2817 illum
662 2771 730 2816 enim
742 2779 819 2840 lta-qao
833 2773 940 2820 omnino
957 2773 989 2820 ab
1010 2792 1039 2820 en

7 2849 182 2908 coemebant,
198 2850 316 2914 quemad
330 2851 419 2898 mundi
432 2852 585 2898 creationem
599 2849 712 2914 genitum
729 2865 780 2896 enac
794 2847 925 2899 dicebant.
940 2851 1039 2902 Deinde

7 2925 172 2974 eternitatem
189 2923 267 2972 Verbi
284 2923 350 2972 clare
367 2924 542 2972 demonatrant
558 2924 635 2970 verba
653 2923 787 2987 aequantia
807 2942 813 2968 :
832 2923 843 2972 ὁ
859 2923 897 2974 aiei
910 2934 1040 2997 συμπαρὼν

7 3007 79 3074 imp,
96 3003 218 3058 Verbum,
234 3003 296 3065 quod
305 3003 327 3049 ei
338 3019 431 3064 semper
440 3003 514 3051 adest.
533 3001 585 3050 Nec
602 3003 719 3050 l'etaviua
732 3001 882 3062 audiendus,
900 3009 944 3068 qni
956 3015 1039 3070 palat,

7 3097 93 3156 toa-qen,
108 3081 222 3138 Verbum,
237 3101 250 3132 a
262 3083 403 3147 Theophila
414 3097 473 3130 eum
490 3083 560 3132 Patre
569 3083 691 3130 conlundi
703 3099 782 3146 aeque
791 3083 822 3130 arl
833 3087 921 3134 mnndi
930 3091 1039 3138 creatio-

7 3181 81 3220 rem;
100 3179 150 3212 non
169 3165 248 3226 magia
263 3165 330 3212 enim
345 3163 510 3214 contunditur
526 3171 585 3212 ante
602 3163 690 3210 mundi
705 3165 873 3224 creationem,
888 3183 965 3230 qaam
981 3178 1038 3232 port

7 3256 61 3287 mm
83 3255 90 3284 =
108 3237 166 3286 id'eo
179 3239 247 3286 enim
263 3237 401 3300 postillam
416 3237 589 3286 (descendebat
604 3237 634 3284 ad
651 3237 798 3300 Prophetas,
813 3241 868 3302 quin
886 3242 987 3304 spiritua
1004 3253 1039 3292 cat

7 3313 60 3367 uei,
84 3319 134 3360 ete.
159 3311 190 3360 At
206 3311 295 3358 eadem
310 3311 342 3358 ‹le
359 3327 435 3358 eausa
450 3320 596 3374 generatum
614 3311 707 3359 dicitur
723 3311 754 3359 ael
770 3314 858 3360 marndi
872 3317 1038 3371 creationem,

7 3389 64 3452 qula
78 3385 182 3432 insitum
192 3394 245 3432 erat
256 3384 395 3432 visceribus
405 3385 494 3443 Patris,
507 3393 532 3434 et
543 3387 566 3433 ei
577 3401 678 3448 semper
688 3385 767 3434 adest.
780 3385 845 3451 Ergo
854 3387 894 3434 illa
909 3389 939 3435 ad
952 3389 1041 3438 mnndi

7 3460 161 3508 erectionem
180 3460 310 3524 gramatio
330 3475 399 3523 aeqne.
416 3459 477 3508 nillil
494 3459 604 3508 detrabit
619 3461 650 3507 dc
664 3461 815 3518 oeteruitato,
833 3469 858 3508 et
877 3462 1040 3510 distinctione

7 3534 61 3582 iilii
75 3550 89 3580 a
103 3533 185 3589 Patre,
196 3535 260 3582 aient
275 3535 359 3581 missio
370 3533 400 3580 ad
415 3533 557 3596 Pmphetaa.
573 3533 625 3579 Vin.
641 3533 687 3598 inf.
699 3549 721 3582 a.
737 3549 797 3582 xxrr.

29 3607 104 3656 ²l‘er
124 3607 165 3656 illa
185 3609 272 3664 verba,
289 3607 414 3670 Sapientia
432 3609 485 3662 Dei,
505 3625 558 3670 qum
575 3615 609 3655 cat
630 3607 654 3654 in
675 3623 709 3660 co,
736 3607 890 3670 Theophilus
913 3609 1035 3672 Spiritum

10 3691 122 3732 anetum
143 3685 277 3733 manifecte
295 3684 419 3750 designat,
433 3684 500 3732 unde
516 3683 624 3732 triadem
641 3683 752 3748 appellat
767 3683 859 3742 Deum,
873 3683 994 3742 Verbum,
1011 3694 1036 3732 et

7 3759 176 3823 iapientiam,
195 3759 255 3824 infr.
273 3776 297 3806 n.
314 3775 355 3816 xv,
369 3775 418 3823 quo
433 3759 537 3823 quidem
555 3761 580 3806 in
597 3757 652 3807 loeo
670 3759 784 3806 Patavina
798 3759 813 3804 l.
828 3757 883 3807 vde
898 3757 965 3807 Tria.
980 3757 1040 3806 Ver-

7 3853 66 3882 nrm
77 3843 104 3882 ct
116 3835 271 3898 Sapientiam
283 3851 328 3898 pro
339 3851 386 3882 rana
399 3851 504 3900 persona
513 3835 587 3888 anmi,
602 3835 687 3898 inique
700 3835 865 3898 conqueritur
882 3852 888 3880 :
902 3851 960 3882 nam
980 3852 1039 3882 eum

7 3913 130 3974 tpiritum
142 3913 298 3976 Sapientiam
312 3913 386 3961 multi
398 3912 438 3960 alii
454 3913 536 3962 Patres
550 3909 742 3976 appellaverint,
755 3927 801 3958 cur
813 3927 863 3960 nou
875 3911 943 3962 idem
957 3911 1039 3962 Theo·

811 4020 857 4060 10.
