2640 4622
254 305 402 368 axaaoaus¹
427 305 487 350 cuu
511 305 672 348 raxruoxs
694 306 808 348 suono.
977 282 1039 364 hap

31 411 88 500 'pris
108 411 235 478 Pasohte
257 416 402 488 servavit,
421 416 467 482 sie
486 427 519 483 et
538 417 664 502 eosqui
686 413 876 480 crediderint
898 407 1041 476 liberabit
1142 435 1146 441 ’

30 541 38 584 ι
55 532 156 585 morte
170 524 296 610 sanguis
313 524 439 590 Christi.
455 525 541 588 Deus
557 547 631 612 ergo
648 523 872 590 allucinaturus
887 531 967 595 arnt,
983 519 1042 584 nisi

29 637 81 696 too
93 631 217 718 signum
229 654 324 720 super
339 632 459 698 foribus
473 633 659 698 exstitisset?
670 633 740 699 Non
754 632 874 698 aeneid
888 654 947 720 ego
958 630 1042 694 dixe·

27 737 92 812 im,
110 739 167 804 sed
180 739 420 831 praenuntiatam
435 742 476 806 ab
496 763 535 806 eo
553 741 691 807 suturam
705 741 844 806 humano
858 739 967 827 generi
984 759 1041 825 per

26 848 205 934 sanguinem
216 849 331 915 Christi
346 849 487 916 salutem.
507 850 586 916 Nam
604 861 636 914 et
651 850 774 938 signum
791 847 923 914 funiculi
938 844 1041 914 cocei-

25 957 82 1030 aei,
102 959 188 1044 quod
208 959 393 1026 Jeriohunte
408 960 563 1026 dederunt
585 960 743 1025 meretrioi
764 958 873 1024 Rahab
894 954 1039 1045 explora-

24 1085 99 1128 :oras
110 1087 127 1128 a
139 1064 215 1129 Josu
228 1065 320 1132 Navae
336 1065 432 1143 missi,
447 1057 602 1141 fenestre,
618 1085 781 1154 perquam
795 1087 848 1130 eos
863 1063 986 1128 demisit
1003 1073 1037 1125 ut

22 1183 119 1236 nostes
131 1170 275 1250 laterent,
286 1171 404 1262 alligari
416 1175 575 1261 jubentes,
584 1173 727 1240 similiter
735 1174 858 1262 signum
868 1170 1037 1236 exhibebat

21 1281 172 1367 anguinis
191 1281 319 1356 Christi,
338 1305 501 1371 perquem
516 1305 555 1346 ex
568 1283 717 1348 omnibus
732 1277 877 1370 gentibus
892 1278 945 1365 qui
960 1276 1035 1342 olim

20 1390 129 1454 noeohi
148 1403 181 1455 et
196 1391 293 1480 iniqui
309 1404 400 1456 erant
415 1391 585 1466 salvantur,
602 1392 817 1458 remissionem
834 1381 1036 1477 peecatorum

19 1499 129 1586 adepti,
141 1521 200 1566 neo
212 1501 277 1587 jam
289 1499 421 1588 amplius
437 1513 615 1588 peccantes.

65 1607 163 1673 cxtt.
190 1607 252 1674 Vos
276 1621 395 1682 autem,
420 1610 473 1696 qai
498 1608 566 1673 haee
583 1603 745 1673 humiditer
770 1607 1033 1695 interpretamini,

17 1710 142 1776 nultam
157 1712 372 1778 infirmitatem
386 1715 455 1777 Deo
465 1712 629 1800 ¹attingitis,
645 1713 671 1776 si
688 1713 756 1776 haee
770 1713 811 1776 ita
828 1713 935 1800 jejune
946 1709 1035 1775 intel-

19 1820 123 1906 igatis,
144 1841 204 1884 neo
221 1821 285 1884 um
301 1843 412 1884 eorum
430 1841 499 1906 qum
518 1819 669 1884 (beantur
685 1819 884 1906 investigetis.
907 1819 986 1884 Nam
1002 1829 1035 1882 et

14 1949 72 1992 roc
88 1938 183 2014 paeto
202 1927 303 1991 Moses
323 1924 444 1994 violatas
461 1907 537 2012 legis
561 1925 689 1990 nomine
707 1935 867 2013 arguetur,
888 1926 942 2012 qui
959 1947 1033 1990 curn

13 2039 75 2121 'pse
98 2037 248 2100 sanxisset
276 2059 315 2100 ne
338 2058 398 2122 qua
424 2033 541 2122 effigies
566 2033 669 2109 tieret,
690 2057 749 2099 nee
770 2057 880 2100 eorum
902 2057 971 2122 quae
999 2035 1030 2098 in

11 2142 89 2208 eaelo
119 2165 180 2209 neo
195 2167 305 2208 eorum
320 2167 390 2231 quse
409 2145 441 2210 in
459 2156 542 2208 terra
557 2152 612 2208 aut
630 2143 723 2217 mari,
743 2142 827 2209 idem
846 2155 953 2230 postea
969 2134 1040 2206 ser·'

10 2153 135 2338 oenteih
154 2273 278 2315 aeneam
300 2251 386 2326 iecit,
405 2273 443 2315 ne
461 2251 492 2316 in
508 2271 582 2314 eum
598 2249 725 2316 auidam
741 2249 830 2338 signo
846 2249 1029 2336 impositum

13 2358 118 2423 ntueri
129 2360 221 2446 jussit
231 2382 286 2423 eos
297 2360 351 2445 qui
367 2381 473 2424 morsu
485 2358 575 2446 petiti
587 2357 711 2424 fuerant
723 2380 731 2420 τ
745 2357 778 2424 ἰιι
789 2379 884 2444 quom
896 2381 970 2424 cum
983 2354 1027 2420 itti

13 2475 215 2541 ntuerentur,
239 2463 312 2530 salvi
337 2465 464 2531 fiebant.
483 2463 575 2531 Tune
599 2465 694 2554 igitur
712 2463 867 2553 populum
888 2487 1026 2530 servasse

10 2575 229 2640 existimabitur
243 2597 369 2663 serpens
384 2573 447 2650 ilie,
461 2599 558 2662 quem
569 2574 666 2649 Deus,
680 2587 715 2639 ut
726 2576 791 2663 jam
803 2575 879 2650 dixi,
896 2575 972 2640 diris
983 2576 1023 2639 ab

10 2681 87 2746 nitio
101 2682 238 2758 devovit,
250 2695 281 2747 et
293 2683 410 2772 ingenti
423 2682 539 2772 gladio,
553 2695 588 2748 ut
600 2682 717 2748 elamat
728 2683 846 2758 Esaias,
860 2683 1000 2749 sustulit¹
1014 2707 1022 2748 ε

12 2792 104 2877 ioque
122 2789 190 2856 baec
212 2790 406 2878 insipienter,
424 2803 459 2855 ut
480 2791 635 2879 magistris
651 2790 760 2854 vestris
775 2789 892 2876 plaoet,
909 2813 973 2855 non
988 2802 1025 2854 ut

12 2899 83 2985 igne
95 2899 287 2987 accipiemus
294 2923 304 2971 ;
318 2921 422 2986 neque
435 2898 476 2964 ad
490 2899 658 2986 imaginem
670 2896 746 2963 Jesu
758 2897 901 2963 cruoiiixi
912 2898 1024 2962 resere-

10 3029 68 3070 nus
84 3005 221 3094 signum,
237 3017 314 3072 cem
329 3019 361 3072 et
373 3007 476 3072 Moses
491 3029 549 3095 per
563 3029 675 3071 manus
690 3029 854 3096 expansas,
869 3029 932 3072 una
946 3029 1023 3074 eum

10 3135 36 3175 to
49 3114 103 3198 qui
114 3115 190 3178 Jesu
201 3115 409 3203 appellatione
425 3115 666 3204 cognominatus
676 3129 736 3192 est,
751 3118 846 3182 etiam
857 3119 1022 3185 victoriam

10 3219 117 3308 topulo
137 3231 239 3288 vestro
262 3223 455 3290 coniecerit?
474 3225 542 3290 Hae
563 3247 638 3291 sane
657 3225 753 3292 modo
768 3227 863 3292 eatam
878 3227 965 3293 dubii
982 3228 1022 3292 de

10 3331 32 3393 is
52 3351 124 3415 quae
144 3327 316 3417 Legislator
336 3331 422 3408 tecit,
438 3343 471 3398 et
486 3334 600 3400 incerti
616 3357 683 3400 esse
698 3335 876 3402 desinemus
893 3359 901 3400 ε
918 3359 1020 3426 neque

12 3437 80 3502 aina
95 3437 198 3502 Deum
215 3437 406 3525 relinquens,
422 3441 666 3530 popuioauetor
680 3453 760 3518 erat,
772 3455 808 3507 ut
822 3445 854 3508 in
870 3441 949 3518 iera,
964 3465 1022 3531 per

10 3567 89 3632 [uam
100 3546 919 3640 praevaricatioetinohedientiainitiumaoeeperant,
931 3573 1020 3640 spem

10 3655 209 3721 onstituaret.
229 3655 292 3722 Sed
307 3658 376 3724 bne
393 3682 456 3725 non
472 3659 538 3726 sine
552 3659 652 3726 multa
667 3671 773 3726 monta
787 3681 825 3727 ao
840 3663 1018 3749 mysterion

10 3775 86 3827 tento
97 3762 252 3852 Propheta
264 3766 346 3831 saeta
363 3767 487 3833 etdiota
500 3781 590 3834 sunt:
602 3769 845 3857 necquidquam
857 3781 916 3847 est,
930 3773 1015 3859 quod

26 3884 33 3916 ¹
46 3882 109 3932 Esai.
123 3901 201 3942 xxsur,
216 3903 234 3934 ι.
