2586 4642
409 295 532 344 cerras
555 295 705 345 nnaasns.
1007 283 1066 368 tpr

33 429 92 474 sm
110 405 380 482 admirabantur,
392 416 425 473 et
439 427 550 472 omnes
562 428 650 497 reges
662 419 755 474 terrae
766 409 949 497 quaerebant
960 407 1074 476 lsciem

40 539 107 592 us,
129 527 172 582 ut
189 515 338 582 audirent
352 513 539 606 sapientium
554 516 623 604 ejus
639 517 883 605 quemdederat
901 517 945 586 illi
959 519 1070 586 Deus:
1116 587 1121 596 ,

33 649 38 688 ;
60 625 193 714 wne
211 624 319 692 Austri
340 646 358 689 e
378 623 496 692 linibus
511 637 602 692 terre
616 626 763 693 veniebat
779 626 820 693 ad
841 649 929 705 eum,
949 627 1075 716 sapien·
1113 687 1117 694 .

33 757 103 800 am
127 755 208 822 quae
228 735 262 801 in
282 755 323 800 eo
340 745 409 800 eret
430 733 564 810 sciturus
585 757 682 824 quem
697 748 729 801 et
744 733 899 803 Dominus
917 735 1012 802 sitin
1026 737 1076 825 ju·

33 843 114 910 icio
139 852 397 910 resurrecturam
417 864 492 909 curn
514 865 625 910 eorum
640 845 768 914 natione
784 845 838 933 qui
856 845 988 912 eudiunt
1008 867 1076 910 ser—

33 975 147 1020 aones
169 953 243 1042 ejus
258 963 291 1018 et
305 974 372 1019 uon
386 951 522 1020 credunt
537 952 570 1019 in
585 975 674 1031 eum,
690 965 722 1020 et
737 954 992 1046 adjudiceturam
1008 976 1075 1030 eos,

37 1061 193 1128 uoniam
209 1059 261 1128 ille
276 1059 407 1150 quidem
421 1061 564 1150 subjecte
581 1071 630 1128 est
640 1063 834 1129 ennuntinte
850 1062 1077 1151 sapientiaeper

33 1191 166 1236 ervum
179 1169 252 1244 Dei,
263 1168 296 1235 hi
313 1191 387 1236 vero
403 1189 475 1236 enm
485 1193 589 1260 quaen
604 1167 686 1236 Filio
696 1170 756 1238 Dei
768 1169 903 1237 debatur
916 1181 1079 1258 contemp·
1163 1173 1168 1188 '

33 1287 150 1344 erunt
159 1274 372 1366 sapientiam¹.
386 1274 536 1344 Salomon
545 1275 630 1344 enim
639 1299 747 1343 servus
755 1287 837 1350 erate
850 1275 994 1343 Christus
1004 1297 1078 1341 reru

33 1385 139 1453 lilius
154 1384 230 1462 Dei,
246 1397 279 1452 et
293 1384 448 1452 Dominus
463 1382 652 1452 Salomonis.
668 1384 751 1452 Cum
767 1385 864 1475 igitur
878 1386 944 1452 sine
960 1383 1079 1452 ollense

33 1493 319 1571 enimomnes
337 1493 530 1560 ministraret
546 1493 804 1583 dispositionibus
819 1495 902 1584 ejus,
919 1505 997 1560 tunc
1015 1491 1080 1583 glo

33 1603 250 1672 silicelsatur:
266 1625 342 1672 cum
356 1614 464 1670 sutem
475 1625 589 1669 uxores
600 1603 779 1692 accipiebat
788 1605 829 1669 ab
842 1601 996 1668 universis
1006 1624 1080 1692 gen·

33 1714 143 1790 tibus,
158 1723 193 1781 et
206 1711 413 1802 permittebat
423 1711 468 1777 eis
479 1710 600 1801 erigere
611 1710 696 1778 idols
710 1710 744 1778 in
759 1709 869 1788 lsrsel,
885 1710 964 1776 dixit
976 1710 1081 1800 Scrip-

33 1836 114 1888 tura
133 1820 176 1889 de
195 1843 234 1888 eo
254 1842 263 1884 s
280 1844 293 1879 a
312 1818 352 1884 Et
369 1839 425 1884 rex
446 1815 597 1884 Salomon
616 1829 685 1886 erat
702 1827 826 1894 umator
844 1817 1029 1894 mulierum.
1048 1830 1081 1885 et

34 1930 199 2020 »accepit
213 1929 273 1995 sibi
292 1925 442 1995 mulieres
455 1925 647 2016 alienigenas
664 1949 672 1992 s
692 1939 725 1994 et
740 1927 861 1996 lectum
879 1939 928 1996 est
946 1929 979 1995 in
998 1939 1080 1994 tem-

37 2069 51 2104 ι
68 2062 153 2130 pore
170 2035 342 2106 senectutis
358 2032 550 2111 Salomonis,
569 2055 635 2102 non
653 2045 722 2100 erat
740 2055 798 2104 cor
815 2034 886 2124 ejus
902 2034 1081 2124 perfectum

39 2178 55 2213 s
71 2169 152 2216 oum
166 2145 304 2214 Domino
314 2145 463 2213 Deosuo.
478 2144 520 2212 Et
528 2141 727 2240 diverterunt
739 2141 888 2212 mulieres
899 2143 1082 2234 alienigene

42 2285 57 2324 s
72 2281 132 2326 cor
142 2257 295 2346 ejuspost
304 2254 388 2322 Deos
403 2251 533 2320 alienos.
550 2251 592 2318 Et
607 2251 682 2320 fecit
693 2251 844 2322 Salomon
858 2251 1034 2344 malignum
1048 2253 1082 2334 in

45 2397 59 2430 ι
75 2375 250 2456 conspectu
262 2349 391 2430 Domini
406 2385 415 2427 ε
429 2382 494 2428 non
505 2361 583 2428 alsiit
593 2361 864 2451 postDominum,
877 2364 1083 2452 quemadmo·
1119 2417 1122 2428 .

50 2503 64 2540 s
78 2476 155 2542 dum
171 2471 273 2542 David
291 2484 381 2563 peter
391 2471 472 2561 ejus.
485 2471 527 2538 Et
544 2470 643 2538 irstus
658 2481 707 2538 est
721 2471 881 2540 Dominus
895 2473 928 2542 in
943 2472 1083 2540 Salomo

52 2608 153 2652 »nem
170 2605 178 2649 ε
195 2605 261 2651 uon
275 2581 362 2650 enim
376 2590 445 2648 eret
465 2601 523 2648 cor
537 2579 608 2668 ejus
624 2578 802 2670 perlectum
818 2581 851 2647 in
868 2575 1018 2656 Domino,
1038 2603 1083 2648 se·

52 2694 219 2766 ‚cundum
233 2715 290 2762 cor
306 2691 408 2760 David
424 2691 523 2781 petris
540 2687 641 2780 ejus².
660 2689 893 2758 »Sufficienter
910 2691 1083 2780 increpavit

53 2827 130 2874 eum
141 2805 315 2894 Scriptura.
327 2803 411 2871 sicut
427 2801 506 2868 dixit
519 2801 698 2890 presbyter,
716 2811 753 2865 ut
768 2823 833 2868 non
845 2799 999 2890 glorietur
1009 2801 1084 2867 uni-

56 2939 145 2985 versa
162 2937 235 2984 curo
250 2915 284 2982 iu
297 2925 472 3003 conspectu
485 2909 624 2978 Domini.

103 3022 142 3090 ll.
158 3023 197 3090 Et
210 3033 341 3110 proptor
355 3019 418 3087 hoo
433 3017 607 3085 Dominum
628 3015 661 3082 in
682 3037 719 3083 en
738 3039 809 3106 quse
826 3027 901 3083 sunt
922 3017 981 3084 sub
1000 3028 1084 3084 terra

60 3128 265 3206 descendisse,
276 3126 544 3218 evangelizantem
555 3137 587 3192 et
599 3123 842 3192 illisadeentum
853 3149 965 3200 suums
977 3127 1087 3192 remis·

60 3242 146 3308 sione
159 3249 362 3330 peccatorum
376 3236 528 3304 existente
543 3235 592 3304 his
608 3235 661 3323 qui
677 3233 814 3304 credunt
829 3236 862 3302 in
876 3257 962 3302 eum.
978 3235 1086 3302 Credi·

62 3351 173 3418 derunt
184 3359 292 3415 autem
305 3347 339 3413 iu
355 3369 429 3414 sum
441 3345 620 3436 omnesqui
636 3347 805 3436 sperabant
819 3344 853 3412 in
868 3367 955 3422 eum,
973 3345 1006 3410 id
1023 3358 1084 3422 est,

63 3460 118 3551 qui
131 3458 295 3525 adventum
305 3456 375 3546 ejus
386 3455 688 3547 praenuntievcrunt,
702 3467 735 3522 et
750 3455 1006 3546 dispositionibus
1017 3457 1086 3545 ejus

66 3568 243 3644 servierunt,
258 3566 347 3656 justi.
363 3577 395 3632 et
409 3563 589 3654 Prophetes,
600 3575 633 3631 et
646 3562 858 3632 Petrisrches:
874 3563 989 3652 quibus
1003 3564 1088 3631 simi-

67 3679 134 3746 liter
147 3691 179 3754 nt
192 3677 283 3744 nobis
299 3675 420 3744 remisit
435 3687 579 3766 peccata,
595 3697 666 3765 quae
682 3698 746 3742 non
769 3684 894 3765 oportet
913 3696 970 3741 uos
986 3674 1087 3763 impu-

67 3803 131 3857 tare
143 3787 198 3865 his,
214 3787 425 3876 siquominus
441 3785 674 3853 contemnimus
689 3784 822 3877 gratiam
836 3783 905 3872 Dei.
922 3782 1087 3864 Quemad-

103 3912 394 3974 ¹llstth.1rs,lr.-·²l
406 3913 515 3981 Rogas,
527 3929 536 3962 ι
550 3921 576 3966 st
585 3927 656 3978 seqq.
