2688 4626
256 201 314 282 ηδ
550 221 664 266 sanari
686 221 806 266 rrrsrrsr
830 221 984 266 niarasis

249 327 541 426 interptetationem
567 329 748 394 conlectam
769 350 850 402 esse,
871 319 960 393 omni
982 325 1056 392 illos
1076 323 1224 413 qrn'dem
1242 318 1286 385 ltu

240 460 327 505 nora
346 439 471 528 dignos,
494 450 530 504 ut
550 438 697 504 homines
716 438 785 503 Deo
808 437 935 512 charos,
958 436 1144 524 judicasse,
1171 443 1208 496 et
1229 453 1290 496 cun

247 544 392 636 plurimis
407 546 498 617 donis
512 546 545 610 in
560 547 695 634 patriam
711 544 815 610 redire
830 544 976 632 jussisse3
997 542 1104 608 libros
1124 551 1254 613 amera,
1265 553 1289 602 ul

247 677 306 744 par
320 667 400 730 erat,
412 653 621 718 admirantem
637 663 669 716 et
684 651 806 718 divinos
820 653 1058 718 existimantem
1074 650 1288 715 ibidem'oon·

248 785 396 830 semasse.
415 763 491 838 llaec
505 761 607 836 vobis,
623 784 643 826 o
658 761 774 836 Graeci,
791 759 896 827 lahula
912 784 983 826 esse
996 784 1068 827 non
1084 761 1230 834 debent,
1242 783 1288 823 net

156 919 159 929 ι
247 871 338 938 lictas
353 870 441 936 vobis
456 871 601 937 historias
617 892 792 936 narramus.
806 869 871 936 Sed
885 871 941 958 qui
956 869 1169 936 Alexandriae
1183 869 1288 932 versati

247 1001 370 1056 sumus,
386 993 419 1046 et
434 980 561 1068 vestigia
578 977 765 1046 cellularum
780 979 914 1045 vidimus
932 979 965 1044 in
983 977 1095 1042 Pharo
1113 977 1230 1042 adhue
1243 1000 1288 1039 es-

248 1089 375 1164 stantia,
390 1109 429 1154 ac
447 1112 515 1154 rem
532 1111 572 1155 ex
588 1086 713 1163 incolis,
727 1089 783 1176 qui
798 1109 901 1152 cama
917 1086 1116 1173 majoribus,
1133 1098 1171 1149 ut
1185 1085 1285 1173 patris

248 1221 312 1264 suae
332 1197 506 1286 propriam,
522 1209 725 1284 receperant,
745 1196 935 1270 audivimus,
956 1195 1027 1260 haec
1046 1195 1146 1260 vohis
1164 1195 1285 1258 nunus

179 1303 182 1310 ’
247 1329 332 1382 mus,
345 1327 415 1395 que
430 1303 504 1371 licet
518 1305 615 1369 etiam
628 1328 669 1369 ex
687 1303 754 1370 aliis
777 1304 915 1379 discatis,
932 1303 1116 1391 praesertim
1132 1301 1281 1386 exiisqui

247 1416 298 1482 his
312 1414 352 1480 de
368 1415 463 1480 rebus
481 1411 628 1478 historias
649 1413 856 1500 scripserunt,
874 1411 1074 1499 sapientibus
1089 1423 1125 1474 et
1142 1409 1277 1497 spectatis

248 1524 335 1599 viris,
348 1521 484 1588 Philone
491 1532 523 1586 et
537 1520 678 1610 Josepho
690 1543 727 1588 ac
738 1519 881 1609 pluribus
896 1518 993 1584 aliis¹.
1010 1519 1113 1598 Quod
1128 1520 1155 1584 si
1167 1521 1275 1606 quises
1334 1504 1335 1571 l

248 1632 286 1697 iis
297 1631 351 1719 qui
367 1629 504 1696 libenter
517 1628 736 1696 contradicere
750 1625 865 1702 solent,
881 1651 945 1692 non
961 1639 1090 1692 nostros
1106 1628 1166 1693 lios
1176 1627 1270 1695 lilrros.

248 1741 305 1806 sed
318 1739 517 1814 «ludaeorum,
534 1759 573 1803 eo
590 1739 675 1826 quod
690 1738 865 1802 etiamnum
876 1737 913 1830 ¹in
928 1760 1040 1802 eorum
1052 1739 1264 1826 synagogim-

248 1861 425 1924 servcntur,
441 1846 585 1936 proprios
600 1869 668 1912 esse
684 1847 781 1920 dicat,
795 1869 834 1910 ae
849 1843 962 1909 frustra
978 1840 1216 1933 religioneml'n
1227 1843 1263 1908 li-

247 1958 315 2025 bris
330 1968 494 2044 acceptam
508 1977 526 2018 a
544 1954 636 2020 nobis
651 1953 777 2026 referri;
796 1954 920 2018 noverit
937 1951 990 2018 ille
1008 1977 1050 2017 ex
1069 1955 1108 2018 iis
1123 1957 1195 2043 ipsis
1208 1975 1268 2041 qua

249 2066 298 2130 his
312 2065 345 2129 in
362 2063 449 2129 libris
461 2063 579 2151 scripta
590 2073 676 2136 sunt,
696 2084 761 2125 non
777 2059 975 2136 Judaeorum,
990 2061 1047 2126 sed
1057 2075 1195 2128 nostram
1209 2084 1270 2126 esse

247 2173 363 2240 horum
381 2170 536 2238 librorum
555 2171 707 2238 doctrine
731 2171 970 2260 possessionem.
997 2172 1095 2250 Quod
1114 2185 1213 2236 autem
1236 2171 1268 2236 lsi

246 2279 333 2355 libri,
354 2280 409 2366 qui
431 2277 589 2366 religionis
608 2291 726 2376 nostrae
746 2279 866 2367 proprii
888 2290 975 2364 sunt,
999 2281 1154 2346 etiamnum
1176 2279 1262 2366 apud
1333 2307 1335 2400 p

248 2386 375 2452 Judaeos
386 2399 596 2462 asseranntur,
613 2385 647 2450 id
661 2386 867 2474 providentias
882 2387 996 2452 divinae
1010 2389 1097 2454 nobis
1108 2385 1263 2452 considen-

249 2496 289 2562 tis
302 2519 381 2584 opus
394 2495 522 2560 exstitit.
538 2495 620 2561 Nam
632 2518 674 2560 ne
685 2519 724 2560 ex
734 2493 874 2561 Ecclesia
886 2497 1082 2584 proferentes
1093 2496 1194 2562 locum
1204 2485 1268 2562 sus
1334 2521 1335 2530 ¹

250 2605 392 2692 picandae
412 2603 530 2668 fraudis
553 2603 752 2690 praebeamus
772 2603 953 2670 hominibus
972 2606 1065 2670 nobis
1082 2604 1264 2671 obtrectandi

250 2713 384 2802 cupidis,
405 2735 446 2778 ex
459 2711 643 2778 Judaeorum
662 2713 828 2800 synagogis
846 2735 899 2778 eos
918 2712 1051 2800 proferri
1072 2712 1267 2802 postulamus,
1332 2723 1334 2764 l

250 2836 286 2886 ut
297 2843 338 2890 ‘ex
354 2824 426 2912 ipsis
440 2820 500 2886 illis
511 2819 611 2895 libris,
624 2821 679 2906 qui
690 2821 796 2886 adhuc
807 2821 891 2908 apud
902 2845 956 2886 eos
968 2835 1183 2898 asservantur,
1196 2820 1268 2886 dare

250 2943 284 2994 et
297 2943 405 3018 aperte
419 2943 541 2994 nostras
560 2953 627 2994 csse
648 2941 754 3018 pateat
770 2927 867 3017 leges,
888 2952 991 3016 quasa
1010 2930 1128 2996 sanctis
1148 2931 1221 2996 airis
1237 2927 1268 2992 sd

252 3036 429 3102 doctrinam
443 3037 568 3122 scriptae
583 3047 667 3102 sunt.

293 3136 381 3206 xlv.
400 3137 620 3204 Necessarium
634 3163 710 3228 ergo
725 3151 785 3216 est,
807 3161 828 3204 o
844 3139 960 3216 Graeci,
976 3155 1012 3206 ut
1034 3143 1142 3206 lutura
1156 3141 1276 3231 prospi·
1334 3117 1335 3141 l

251 3251 369 3320 cientes
389 3269 428 3312 nc
448 3245 526 3318 illud
546 3271 644 3314 nona
664 3249 723 3336 piis
744 3247 867 3328 solnm,
888 3249 944 3315 sed
965 3251 1062 3314 ctiam
1082 3253 1121 3316 ab
1144 3253 1274 3316 externis

251 3358 457 3449 praedicatum
477 3357 633 3444 judicium
647 3357 819 3431 intuentes,
834 3381 900 3422 non
920 3359 985 3445 jam
1003 3360 1273 3444 majorumerrori

252 3468 329 3534 eitra
349 3488 482 3532 examen
497 3465 694 3539 adhereatis,
711 3471 771 3529 nec
792 3465 815 3529 si
839 3466 915 3553 quid
934 3464 976 3530 illi
1000 3468 1088 3532 vobis
1109 3447 1275 3532 allucinan-

251 3585 299 3637 tes
319 3572 518 3649 tradiderint,
540 3574 574 3638 id
594 3597 705 3638 verum
726 3597 794 3638 esse
810 3575 1008 3647 existimetiss
1024 3575 1080 3640 sed
1102 3575 1275 3664 periculum

252 3677 434 3746 offendendi
449 3681 482 3746 in
497 3704 530 3745 re
545 3682 625 3750 tanti
640 3683 792 3748 momenti
808 3683 1021 3772 respicientes,
1037 3707 1078 3750 eu
1089 3685 1188 3750 ctiam
1198 3707 1276 3772 qun·

285 3806 378 3858 *Circa
389 3807 464 3875 hujus
474 3808 580 3868 historie
590 3813 720 3862 veritatem
733 3814 789 3862 vide
801 3815 833 3862 D.
844 3781 943 3864 dalmat.

1333 1906 1335 1991 l
