2772 4620
318 287 378 353 eqo
611 287 723 330 sarcrr
744 287 862 330 ansrrnr
885 289 1037 330 uanrrars

315 392 496 481 vestigando
507 393 658 478 reperirer
673 392 729 457 scd
739 392 959 480 cogitationem
970 417 1096 482 semper
1107 395 1142 460 in
1157 393 1351 460 infinitatem

314 501 498 574 immittens,
514 499 642 564 tandem
658 500 691 564 in
705 500 809 588 aliquo
824 501 961 588 ingenito
976 502 1117 568 defessus
1136 503 1302 577 har-chia,
1318 503 1348 567 il

312 607 430 694 indque
445 608 585 672 omnium
601 627 732 671 causam
742 629 810 670 esse
826 607 920 672 dices.
935 607 984 674 Aa
995 631 1070 672 vern
1082 607 1278 684 Platonem,
1290 613 1344 674 aie

311 719 398 789 bam,
413 725 445 780 et
459 712 668 800 Pythagoram
689 711 758 776 heo
777 711 907 786 latuere,
926 713 1070 778 homines
1090 716 1276 802 sapientes,
1295 719 1341 803 qni

311 823 401 888 nohis
413 820 508 886 veluti
518 843 627 884 murus
637 831 669 882 et
680 818 950 906 propugnaculum
960 819 1171 908 philosophiae
1183 825 1338 888 extitere?

352 928 406 994 Vl.
426 927 509 993 Nihil
523 924 684 991 Platonem
699 949 818 1001 moror,
835 929 935 1015 inquit
950 927 1013 1002 ille,
1030 953 1091 994 nec
1105 929 1337 1018 Pythagoram.

310 1057 370 1100 nec
391 1055 581 1122 quemquam
603 1035 744 1110 cannino,
769 1035 822 1119 qui
844 1034 915 1099 talia
935 1035 1091 1122 opinetur.
1118 1036 1177 1101 Sic
1199 1039 1292 1102 enim
1311 1063 1336 1102 se

308 1142 421 1208 veritas
433 1141 541 1213 hahet,
553 1141 647 1226 idque
660 1139 732 1204 inde
747 1142 925 1227 perspicies.
939 1143 1053 1208 Anima
1068 1141 1118 1208 rel
1135 1144 1202 1208 vita
1217 1158 1283 1218 est,
1295 1145 1334 1208 rel

306 1250 405 1316 ,vitam
418 1248 523 1313 hahet.
542 1247 639 1325 Quod
653 1247 678 1310 si
693 1247 755 1312 vita
767 1260 826 1321 est,
840 1247 925 1314 aliud
935 1249 1096 1336 quidpiam
1108 1251 1221 1316 vivere
1232 1251 1331 1324 ficiat,

309 1378 373 1422 non
388 1354 519 1441 seipsam
525 1377 535 1424 ;
554 1353 635 1444 sicut
650 1365 681 1416 et
696 1365 799 1418 motus
813 1352 898 1418 alind
914 1354 1075 1442 quidpiam
1086 1372 1219 1422 moveat
1233 1362 1330 1446 potius

310 1483 403 1549 qoam
414 1461 559 1548 seipsum.
575 1459 721 1526 Animam
732 1471 838 1525 antem
848 1461 963 1535 rivere,
975 1485 1070 1527 nemo
1081 1467 1259 1551 negaverit.
1273 1466 1328 1530 Sed

309 1573 333 1637 si
349 1571 434 1644 vivit,
454 1591 519 1634 non
534 1568 604 1633 ideo
619 1569 705 1643 vivit,
721 1569 807 1655 quod
825 1571 886 1633 vita
900 1569 951 1643 sit,
971 1569 1026 1635 sed
1044 1573 1131 1657 qued
1147 1573 1222 1638 vitae
1237 1575 1328 1664 parti·

308 1701 392 1765 ceps.
414 1675 507 1744 Aliud
523 1677 675 1742 autemid
691 1676 775 1760 quod
795 1675 927 1761 alicujus
944 1688 990 1740 est
1004 1679 1176 1766 particeps,
1196 1681 1283 1746 aliud
1298 1683 1325 1744 id

307 1787 408 1872 ipsum
425 1785 516 1870 cujus
531 1795 578 1847 est
589 1783 753 1869 particeps.
769 1780 848 1846 Vitae
860 1794 966 1846 autem
980 1785 1083 1848 anima
1099 1799 1149 1848 est
1159 1789 1324 1875 particeps,

307 1915 346 1957 eo
367 1893 453 1978 qnod
471 1911 541 1955 eam
567 1889 650 1954 Deus
667 1889 769 1952 vivere
790 1885 890 1952 velit:
913 1888 958 1952 sic
977 1889 1073 1952 etiam
1090 1892 1254 1980 particeps
1274 1892 1324 1956 ali-

307 1999 433 2088 qnando
447 2020 510 2061 nnn
525 1997 596 2069 erit,
613 2017 686 2060 cnm
701 2015 770 2058 cam
783 1993 868 2059 Deus
883 1993 984 2058 virere
999 1994 1095 2060 nolet.
1114 1997 1232 2084 Neque
1247 2003 1323 2065 enim

306 2105 341 2170 nt
357 2105 428 2179 Dei,
447 2104 488 2167 ita
505 2103 600 2166 etiam
619 2103 730 2166 animer
745 2102 870 2189 propria
887 2101 948 2164 rita
963 2113 1020 2166 est.
1040 2102 1104 2166 Sed
1117 2108 1324 2192 quemadmo-

305 2210 381 2276 dum
391 2209 487 2274 hcmo
497 2229 562 2272 non
573 2229 696 2293 semper
704 2218 837 2282 constat,
848 2229 948 2293 neque
959 2221 1112 2295 perpetuo
1123 2234 1244 2300 cerpus
1256 2239 1320 2280 cum

302 2319 406 2384 anima
422 2317 628 2402 conjunctum
639 2327 701 2387 este
716 2315 771 2380 sed
782 2338 856 2380 cum
872 2315 948 2380 solvi
959 2329 1083 2402 oportet
1098 2318 1186 2386 hanc
1196 2321 1320 2386 herme

304 2425 400 2500 niam,
423 2422 571 2509 relinquit
591 2444 705 2509 corpus
722 2421 839 2495 anima,
858 2442 918 2486 nec
935 2422 1000 2506 jam
1017 2435 1118 2488 exstat
1132 2425 1233 2490 home
1252 2451 1261 2490 :
1279 2430 1320 2492 sie

301 2533 408 2606 etiam,
425 2551 498 2597 cum
514 2529 651 2594 animam
670 2550 732 2593 non
746 2528 812 2614 jam
832 2549 899 2592 esse
915 2531 1100 2615 oportuerit,
1121 2532 1258 2598 discedit
1281 2535 1318 2596 ah

301 2665 339 2706 ea
353 2639 479 2728 spiritus
493 2635 605 2711 vitalis,
625 2659 684 2701 nec
704 2637 769 2722 jam
789 2647 888 2700 exstat
902 2637 1018 2712 naimo,
1038 2638 1093 2704 sed
1107 2651 1140 2702 et
1153 2640 1217 2726 ipra
1234 2643 1318 2704 unde

302 2749 415 2814 educta
429 2757 488 2820 est,
504 2767 543 2810 co
557 2744 731 2827 revertitur.

343 2855 411 2922 vlt.
434 2855 580 2932 Quonam
594 2873 669 2940 ergo
689 2854 753 2937 jam
768 2854 850 2938 quis,
870 2855 1012 2940 inquam,
1034 2869 1132 2921 utatur
1146 2857 1308 2944 magistro,

298 2977 354 3029 aut
369 2961 452 3026 unde
467 2961 643 3047 adjuvetur,
659 2960 684 3024 si
701 2982 740 3023 ne
755 2960 804 3024 isti
820 2959 948 3048 quidem
963 2983 1071 3028 verum
1084 2962 1241 3027 ridcnrnti

342 3069 478 3134 Extitere
498 3065 590 3154 longe
606 3067 644 3130 ah
666 3065 727 3130 hcc
745 3078 887 3154 tempore
903 3067 961 3158 viri
980 3069 1107 3154 quidam
1125 3069 1189 3134 istit
1207 3072 1311 3136 omni-

298 3178 370 3250 bus,
386 3174 438 3261 qui
453 3170 629 3260 philosophi
641 3171 869 3247 existimantur,
885 3173 1087 3260 antiquiores,
1101 3177 1185 3242 beati
1195 3189 1231 3242 et
1241 3179 1310 3266 justi

296 3294 329 3348 et
344 3279 411 3345 Deo
427 3278 503 3352 cari,
521 3277 573 3362 qui
590 3275 708 3364 Spiritu
723 3288 832 3342 sancto
847 3277 972 3344 alliante
987 3279 1109 3366 loquuti
1121 3295 1209 3357 sunt,
1221 3286 1309 3349 etiu-

298 3403 365 3472 tpra
380 3385 538 3452 vaticinati
553 3397 637 3458 sunt,
650 3407 720 3470 qnae
731 3385 858 3472 quidem
869 3397 955 3452 nnn'c
966 3387 1046 3454 liant
1060 3413 1068 3452 τ
1082 3387 1248 3478 Propheta
1259 3417 1308 3456 re

296 3508 417 3564 cantur.
441 3494 481 3557 Hi
500 3515 609 3556 verum
629 3491 684 3556 soli
705 3506 739 3556 et
758 3494 914 3570 viderunt,
936 3508 968 3561 et
987 3497 1168 3562 homiuibus
1188 3501 1307 3574 nanda

295 3613 380 3675 runt,
403 3599 561 3665 neminem
581 3610 768 3675 metuentes,
790 3601 949 3667 neminem
969 3604 1106 3677 reveriti,
1127 3627 1189 3670 nec
1208 3606 1305 3694 glarie

293 3703 462 3793 cupiditate
479 3704 565 3778 victi,
583 3703 638 3768 sed
652 3726 687 3769 ea
708 3715 831 3772 natum
843 3709 1048 3795 predicantes
1062 3733 1132 3797 qaae
1146 3713 1304 3778 audierant

290 3827 323 3879 et
341 3813 495 3888 viderant,
511 3811 629 3898 Spiritu
650 3817 758 3878 sancto
779 3814 897 3902 repleti.
923 3819 1051 3882 Exstant
1066 3817 1175 3886 adhuc
1194 3843 1302 3891 eorum
