2772 4620
281 281 345 358 lado
580 298 695 342 soseri
718 299 838 344 sosvuu
862 301 1017 344 usarvus

281 409 397 478 oblivio
408 408 417 443 ¹
426 434 436 483 ς
460 419 493 474 et
509 406 744 496 phylacterium
759 407 926 498 descriptis
940 405 1133 495 quibusdam
1152 404 1293 472 litteris
1316 405 1348 469 in

281 519 478 588 membranis
488 515 694 591 tenuissimis,
707 537 778 604 quo
789 516 920 604 quidem
931 517 1061 586 omnino
1071 526 1187 582 saneta
1199 539 1290 580 esse
1303 515 1348 579 in·

190 667 194 674 ·
280 627 465 716 telligimus,
480 622 572 712 jussit
583 621 820 688 circumdari²:
837 623 887 688 his
898 624 995 690 otiam
1006 625 1101 689 rebus
1113 621 1344 688 exstimulans
1373 677 1374 706 ,

282 759 351 813 vos,
371 747 409 800 ut·
426 755 551 820 semper
568 731 602 796 iu
618 729 774 796 memoria
792 729 896 801 neum
915 731 1087 806 haberetis,
1102 743 1137 796 et
1154 728 1270 796 simul
1288 753 1343 794 ex·
1373 719 1374 774 ἒ

282 847 453 938 probrans,
467 843 555 932 quod
574 841 694 908 nnllam
711 841 794 907 illius
810 841 935 912 colendi
954 843 1141 910 memoriam
1159 842 1338 908 teneretis

282 955 382 1024 Vobis
395 967 504 1022 tamen
518 977 559 1023 ae
574 953 762 1042 sicquidem
774 975 962 1042 persuasum
971 965 1032 1028 est,
1047 964 1083 1018 ut
1098 949 1292 1018 simulacra
1306 974 1341 1015 ne

284 1065 439 1133 ooleretis.
463 1062 540 1130 Eliae
554 1064 641 1129 enim
660 1075 806 1152 tempere
828 1087 941 1130 eorum
960 1085 1134 1130 numerum
1153 1085 1338 1128 recensens

283 1175 338 1265 qui
357 1175 442 1264 genu
460 1172 548 1240 Bauli
568 1195 633 1240 non
652 1172 819 1249 flexerant,
839 1186 963 1263 septem
981 1171 1079 1240 millia
1098 1195 1251 1238 numero
1271 1194 1338 1236 esse

284 1283 383 1350 dixit:
404 1295 438 1350 ot
455 1281 542 1370 apud
561 1281 688 1346 Esaiam
701 1282 868 1349 vobisouna
883 1281 1074 1372 expostulat,
1093 1282 1192 1370 quod
1207 1293 1336 1348 vestros

285 1394 382 1462 etiam
396 1390 477 1457 lilios
494 1389 671 1456 simulacris
687 1390 933 1463 immolaveritis.
956 1392 1020 1458 Nos
1035 1403 1145 1458 autem
1163 1415 1210 1458 ne
1229 1392 1272 1457 iis
1287 1414 1334 1456 ss

284 1525 340 1570 ora
356 1501 520 1576 faciamus,
538 1500 653 1587 quibus
669 1498 744 1564 olim
759 1500 906 1577 fecimus,
924 1512 1064 1566 extrema
1079 1500 1246 1589 supplicia
1262 1525 1332 1589 per-

284 1611 429 1687 ferimus,
451 1621 484 1676 et
502 1608 580 1674 dum
596 1608 775 1676 occidimur
795 1609 952 1686 laetamur,
979 1611 1111 1678 minime
1132 1611 1233 1678 dubii
1257 1611 1329 1699 quin

285 1743 344 1786 nos
358 1720 444 1786 Deus
463 1741 521 1807 por
535 1717 700 1786 Christum
715 1741 810 1784 suum
827 1719 869 1787 ad
883 1721 980 1785 vitam
999 1731 1215 1786 remeaturus
1230 1722 1282 1794 sit,
1298 1731 1330 1782 ot

286 1831 487 1918 incorruptos
494 1850 532 1894 ao
541 1828 751 1917 perpessionis
761 1839 905 1918 expertes
913 1842 946 1896 et
955 1827 1151 1896 immortales
1163 1829 1324 1901 foeturas:

285 1952 319 2006 et
330 1961 400 2028 quae
412 1939 453 2004 ob
465 1938 616 2004 duritiam
628 1939 733 2004 cordis
748 1939 857 2028 populi
872 1940 967 2004 vestri
979 1940 1122 2006 instituta
1134 1953 1230 2016 sunt,
1239 1963 1277 2006 ea
1289 1941 1325 2005 ni-

286 2049 332 2116 hil
350 2049 390 2114 ad
401 2049 529 2136 justitias
544 2050 798 2118 observationem
813 2063 846 2114 et
863 2051 1014 2140 pietatem
1031 2049 1148 2118 afferre
1162 2053 1320 2119 novimus

331 2157 461 2226 XLVll.
476 2157 597 2224 Rursus
609 2158 755 2247 Trypho:
772 2159 964 2246 Siquishaeo
974 2160 1017 2228 ita
1029 2183 1064 2226 se
1074 2161 1202 2227 habere
1215 2163 1319 2228 seions.

287 2257 499 2358 praeterquam
515 2268 602 2355 quod
620 2269 708 2334 hune
723 2269 886 2335 Christum
899 2290 976 2336 'osso
988 2283 1154 2360 agnoscat,
1169 2273 1271 2360 eique
1283 2273 1317 2334 vi

285 2374 405 2442 dolioet
420 2375 531 2441 eredat
548 2389 582 2442 ot
601 2376 741 2452 obediat,
761 2379 830 2444 haee
851 2403 978 2467 quoquo
995 2381 1141 2446 instituta
1157 2384 1312 2450 observare

288 2482 439 2554 volueritt
458 2493 567 2548 utrum
580 2483 610 2548 is
623 2483 817 2550 salvabitur?
832 2487 880 2552 lto
895 2487 948 2554 ille
964 2489 1199 2556 seiseitabatur.

334 2591 377 2658 At
395 2614 476 2681 ego:
499 2591 541 2656 Ut
555 2592 634 2658 mihi
650 2593 780 2679 quidem
795 2595 934 2672 videtur,
954 2621 974 2662 e
992 2597 1135 2686 Trypho,
1161 2600 1319 2666 hominem

288 2701 447 2792 ejusmodi
466 2700 587 2768 salvum
607 2701 680 2768 dieo
699 2702 859 2780 futurumr
884 2708 910 2772 si
931 2708 1027 2772 modo
1049 2709 1171 2775 catoris
1191 2709 1323 2776 bomini·

288 2813 363 2887 bus,
386 2812 419 2877 id
440 2822 501 2887 est,
523 2811 561 2876 iis
582 2812 637 2900 qui
658 2835 698 2878 ex
721 2815 867 2902 gentibus
890 2839 948 2905 per
970 2817 1133 2886 Christum
1154 2820 1194 2883 ab
1216 2843 1324 2884 errore

289 2922 471 2990 cimumoisi
496 2935 583 2999 sunt,
604 2924 736 2990 omnino
759 2927 950 3013 persuadere
971 2951 1036 2992 non
1058 2941 1187 2994 conetur
1206 2939 1240 2990 ut
1267 2952 1325 2992 ea-

290 3033 365 3098 dem
380 3055 418 3098 ae
433 3033 500 3120 ipse
516 3033 699 3110 observent,
716 3034 850 3102 salutem
865 3055 920 3102 eos
935 3055 1054 3126 negans
1069 3038 1245 3127 adepturos,
1255 3037 1324 3102 nisi

289 3141 360 3207 haee
379 3140 579 3206 custodiant:
599 3141 692 3229 quale
709 3156 757 3208 ost
775 3145 861 3230 quod
879 3157 912 3211 et
930 3145 1021 3212 initio
1039 3146 1257 3235 disputationis
1278 3146 1326 3211 la-

290 3251 409 3328 oiebas,
432 3273 506 3316 oum
526 3253 749 3340 pronuntiares
771 3252 893 3319 salvum
914 3277 966 3322 me
987 3279 1052 3322 non
1072 3256 1246 3333 facturum,
1267 3258 1325 3323 nisi

290 3361 361 3428 hmo
375 3363 587 3426 observarem.

291 3507 293 3512 ·
335 3470 378 3537 At
389 3469 461 3536 ille:
478 3469 544 3535 Cur
555 3471 650 3558 igitur
661 3471 783 3536 dixisti:
802 3499 815 3531 ι
828 3472 868 3536 Ut
879 3471 956 3538 mihi
969 3473 1097 3560 quidem
1108 3473 1248 3550 videtur,
1259 3474 1323 3538 talis

146 3593 150 3602 '
190 3662 194 3670 1
291 3607 305 3642 ι
320 3577 424 3645 salvus
435 3579 532 3654 erit,r
546 3577 606 3644 nisi
617 3578 691 3666 quia
702 3593 776 3646 suut
791 3581 845 3669 qui
857 3579 935 3646 tales
947 3591 1063 3670 negent
1070 3580 1173 3650 salvos
1185 3581 1325 3646 futuros?

337 3685 431 3764 Sunt,
447 3687 592 3776 inquam,
611 3686 793 3776 o'lryph03
814 3691 933 3778 quique
948 3713 1023 3756 cum
1038 3691 1083 3756 eis
1098 3713 1159 3756 neo
1175 3691 1325 3757 sermonis

291 3817 352 3864 nee
373 3797 502 3887 hospitii
524 3799 750 3866 communione
773 3802 925 3891 conjungi
943 3803 1102 3868 audeant:
1130 3803 1250 3889 quibus
1272 3825 1325 3891 ogo

324 3925 333 3958 ¹
345 3925 421 3975 Num.
434 3941 477 3985 nv,
487 3925 527 3977 38.
539 3955 570 3965 -
582 3925 594 3961 ²
604 3929 677 3977 Dent.
693 3945 726 3988 rr,
736 3929 761 3977 6.
