2636 4648
204 267 265 344 506
523 301 636 347 ssrcrs
660 299 775 346 sannam
798 299 862 347 un.
890 299 924 345 ar

202 429 303 474 unum
314 407 369 496 qni
385 405 461 476 lecit
475 419 507 476 et
519 407 683 498 plasmavit
694 429 767 486 nos,
779 431 841 477 aec
853 407 1045 476 firmitatem
1056 404 1250 474 baberessr·

203 539 334 585 monem
349 541 462 586 eorum
473 519 527 607 qui
539 517 664 596 dicunt,
680 531 736 586 aut
750 543 808 610 per
822 518 976 610 Angelos,
994 529 1055 585 aut
1070 541 1130 607 per
1146 539 1250 604 qnam

202 626 282 695 libet
297 627 467 705 Virtutem,
484 641 540 696 aut
550 630 592 695 ab
611 629 673 696 atio
685 629 754 696 Deo
768 629 890 698 lactum
904 653 975 698 esse
987 628 1084 696 huno
1094 627 1248 694 mundun

204 737 259 828 qui
271 750 320 804 est
330 737 505 806 secandum
517 761 586 804 nos.
606 736 639 804 Si
655 737 741 805 enim
758 737 857 806 semel
868 738 940 828 quis
959 747 1248 805 transmoveatura

100 839 105 848 ’
204 847 323 916 lectore
336 847 492 924 omnium,
510 859 544 914 et
554 847 711 915 concodat
722 849 763 915 sb
775 845 881 937 aliquo
896 847 1001 915 altero
1012 858 1075 912 aot
1086 869 1149 935 per
1159 843 1249 910 aliun

204 955 318 1022 lactans
334 955 550 1023 conditionem
564 979 636 1045 quas
645 969 694 1024 est
707 957 885 1025 secundum
899 979 974 1032 nos,
989 953 1136 1022 multam
1148 954 1252 1020 incer

204 1067 381 1157 gruentiam
398 1079 431 1134 et
453 1065 605 1158 plurimas
622 1068 890 1138 contradictiones
907 1089 1046 1135 necesse
1063 1077 1117 1132 ert
1135 1063 1251 1130 mestas

205 1177 388 1268 hujusmodi
404 1202 412 1245 :
427 1178 469 1244 ad
481 1201 559 1268 quas
571 1177 672 1246 nullas
684 1179 774 1246 dabit
786 1179 937 1256 rationes,
951 1201 1065 1266 noque
1076 1173 1252 1242 secundun

205 1285 387 1363 verisimile,
407 1309 513 1376 nequo
530 1287 709 1355 secundum
728 1288 905 1356 ueritatem,
930 1287 973 1353 Et
988 1297 1131 1376 propter
1146 1283 1250 1350 bocli

206 1395 260 1483 qui
275 1393 353 1462 alias
367 1393 528 1463 doctrinas
541 1394 695 1473 inierunt,
711 1394 914 1464 abscondunt
926 1419 947 1461 a
964 1395 1065 1462 nobis
1081 1417 1182 1482 quam
1199 1392 1249 1458 l*

205 1505 284 1572 bent
306 1505 365 1594 ipsi
388 1505 429 1572 do
446 1506 514 1573 Doo
531 1507 744 1580 sententisms
772 1505 907 1575 soientm
929 1525 1092 1592 quassum
1114 1515 1148 1568 ct
1170 1499 1248 1568 urta

207 1613 362 1682 doctrine
377 1637 454 1692 suu,
471 1627 505 1682 et
519 1615 668 1683 timentes
687 1637 728 1684 ue
742 1616 819 1684 victi
831 1614 944 1682 salvari
956 1611 1198 1704 periclitentur.
1219 1609 1248 1676 st

207 1737 318 1792 autem
332 1724 442 1794 eredat
456 1725 526 1814 quis
541 1749 641 1792 unum
655 1724 774 1802 Deum,
791 1737 825 1792 et
839 1725 895 1816 qui
910 1722 1023 1792 Verbo
1039 1723 1153 1790 omnis
1170 1721 1247 1794 lucit.

208 1835 480 1925 quemadmodum
495 1833 638 1904 otllosss
651 1837 696 1902 ait
711 1856 721 1902 t
741 1863 754 1898 ι
767 1835 854 1904 Dixit
864 1835 964 1912 Deus,
977 1833 1039 1900 flat
1052 1832 1125 1908 lux,
1138 1830 1246 1900 disus

133 1997 136 2004 ⁴
208 1973 223 2008 r
239 1955 287 2011 est
301 1941 356 2010 lux
371 1943 403 2019 ¹3
421 1956 483 2011 set
498 1944 532 2012 in
546 1943 717 2039 Evangelio
731 1943 866 2035 legimus
881 1968 890 2010 :
909 1971 923 2007 s
937 1943 1062 2012 Omnia
1077 1967 1141 2034 per
1155 1943 1247 2034 ipsun

210 2083 223 2117 s
238 2052 320 2120 facta
335 2066 423 2130 sunt,
443 2065 475 2119 et
491 2053 558 2122 sine
573 2055 642 2144 ipso
656 2054 776 2122 factum
792 2065 840 2123 est
855 2051 936 2122 nihil
950 2052 981 2127 ’ς
1001 2081 1015 2117 s
1032 2065 1070 2120 ot
1085 2049 1246 2142 Apostolos

208 2161 326 2231 Paulus
341 2162 485 2232 similitor
502 2187 510 2229 ε
528 2190 541 2225 ι
556 2163 644 2232 Unus
666 2163 835 2242 Dominus,
856 2187 919 2232 una
935 2161 1033 2241 fidas,
1057 2185 1163 2232 unum
1176 2163 1248 2250 bap

210 2273 345 2350 »tismu,
367 2297 449 2342 unus
471 2272 558 2342 Deus
579 2284 613 2342 et
633 2273 739 2352 Peter,
756 2273 810 2363 qui
834 2285 883 2343 est
904 2295 1004 2363 super
1023 2295 1159 2347 omnes,
1177 2271 1246 2336 etin

211 2382 389 2456 »omnibns
404 2381 519 2451 uobis⁸
537 2383 641 2454 :strio
655 2384 759 2474 primo
774 2385 862 2452 erit«
877 2393 989 2452 tenens
1003 2393 1122 2472 caput,
1141 2405 1181 2448 ex
1193 2403 1246 2470 qn>

211 2520 225 2557 s
242 2503 344 2560 totum
367 2514 484 2581 corpus
499 2505 705 2583 compactum
726 2504 759 2561 et
782 2515 976 2568 connexum,
997 2504 1031 2558 et
1046 2513 1111 2582 per
1129 2512 1246 2562 omnem

212 2602 425 2689 »juncturam
447 2604 746 2674 subministrationis
768 2604 802 2672 in
823 2625 972 2672 mensura
996 2601 1246 2691 uniuscujusve

212 2712 350 2803 spartis,
367 2713 601 2782 incrementum
621 2711 762 2802 corporis
783 2711 871 2788 lecit,
889 2711 922 2779 in
939 2709 1194 2780 edificatione·
1206 2709 1246 2776 sui

213 2851 226 2886 a
241 2823 274 2891 in
290 2823 445 2893 charitate
463 2821 486 2890 ⁶.
506 2852 519 2887 s
534 2823 607 2893 Post
620 2822 735 2891 deinde
749 2833 783 2889 et
796 2821 900 2892 omnis
914 2843 1021 2890 sermo
1034 2822 1070 2888 ci
1081 2820 1245 2894 constabit.
1297 2815 1298 2826 ’

214 2935 239 3002 si
255 2944 289 3001 et
301 2933 482 3025 Scripturas
498 2934 666 3025 diligenter
682 2933 794 3025 legerit
812 2932 898 3023 apud
914 2955 970 3002 eos
984 2933 1098 3023 quiin
1114 2929 1244 3003 Eudo&
1297 3001 1298 3024 ᾖ

215 3056 288 3114 sunt
303 3045 494 3135 presbyteri,
508 3045 592 3135 apud
608 3066 688 3133 quos
703 3056 751 3110 est
766 3041 949 3133 Apostolico
965 3042 1132 3119 doctrina,
1149 3064 1244 3132 quem
1297 3067 1298 3118 f

214 3156 389 3224 admodum
403 3155 698 3222 demonstravimus.

258 3265 298 3334 11.
329 3263 474 3355 Apostoli
496 3265 583 3331 enim
605 3271 716 3330 omnes
742 3262 806 3328 duo
833 3263 964 3352 quidem
986 3260 1195 3329 Testamenta
1217 3261 1241 3325 ia
1297 3297 1298 3360 p

216 3375 341 3443 duobus
352 3373 477 3466 populis
493 3373 587 3441 luisse
599 3371 800 3441 docuerunt:
816 3397 916 3441 unum
931 3384 1041 3440 autem
1053 3384 1089 3438 et
1104 3371 1241 3439 eumden
1297 3369 1298 3426 l

215 3485 409 3563 esseDeum,
423 3485 477 3574 qui
486 3485 676 3574 disposuerit
687 3497 821 3573 utraque
831 3483 872 3550 ad
885 3481 1056 3550 utilitatem
1070 3483 1241 3556 bominum,
1297 3573 1298 3578 ἵ

217 3597 395 3664 secundum
410 3617 489 3685 qnos
500 3593 704 3664 Testamenta
716 3595 885 3672 dabantur,
902 3594 957 3682 qui
970 3593 1242 3684 incipiebantur
1297 3599 1298 3690 t

216 3706 292 3772 dere
311 3704 393 3782 Deo,
412 3729 452 3774 ex
468 3707 534 3799 ipsa
554 3705 838 3776 demonstravimus
859 3702 1090 3794 Apostolorum
1109 3703 1239 3770 doctrina
1297 3701 1298 3772 l

219 3818 251 3885 in
267 3818 361 3884 tertio
376 3817 458 3886 libro
477 3843 486 3884 ε
503 3831 535 3885 et
554 3819 705 3908 quonism
715 3841 781 3886 non
794 3817 905 3893 otioso,
920 3839 982 3886 neo
997 3815 1133 3892 trustra,
1149 3825 1239 3916 auttut
1297 3801 1298 3884 ]

249 3946 256 3982 ¹
270 3947 333 3998 Gon.
345 3965 363 4008 ι,
375 3947 397 4000 3.
408 3947 450 3987 -2
462 3948 537 3998 loun.
549 3965 568 4008 ι,
578 3947 647 3999 b.-³
659 3949 751 4015 prcs.
763 3964 797 4006 rr,
807 3949 832 4008 5,
843 3947 913 3998 6.--ι
924 3947 985 3998 tttd.
1002 3947 1045 4007 16,
1060 3945 1159 4000 Colore.
1169 3965 1195 4003 ss,
1205 3961 1235 4010 ¹9.
1297 3945 1298 4016 l

1297 4029 1298 4054 i
