2772 4620
326 311 476 356 uratoous
500 310 562 355 auu
584 291 746 352 rnirnona
768 309 883 350 sunno.
1058 291 1117 374 ⁹87

87 438 122 489 et
144 421 281 488 veritatis
302 441 514 507 naquaquam,
537 439 597 482 nea
617 426 764 480 actuosus
783 438 852 480 esse
872 417 997 482 conaris
1015 420 1118 504 potius

89 553 189 618 quam
204 526 365 616 sophista?
635 511 639 517 ¹

137 637 220 702 Tum
236 658 295 722 ego
308 655 323 698 :v
343 631 443 710 Quid,
463 633 606 717 inquam,
621 632 724 717 majus
744 629 893 696 meliusve
913 630 1019 698 faeere
1040 633 1122 718 quis·

91 767 193 830 quom
206 743 318 831 possit,
335 739 468 828 quamsi
481 741 634 804 rationem
649 739 796 804 omnibus
811 739 966 827 imperare
979 729 1128 805 demens?

94 864 173 926 tret,
188 849 338 937 illamque
352 847 589 937 apprehendens
603 848 696 934 eique
710 846 807 913 veluti
822 849 972 922 insidens,
984 847 1120 914 aliorum

96 981 223 1024 errores
238 969 270 1022 et
283 955 385 1022 studia
398 954 586 1030 consideret,
603 955 763 1041 quomodo
779 953 856 1020 nihil
871 968 963 1044 agant
975 957 1062 1041 quod
1075 977 1122 1026 st-

98 1089 179 1132 num
190 1067 242 1139 sit,
259 1062 336 1130 nihil
348 1063 433 1152 quod
447 1063 515 1128 Deo
525 1061 657 1150 placeat.
671 1061 841 1128 Prudentia
855 1075 960 1128 antem
976 1063 1044 1128 sine
1054 1064 1123 1151 pbi-

98 1172 240 1260 losophia
251 1183 284 1236 at
295 1183 381 1238 recta
395 1171 514 1236 ratione
524 1171 625 1236 inesse
635 1171 757 1236 nemini
770 1179 882 1259 potest.
901 1171 1023 1237 ldoirao
1034 1173 1121 1236 omni

98 1279 220 1346 homini
235 1277 522 1366 philosophandum
539 1291 599 1353 eat,
615 1290 711 1364 atque
728 1277 791 1342 boc
807 1279 981 1344 maximum
988 1285 1025 1344 et
1041 1298 1122 1366 prae-

100 1385 307 1454 clarissimum
326 1409 405 1474 opus
424 1386 681 1460 existimandum,
701 1397 814 1452 oaetera
837 1409 913 1451 vero
932 1387 965 1451 in
980 1387 1125 1453 secundis

99 1505 132 1556 et
144 1493 242 1558 tertiis
253 1493 415 1580 ponendas
435 1514 472 1558 aa
488 1491 695 1581 philosophiae
711 1493 840 1580 quidem
855 1493 881 1557 si
891 1493 1044 1581 adjuncta
1056 1494 1125 1558 fue-

101 1601 176 1674 rint,
191 1599 375 1674 mediocria,
392 1611 424 1664 et
441 1623 510 1686 quae
525 1612 727 1665 assumantur
743 1600 848 1688 digna,
864 1600 891 1664 si
906 1609 980 1664 iero
996 1600 1130 1666 incomi-

102 1721 167 1774 tata
188 1718 221 1772 et
243 1707 392 1772 destituta
413 1709 453 1772 ab
474 1730 511 1772 ea
529 1709 604 1782 siut,
624 1730 701 1772 oum
720 1708 757 1772 iis
778 1709 974 1795 importuna,
993 1729 1129 1794 quonam

102 1815 250 1880 manibus
260 1825 451 1889 tractantur,
468 1825 538 1878 tum
553 1813 649 1878 etiam
663 1811 826 1878 illiberalia
841 1813 986 1879 duoanda
1002 1825 1084 1880 suut.

148 1919 350 2006 Philosophia
361 1921 457 2006 igitur
468 1919 826 2000 beatitudinem-efficit?
836 1921 938 2006 inquit
946 1919 1009 1985 illa.

152 2025 208 2092 llla
223 2049 312 2100 vero,
328 2027 469 2112 inquam,
482 2037 515 2088 et
529 2022 594 2088 sola
612 2024 749 2112 quidem.

153 2133 253 2221 igitur
264 2131 340 2218 qaid
351 2131 391 2196 sit
404 2129 739 2219 philosophia,inquit,
748 2143 780 2197 at
792 2155 860 2220 quae
872 2135 941 2220 ejus
955 2135 1127 2209 beatitudo,

107 2240 168 2306 nisi
184 2239 261 2326 quid
272 2236 379 2326 eloqui
393 2237 553 2325 prohibet,
568 2236 726 2326 eloquere.

152 2344 364 2431 Philosophia,
380 2345 510 2430 inquam
524 2367 594 2433 ego,
613 2355 661 2410 est
671 2346 799 2412 scientia
820 2345 902 2412 illius
916 2348 1001 2433 quod
1016 2359 1075 2422 est,
1099 2361 1131 2412 et

108 2455 172 2518 veri
188 2453 336 2541 cognitio.
355 2451 523 2518 beatitudo
537 2463 644 2518 autem
658 2453 754 2540 hujus
772 2455 909 2520 scientiae
923 2467 957 2520 et
970 2456 1129 2543 sapientiae

109 2562 285 2650 praemium.
297 2549 306 2558 ’

154 2668 257 2734 Deum
269 2680 376 2734 antem
386 2669 538 2755 quidnam
550 2690 657 2744 vocas,
673 2669 774 2756 inquit
790 2667 864 2734 ille?

156 2777 250 2855 Quod
261 2777 345 2842 idem
353 2788 401 2842 est
411 2791 444 2842 et
454 2777 567 2842 eodem
578 2778 674 2843 modo
689 2800 814 2865 semper
824 2777 975 2851 sehabet,
988 2779 1134 2864 quodque

112 2887 232 2952 cauria
248 2887 393 2958 omuibus
409 2897 565 2950 causaest
580 2907 637 2952 our
652 2886 728 2959 siut,
744 2885 807 2950 boc
821 2907 896 2950 sane
913 2885 998 2950 Deus
1009 2897 1066 2950 est.
1090 2887 1134 2950 lta

113 2993 157 3060 illi
172 3019 231 3082 ego
251 2994 399 3083 respondi
416 3016 425 3059 z
443 3016 558 3081 meque
578 2992 630 3058 ille
650 2992 787 3060 libenter
800 2993 960 3069 audiebat,
978 3017 1016 3061 ao
1029 3017 1137 3060 rursus

114 3103 159 3166 ita
174 3100 376 3188 interrogavit
393 3125 401 3164 :
1120 3165 1123 3172 ,

162 3208 299 3274 Solantia
321 3232 361 3274 an
385 3231 448 3274 non
467 3231 636 3275 oommune
659 3233 776 3276 nomen
800 3223 850 3276 eat
873 3235 979 3303 rerum
1001 3214 1139 3280 diversa-

120 3315 216 3382 ruml
230 3315 267 3380 ln
288 3315 433 3380 omnibus
453 3316 538 3380 enim
554 3299 683 3391 artibus,
702 3318 756 3404 qui
775 3318 889 3384 barum
904 3319 1043 3408 aliquam
1064 3323 1141 3386 saint

118 3424 238 3490 dicitnr
252 3423 367 3496 sciens,
387 3423 419 3488 in
435 3423 644 3512 imperatoria,
667 3427 701 3492 iu
720 3429 953 3515 gubernatoris,
970 3430 1003 3493 in
1020 3431 1140 3495 medica

119 3529 274 3598 similiter.
293 3531 332 3598 ln
349 3529 462 3596 divinis
476 3543 508 3596 et
522 3531 666 3597 humanis
680 3536 775 3599 rebus
791 3557 831 3601 an
848 3538 889 3602 ita
905 3559 937 3602 se
960 3559 1008 3602 res
1026 3537 1143 3604 habet?
1195 3558 1199 3564 ’

121 3641 216 3706 Estne
231 3639 362 3706 scientia
374 3639 543 3727 quapiam,
555 3661 624 3727 quaa
639 3640 815 3710 didnmum
829 3658 860 3710 et
870 3644 1079 3714 humanarum
1090 3673 1142 3714 re-

123 3769 196 3812 rum
210 3747 422 3836 cognitionum
437 3745 560 3822 all'arat,
572 3771 610 3813 eo
621 3747 733 3815 deindo
746 3773 814 3839 quae
830 3753 871 3818 sit
882 3755 913 3820 iu
929 3753 987 3822 illis
997 3757 1142 3824 divinitu-

127 3855 179 3928 tis,
192 3878 259 3941 quaa
277 3855 403 3942 justitiae
419 3855 499 3920 ratio
514 3855 730 3923 demonstret?
