2640 4622
223 301 371 343 uiatores
396 299 456 343 ertu
480 301 645 344 ratrnoxe
666 301 779 344 ranno.
952 283 1029 359 451.
1079 328 1081 334 .

13 426 51 464 us
64 413 199 489 propter
211 427 325 470 nomen
339 405 497 492 praeclaras
514 405 594 472 illius
607 403 720 496 petrae,
739 431 808 494 quse
820 417 852 471 et
865 408 895 472 in
907 431 1017 470 eorum

12 511 78 574 rda
93 512 149 598 qui
166 535 223 598 per
238 513 341 600 ipsum
358 511 492 602 diligunt
507 515 631 579 Patrem
653 517 882 591 universorum,
901 539 1014 604 aquam

12 641 87 682 vam
99 619 231 694 emittit,
248 630 281 684 et
296 644 350 686 eos
361 633 452 708 potat
465 622 518 709 qui
530 643 644 708 aquam
656 624 725 688 vite
737 625 857 689 sitiunt.
872 623 936 688 Sed
948 623 1017 688 haee

12 727 123 790 icente
136 749 188 792 me
199 749 264 792 nou
276 728 456 817 intelligitis.
473 731 552 796 Nam
564 751 624 796 nee
635 753 670 795 ea
683 730 852 820 intelligitis
869 753 940 819 qum
958 731 1021 796 lae-

19 857 96 898 rum
109 855 178 900 esse
191 835 352 904 Christum
364 839 529 926 Prophetae
539 837 761 925 praedixerunt,
776 861 835 904 nee
847 841 950 915 nobis,
964 840 1018 926 qui

12 965 37 1004 ts
59 941 102 1004 ad
123 941 302 1028 Scripturas
320 929 520 1019 adducimus,
542 945 680 1010 creditis.
701 946 852 1011 «Ieremias
870 949 954 1012 enim
974 947 1015 1010 ita

12 1059 104 1110 amat
119 1070 127 1112 :
146 1047 223 1112 «Vas
237 1051 340 1114 vobisl
354 1052 426 1137 quia
439 1047 648 1137 dereliquistis
662 1050 779 1116 sontem
791 1051 908 1128 vivum,
924 1065 957 1117 et
967 1053 1017 1116 so-

12 1155 103 1218 distis
120 1155 209 1220 vobis
225 1157 376 1224 cisternas
394 1157 569 1244 dissipates,
586 1179 655 1243 qaae
672 1181 735 1222 uon
752 1170 899 1245 poterunt
914 1161 1018 1224 conti-

12 1286 89 1328 nere
102 1285 218 1349 aquam
228 1263 250 1328 ¹.
270 1263 352 1329 Num
368 1263 504 1330 solitudo
517 1265 577 1328 erit
590 1266 644 1328 ubi
656 1276 705 1327 est
717 1287 808 1330 mons
820 1264 896 1330 Sion
910 1287 917 1328 ε
937 1289 1011 1352 quo-

12 1371 99 1434 niam
117 1370 293 1436 Jerusalem
309 1369 450 1436 libellum
467 1369 589 1458 repudii
611 1369 682 1434 dedi
703 1371 735 1434 in
755 1382 927 1458 conspectu
946 1395 1016 1438 ves-

12 1491 61 1540 lt'0
73 1477 132 1542 29»

26 1583 128 1650 CXV.
151 1583 212 1648 Sed
230 1584 391 1650 Zacharia
408 1584 524 1654 Christi
545 1586 731 1671 mysterium
753 1585 784 1648 in
801 1582 950 1673 parabola
971 1606 1017 1647 os-

12 1689 128 1752 ndenti
139 1701 172 1754 ct
185 1711 299 1754 arcane
313 1690 496 1776 praedicanti
513 1689 644 1754 eredere
662 1689 792 1753 debetis.
813 1688 894 1754 Sunt
908 1700 1014 1752 autem

12 1821 53 1862 ec
72 1797 155 1861 illius
175 1799 295 1862 verba:
320 1797 455 1860 «Gaude
469 1809 501 1860 et
517 1795 634 1869 laetere,
653 1795 716 1859 lilia
735 1795 835 1861 Sion:
851 1797 921 1883 quia
940 1818 1016 1861 ecce

12 1930 73 1992 ogo
95 1905 198 1978 venio,-
218 1915 250 1968 et
269 1906 418 1970 habitabo
438 1905 469 1966 in
492 1904 596 1968 medio
616 1905 674 1976 tui,
693 1904 769 1968 dicit
785 1903 936 1968 Dominus
952 1895 969 1968 :¹
983 1917 1016 1969 et

12 2011 264 2102 applicabuntur
283 2023 390 2099 gentes
408 2011 515 2076 multae
539 2012 579 2074 ad
598 2011 770 2076 Dominum
785 2012 816 2076 in
830 1997 881 2076 die
899 2011 965 2089 illo,
982 2026 1015 2078 et

12 2134 111 2186 erunt
127 2121 205 2186 mihi
221 2123 252 2186 in
269 2119 422 2212 populum
437 2144 445 2184 :
462 2132 493 2186 et
510 2120 660 2185 habitabo
677 2121 709 2184 iu
725 2121 829 2214 medio
846 2122 904 2196 tui,
919 2134 951 2185 et
964 2145 1015 2187 co-

12 2241 181 2318 gnoscent,
191 2229 270 2315 quia
286 2229 440 2293 Dominus
454 2229 605 2292 virtutum
621 2227 706 2292 misit
721 2249 771 2290 me
783 2227 824 2290 ad
834 2239 875 2291 te.
895 2229 935 2292 Et
945 2253 1014 2318 pos-

13 2337 131 2400 sidebit
147 2337 300 2400 Dominus
315 2333 445 2408 ludam,
463 2346 494 2398 et
511 2345 634 2420 partem
646 2355 735 2397 suam
751 2333 782 2396 in
799 2345 881 2396 terra
893 2346 1013 2410 sancta,

13 2455 45 2506 et
57 2442 152 2530 eliget
166 2442 271 2507 adhuc
282 2439 469 2506 Jerusalem.
489 2439 611 2504 Timent
626 2440 727 2504 omnis
739 2461 813 2504 earo
824 2462 842 2502 a
855 2438 933 2505 facie
947 2441 1014 2506 Do-

13 2549 94 2614 mini
108 2573 116 2611 :
135 2550 284 2634 quoniam
295 2548 429 2612 surrexit
441 2547 480 2612 de
493 2548 629 2612 nubibus
642 2547 757 2612 sanctis
769 2548 843 2611 suis.
859 2549 900 2612 Et
911 2558 1016 2614 osten-

14 2658 61 2722 dit
73 2657 150 2720 mihi
160 2657 270 2722 haum
280 2657 484 2722 Sacerdotem
496 2665 805 2744 magnummontem
817 2665 891 2720 ante
902 2655 1013 2720 faciem

14 2763 138 2852 angeli:
156 2776 188 2828 et
203 2765 346 2831 diabolus
362 2767 465 2830 stabat
480 2788 498 2827 a
514 2764 630 2828 dextris
645 2764 727 2848 ejus,
745 2772 780 2825 ut
795 2763 1014 2826 adversaretur

14 2875 53 2936 ei.
76 2873 114 2934 Et
129 2873 205 2938 dixit
221 2874 374 2937 Dominus
390 2873 430 2936 ad
447 2869 630 2935 diabolum:
650 2871 797 2955 Increpet
812 2868 966 2934 Dominus
982 2869 1013 2934 in

16 2993 62 3052 te,
75 2980 127 3064 qui
139 2977 233 3066 elegit
243 2980 262 3042 J
265 2978 429 3044 erusalem.
446 2977 558 3043 Nonne
569 2999 646 3042 ecoe
657 2975 719 3040 hoc
731 2975 824 3040 torris
837 2989 1015 3042 estereotus

17 3089 58 3148 de
72 3085 207 3170 igne³ls
223 3087 304 3150 Cum
315 3086 445 3173 Trypho
461 3083 651 3172 respondere
666 3082 787 3147 etmihi
799 3085 1014 3151 contradicere

15 3203 133 3262 aretela
153 3193 202 3256 lae
217 3194 367 3282 primum,
381 3197 522 3282 inquam,
539 3203 699 3280 exspectes
714 3203 746 3254 et
761 3192 868 3256 audias
884 3193 960 3278 quid
971 3195 1017 3257 di-

15 3324 75 3366 om.
99 3301 206 3385 Neque
225 3302 310 3364 enim
326 3325 421 3386 quam
437 3302 602 3388 suspicaris
620 3300 846 3387 expositionem
866 3299 1016 3364 allaturus

16 3433 77 3480 rm,
95 3419 128 3470 ut
148 3405 271 3472 nullum
293 3407 487 3472 sacerdotem
505 3409 580 3472 lesu
601 3409 730 3472 nomine
752 3409 783 3472 in
805 3419 887 3472 terra
908 3409 1015 3495 Baby-

16 3515 164 3598 tuia,·ubi
187 3513 323 3603 populus
345 3526 446 3578 vester
463 3516 605 3602 captivus
626 3525 706 3589 erat,
726 3514 863 3580 extitisse
886 3515 1000 3581 dietam.

16 3625 90 3690 leod
114 3624 241 3711 quidem
268 3625 293 3688 si
320 3623 469 3696 lacerem,
497 3621 745 3687 demonstrarem
778 3623 918 3688 laturum
949 3647 1011 3689 non

17 3737 99 3804 risse,
118 3735 142 3798 si
161 3733 253 3798 Jcsus
273 3731 419 3798 sacerdos
440 3732 471 3796 in
492 3741 594 3796 vestro
613 3755 727 3818 genere
747 3733 866 3816 luisset,
888 3746 922 3797 ut
940 3756 1013 3799 eum

29 3859 35 3890 ¹
48 3861 141 3906 Jrrem.
154 3875 181 3918 tt,
197 3861 233 3908 13.
244 3887 274 3896 -
284 3859 399 3906 ²lerum.
413 3875 450 3916 tu,
460 3857 481 3906 8.
498 3855 727 3914 -³znct1,n,18.
