2586 4642
366 377 370 390 '
400 388 523 432 oonrnn
544 389 697 433 srusasas.
1006 373 1069 458 ⁵⁴²⁹

7 519 144 564 orum
161 497 214 586 qui
233 509 310 564 tune
327 510 417 564 erant
434 497 591 573 homiues,
611 493 665 586 qui
683 475 968 586 jum‘trunifione
997 501 1066 567 Deo

7 630 92 674 ron
106 619 269 698 poterunt.
285 629 361 676 cum
372 607 485 698 Angeli
500 621 748 697 transgressores
759 609 924 676 commixti
936 609 1070 677 fuissent

14 717 62 783 is
77 742 87 792 ς
111 732 146 784 et
162 729 198 784 ut
215 730 347 808 peceato
364 741 477 786 eorum
495 729 724 807 compesceret,
743 730 882 785 servaret
898 742 972 786 vero
986 743 1069 788 arom

9 851 161 916 ypum‚
180 826 256 894 Adue
275 825 517 916 plasmationem
536 850 546 892 z
569 839 602 892 et
619 828 817 916 temporibus
836 827 896 894 [ot
915 831 969 918 qui
988 828 1071 918 pluit

7 959 129 1026 uper
139 933 313 1002 Sodomam
328 947 361 1000 ot
375 935 590 1002 Gomorrham
605 935 712 1025 ignem
727 947 760 1002 et
774 933 908 1027 sulphur
922 937 962 1006 de
974 937 1068 1016 eoelo.

7 1075 26 1104 α
49 1044 249 1134 exemplum
273 1046 349 1133 justi
372 1045 481 1134 judieii
505 1045 625 1121 usit»
648 1055 683 1112 ut
699 1059 928 1136 eognosoerent
945 1069 1069 1125 omues,

10 1155 186 1240 paeonium
200 1154 328 1220 «omnis
341 1155 438 1220 orbor
452 1177 523 1242 qun
539 1177 605 1220 non
620 1153 696 1222 sacis
708 1154 851 1222 'frustum
863 1156 997 1235 bouum.
1014 1182 1071 1226 ex·

7 1295 16 1324 s
42 1264 201 1338 cidetur,
217 1273 250 1330 et
263 1263 297 1328 in
312 1263 419 1352 iguem
434 1262 621 1330 mittetnr²:
641 1291 654 1324 ι
671 1275 704 1328 et
718 1263 751 1330 in
768 1264 936 1332 universali
950 1267 1070 1355 judicio

7 1373 231 1441 tolerabilius
246 1372 393 1439 Sodomis
406 1385 510 1450 utens,
523 1397 620 1462 quom
635 1372 684 1440 his
696 1375 750 1462 qui
763 1374 910 1444 viderunt
920 1377 990 1465 ejus
1007 1377 1071 1444 vir-

7 1497 119 1552 tutes
133 1505 211 1572 ques
222 1480 373 1559 sneiebot,
386 1494 419 1549 et
429 1506 494 1551 nou
506 1481 714 1551 erediderunt
726 1483 759 1550 iu
771 1505 858 1561 eum,
870 1507 975 1573 neque
986 1507 1072 1556 reeo-

7 1602 151 1682 perunt
165 1590 235 1679 ejus
250 1587 438 1656 doctrinam.
460 1589 741 1670 Quemadmodum
753 1591 839 1658 euim
853 1593 1008 1681 mojorem
1019 1593 1072 1662 de·

7 1703 77 1770 dit
94 1701 231 1792 gretiam
249 1721 415 1788 persuum
431 1701 604 1768 adrentum
622 1699 671 1768 his
690 1701 745 1789 qui
759 1699 966 1770 erediderunt
981 1703 1024 1778 ei,
1039 1717 1073 1770 et
1175 1717 1177 1722 ’

8 1815 157 1880 ίὶιοίιιιιι
170 1813 241 1902 ojus
258 1808 470 1888 voluntatem
492 1813 538 1878 sio
552 1822 585 1878 et
599 1812 756 1900 majorem
773 1812 939 1900 injudicio
953 1811 1072 1880 habero

15 2047 104 2098 tens
121 2055 217 2120 super
234 2053 344 2098 omues
359 2029 534 2120 equaliter,
555 2043 587 2098 et
601 2031 719 2121 quihus
733 2028 805 2119 plus
821 2030 922 2108 dedit,
942 2030 1014 2121 plus
1030 2034 1071 2099 ab

13 2145 76 2210 eis
93 2153 264 2234 exusturus
283 2164 291 2207 :
313 2138 385 2231 pius
402 2154 522 2217 nutem,
539 2164 604 2207 noo
621 2140 708 2229 quod
724 2139 853 2208 alterius
869 2140 970 2209 Patris
987 2143 1073 2233 agni·

19 2255 160 2322 tionem
172 2250 322 2326 ostendit,
337 2251 420 2320 siout
431 2274 489 2341 por
498 2261 546 2317 tot
557 2262 590 2316 ot
601 2261 688 2316 unu
701 2249 913 2324 ostendimus:
929 2251 986 2317 sed
996 2252 1071 2340 quia
1183 2265 1186 2274 ’

19 2363 191 2452 mojorem
207 2360 412 2428 donationum
434 2373 573 2450 potornae
589 2358 696 2449 grstia
715 2381 773 2448 por
789 2382 883 2426 suum
898 2360 1071 2428 adrentum

21 2473 148 2539 effudit
160 2470 382 2538 inhumanum
393 2493 502 2560 genus.

76 2581 116 2648 V.
136 2581 170 2647 Si
186 2581 240 2648 oui
255 2592 361 2646 autem
376 2602 441 2646 nou
455 2578 618 2648 sufficiunt
632 2601 703 2667 quas
713 2579 929 2670 prediximus,
946 2578 988 2646 ed
1003 2600 1071 2646 ore·

25 2681 178 2757 dandum
195 2691 235 2757 ab
254 2713 318 2756 uuo
336 2700 369 2756 et
386 2689 500 2756 eodem
517 2689 610 2756 Petro
628 2687 802 2776 Prophetas
819 2687 932 2752 missos
949 2709 1032 2761 esse,
1051 2709 1070 2752 a

28 2825 100 2890 quo
112 2813 144 2866 et
156 2800 310 2866 Dominus
322 2795 556 2872 nostermiisus
566 2806 627 2870 est.
643 2795 788 2882 operiens
798 2803 908 2860 autem
919 2817 954 2860 os
966 2793 1071 2861 oordis

30 2912 98 2986 sui,
122 2921 155 2976 et
177 2909 342 2976 Christum
366 2909 479 2993 desum
497 2905 681 2972 uominun.
678 2903 884 3011 magistrum
906 2903 1070 2982 invocans,

33 3019 145 3084 audiet
165 3015 325 3082 diooumm
346 3038 434 3089 eum,
436 3012 577 3086 sisimile
593 3033 662 3085 esse
673 3033 814 3108 Quum
830 3010 987 3080 emiorum
1004 3016 1072 3104 regi

36 3156 51 3189 ι
67 3124 192 3214 nuptias
212 3123 337 3192 ssoieuti
355 3121 428 3220 idio
426 3143 511 3196 suo,
527 3132 560 3188 et
574 3122 711 3191 mittenti
727 3143 833 3186 servos
848 3145 922 3188 suos
939 3123 981 3190 nd
997 3145 1072 3192 eon-

34 3267 50 3300 »
64 3234 241 3324 rogandum
265 3254 319 3299 eos
345 3223 399 3324 qui
424 3232 525 3306 vuenti
546 3231 675 3296 suerunt
694 3230 735 3322 nd
757 3229 893 3320 nuptios.
908 3259 921 3294 a
943 3233 984 3298 Et
1010 3231 1071 3300 illia

35 3341 233 3426 uolentibus„
241 3343 391 3412 obedire:
417 3342 574 3416 sitorum,
597 3340 653 3415 ait,
678 3313 754 3414 niios
771 3362 878 3432 servos
896 3340 995 3417 misit.
1023 3343 1069 3410 di-

37 3476 160 3520 soens:
167 3423 627 3540 Dicitohisquisundvoeati:
619 3433 767 3524 Venite,
778 3447 950 3538 prandium
960 3475 1069 3520 meum

37 3593 51 3626 ι
66 3562 182 3652 pareri,
200 3560 282 3646 tauri
301 3559 364 3626 mei
380 3573 413 3625 et
428 3559 534 3624 omnia
549 3558 688 3647 saginata
703 3559 823 3632 oooisa;
845 3571 878 3624 at
895 3562 1001 3642 omnia
1016 3585 1069 3651 pa·

40 3703 52 3736 ι
67 3653 229 3762 retusum,
242 3667 397 3735 renite'ad
414 3667 548 3757 nuptias.
567 3663 616 3732 lili
631 3675 740 3734 autem
749 3667 897 3736 abierunt
911 3667 1070 3760 uegtigon-

41 3793 219 3855 steseum,
241 3777 294 3844 olii
312 3777 441 3868 quidem
463 3776 496 3843 iu
515 3799 626 3866 agrssm
642 3799 749 3854 suum,
772 3776 823 3843 ulii
841 3792 947 3846 autom
959 3764 1001 3844 ss‘in
1017 3803 1071 3846 ue·

41 3890 269 3979 »gotiotiooem
297 3913 402 3962 sununs
435 3887 548 3978 reliqui
569 3912 644 3956 roso
667 3890 868 3980 arripuerunt
894 3913 1012 3964 sessos,
1038 3900 1071 3952 et

77 4017 86 4050 ¹
100 4017 209 4068 s'shesa.
226 4035 243 4079 ι,
259 4020 283 4068 5.
295 4046 326 4058 -
335 4017 346 4054 ²
356 4018 449 4069 Mattio.
462 4035 501 4076 ru,
518 4033 556 4066 ro.

129 4125 162 4168 u.
857 4103 897 4177 54
