2710 4662
290 276 330 317 an
356 275 548 318 contarenus
571 275 721 318 errsrona
745 277 853 319 rmus.
1046 257 1087 346 69

46 383 83 444 sit
105 393 291 471 correptor,
315 383 384 448 vult
405 407 466 450 nos
491 378 602 448 sancta
627 407 681 449 sua
699 384 903 450 corre'ctiona
919 387 1086 452 admoneri.

91 489 189 557 tvlt.
212 491 283 560 Vos
300 515 381 582 ergo
400 495 457 581 qui
477 494 641 559 seditionis
653 494 860 566 fundamenta
875 494 1005 581 jecistis,
1021 497 1084 564 sub·

50 601 106 666 diti
118 614 226 670 estote
238 601 473 692 presbyteris¹,
486 611 521 666 et
533 600 565 666 in
574 601 789 688 poenitentiam
801 601 995 688 corripimini
1002 627 1011 676 ς
1026 601 1096 670 ssec-

53 721 161 778 tentes
181 734 292 800 genua
312 709 543 784 cordisvestri,
565 709 676 774 discite
693 710 819 796 subjici,
839 707 1033 798 deponentes
1048 738 1096 778 ar

58 832 234 908 rogantem
253 831 288 886 et
309 821 472 909 superbam
492 817 608 907 lingue
627 827 735 884 vestrae
747 819 956 905 jactantiam:
979 819 1094 888 melius

63 930 227 1017 siquidem
243 931 332 996 vobis
346 939 402 1004 est,
418 930 451 994 in
471 926 545 993 ovili
562 927 678 993 Christi
691 950 802 1015 parvos
822 939 855 993 et
872 931 1022 1017 probatos
1041 932 1093 996 in-

66 1041 180 1115 veniri,
194 1063 291 1128 qnam
303 1038 399 1106 altum
413 1039 572 1128 sapientes
581 1063 602 1102 c
612 1059 667 1127 spe
678 1035 760 1102 iliius
770 1039 854 1126 ejici.
874 1040 920 1105 lta
934 1040 1091 1129 siquidem

60 1148 136 1211 dicit
157 1133 321 1235 Sapientia
344 1169 412 1236 quae
431 1158 593 1232 πανάριτος,
615 1146 677 1211 boc
700 1157 760 1221 est,
784 1169 915 1212 omnem
941 1150 1091 1214 virtutem

57 1253 290 1346 complectens,
308 1267 459 1322 vocatur:
480 1257 590 1322 rEcce
604 1255 762 1352 proferam
776 1257 867 1321 vobis
884 1259 948 1324 mei
963 1260 1091 1348 spiritus

55 1395 66 1424 ι
85 1365 259 1430 dictionem
266 1390 277 1439 ς
302 1365 425 1432 docebo
444 1375 554 1430 autem
574 1388 629 1430 vos
650 1387 759 1431 meum
780 1387 973 1432 sermonem.
1000 1371 1092 1449 Quo-

57 1474 171 1540 ·niam
192 1475 361 1552 vocabam,
380 1485 414 1540 et
431 1497 497 1542 non
519 1474 687 1547 obedistis;
706 1483 740 1539 et
754 1475 969 1542 extendebam
983 1482 1092 1557 rerba,

57 1615 68 1640 ι
83 1595 115 1649 et
130 1607 197 1650 non
209 1584 408 1650 attendistis:
428 1583 485 1648 sed
495 1583 586 1646 irrita
595 1581 713 1648 fecistis
724 1603 797 1649 mea
810 1582 962 1657 consilia;
979 1597 1011 1650 et
1021 1589 1098 1652 mois

60 1725 71 1754 ι
88 1695 365 1782 increpationibus
379 1690 517 1758 rebelles
531 1690 646 1755 fuistis.
665 1691 778 1776 ltaque
792 1702 825 1756 et
839 1715 899 1780 ego
916 1702 1018 1758 restra
1032 1719 1102 1784 per-

63 1835 74 1860 »
90 1803 215 1868 ditione
229 1803 369 1869 ridebo:
388 1801 539 1890 gaudebo
554 1809 662 1863 autem
676 1821 752 1876 cum
767 1801 991 1868 venerit‘vobis
1006 1805 1103 1872 inter-

70 1943 82 1972 tt
97 1915 177 1987 itus,
193 1923 228 1976 et
242 1935 320 1978 cum
330 1911 496 1976 advenerit
507 1909 597 1974 vobis
608 1909 713 1974 subito
727 1909 897 1985 tumuitus‚·
915 1916 1035 1980 eversio
1048 1931 1101 1982 au-

77 2035 172 2089 ›tem
198 2020 309 2088 similis
337 2001 484 2109 procellae
510 2017 650 2091 affuerit,·
683 2018 731 2084 vei
760 2043 834 2086 cum
863 2023 983 2090 venerit
1012 2026 1100 2098 vobis

77 2167 89 2193 tt
107 2130 269 2199 tribulatio
284 2139 316 2196 et
338 2127 506 2218 oppressio.
532 2125 601 2192 Erit
619 2127 703 2198 enim
724 2149 797 2196 cum
818 2129 1002 2198 invocabitis
1024 2157 1093 2208 ωας

72 2273 84 2304 a
99 2265 156 2332 rgo
170 2251 279 2306 antem
293 2261 361 2305 non
377 2237 541 2302 exaudiam
557 2259 631 2302 vos:
650 2247 790 2323 quaerent
805 2239 962 2342 memnii,
984 2253 1015 2308 et
1029 2267 1094 2320 non

67 2352 265 2418 ‚invenient
295 2350 444 2416 Oderunt
468 2348 552 2414 enim
577 2348 779 2435 sapientiam
808 2349 956 2417 timorem
986 2366 1095 2422 autem

68 2461 216 2528 vssomini
231 2482 298 2524 non
322 2467 575 2545 assumpseruntr
599 2479 704 2543 neque
723 2454 872 2524 volebant
893 2462 972 2528 meis
990 2473 1096 2532 atten-

67 2603 78 2629 ι
94 2571 164 2636 dere
179 2566 344 2636 consiliis:
368 2567 605 2635 subsannabant
619 2575 727 2630 autem
741 2588 829 2630 meas
843 2567 1093 2658 redargutiones.

64 2683 167 2770 sErgo
185 2677 363 2744 comedent
378 2675 435 2740 viee
453 2697 518 2738 snae
539 2673 675 2748 fructus,
699 2682 732 2737 et
752 2695 808 2740 sua
828 2675 971 2763 ipsorum
987 2680 1101 2769 impie.

62 2821 73 2848 ι
87 2802 149 2858 tate
164 2789 401 2855 saturabuntur
413 2785 424 2818 ²
428 2829 639 2849 .........
656 2811 668 2844 a

301 2959 503 3026 (Desiderantur
512 2957 552 3006 bic
564 2956 664 3021 pagiua
673 2956 776 3006 circiter
788 2957 865 3022 trra.)

101 3119 213 3188 Ltht.
238 3117 412 3203 inspector
432 3111 580 3182 omnium
592 3108 700 3184 Deus¹
714 3108 882 3197 spirituum
895 3111 1051 3178 Dominus
1068 3125 1101 3179 et

62 3233 155 3298 herus
170 3229 336 3294 universae
351 3221 471 3293 carnis3
490 3219 547 3308 qui
562 3218 658 3307 elegit
675 3218 849 3284 Dominum
864 3221 977 3286 Jesum
994 3221 1104 3289 Chris-

62 3353 142 3414 tum,
159 3347 194 3403 at
206 3359 267 3424 per
277 3354 357 3397 eum
367 3353 424 3394 nos
435 3330 468 3394 in
477 3327 633 3418 populum
645 3327 859 3416 peculiercm¹
871 3353 880 3401 ;
895 3331 982 3395 omni
994 3333 1104 3401 animae

64 3475 130 3538 quae
151 3441 358 3513 invocaverit
377 3437 582 3526 magnificum
602 3448 635 3501 et
652 3447 801 3503 sanctum
819 3459 938 3501 nomen
956 3439 1036 3528 ejus,
1052 3443 1105 3510 det

68 3561 173 3632 sedem,
191 3557 364 3622 timorem,
379 3569 506 3634 pacem,
522 3544 721 3634 patientiam,
736 3545 1012 3632 aequanimitatem,
1025 3573 1102 3618 con-

67 3667 247 3740 tinentiam,
275 3659 454 3752 puritatem
479 3665 512 3720 et
537 3655 797 3742 temperantiamt
828 3665 862 3720 ut
886 3658 1005 3736 nomini
1033 3665 1102 3752 ejus

72 3789 153 3868 prata
170 3777 230 3848 site
250 3794 311 3862 per
326 3787 491 3835 summum
506 3761 725 3858 Sacerdotem,
741 3773 773 3830 et
782 3774 950 3853 patronum
963 3782 1106 3838 nostrum

106 3911 113 3943 ¹
128 3925 136 3956 ι
149 3909 204 3957 rev.
213 3915 246 3964 v,
259 3901 283 3953 5.
295 3899 346 3939 -2
356 3899 429 3950 Pver.
443 3913 462 3956 r,
478 3895 515 3944 23.
529 3892 578 3932 -Ι
591 3893 667 3944 Dent.
680 3909 723 3954 vn,
736 3893 760 3942 6.
