2640 4622
229 274 380 322 arenosos
403 273 465 321 cau
487 263 649 317 mauman
671 267 786 312 ranno.
956 246 1020 331 509

13 399 35 450 t
61 407 227 454 occursus
237 387 307 474 ejas
317 405 417 471 usquc
433 381 474 448 ed
488 401 648 448 summum
664 376 735 443 coeli
754 399 762 438 ε
780 397 840 442 nac
855 387 902 440 est
919 376 1021 462 quise

10 496 196 562 bscoudat
209 518 227 560 a
243 493 347 560 calore
361 487 458 579 cjus¹.
474 517 488 554 s

10 603 138 672 LXV.
158 605 218 672 Hie
231 603 362 691 Trypho
377 623 384 664 τ
399 600 461 668 Tot
482 598 729 686 seripturarum,
753 594 867 682 inquit,
885 594 1025 660 auctori-

15 734 44 774 ο
74 723 263 798 permotus,
278 712 417 778 incertus
436 730 505 774 sum
522 705 617 772 animi
635 704 710 792 quid
728 703 767 768 do
788 698 838 770 illu
861 700 1024 788 Scriptura

10 815 198 906 :amiqua
212 818 297 883 Deus
309 812 393 905 apud
409 803 532 882 Esaiam
548 810 626 880 nulli
641 810 693 876 alii
711 807 840 899 gloriam
858 829 948 874 suam
966 806 1025 872 da-

10 946 109 988 rum
129 946 162 988 se
179 947 246 990 essa
266 923 403 990 declarat
417 923 465 988 his
486 921 589 988 verbis
606 942 614 982 ε
634 945 647 978 a
662 920 728 1007 Ego
743 916 896 984 Dominus
910 916 995 982 Deus
1012 938 1021 988 ;

13 1052 88 1096 roc
117 1053 233 1097 nomen
254 1053 361 1096 meum
383 1054 391 1094 ε
414 1041 446 1096 ct
465 1027 597 1118 gloriam
618 1049 724 1092 meam
739 1023 828 1094 alteri
846 1047 912 1090 non
927 1023 1022 1099 dabo,

10 1160 131 1224 reque
146 1139 276 1204 virtutes
294 1136 410 1203 meas².
430 1164 443 1198 ι

21 1245 84 1308 At
101 1267 162 1334 ego
181 1268 191 1310 z
214 1245 249 1312 Si
269 1243 464 1334 simpliciter,-
482 1246 622 1334 inquam,
640 1266 679 1310 ac
702 1244 781 1310 citra
799 1241 1024 1330 malignitatem

10 1376 30 1416 s
44 1353 161 1418 verbis
173 1353 309 1421 recitatis
322 1354 512 1430 conticuisti,
525 1353 667 1442 Trypho,
680 1374 740 1418 noc
750 1373 787 1418 ea
798 1349 946 1440 prefatus
957 1371 1025 1436 quae

10 1461 197 1537 merdant,
213 1485 273 1528 nec
284 1487 352 1551 quae
365 1473 603 1550 consequuntur
614 1461 823 1549 subjungenss
839 1458 896 1522 tihi
908 1458 1027 1545 ignosci

10 1581 113 1633 stent.
137 1569 193 1634 Sin
212 1572 379 1636 autem‘ob
398 1594 467 1636 cam
485 1593 626 1644 causam,
649 1567 735 1656 quod
750 1579 782 1636 te
802 1564 1026 1632 existimaveris

15 1677 247 1764 epulationem
258 1679 290 1744 in
306 1701 359 1743 cus
369 1679 528 1768 angustius
539 1677 698 1764 conjicere
712 1698 817 1764 posse,
833 1685 868 1738 ut
881 1669 1027 1760 Scripta-

10 1809 39 1847 ιε
63 1784 152 1848 iuter
174 1808 207 1850 sa
227 1785 366 1864 dicerem
385 1809 541 1874 pugnares
565 1785 684 1850 errasti.
704 1784 743 1850 id
760 1784 845 1858 enirn
865 1803 1028 1868 nunquam

10 1891 129 1954 udobo
153 1913 213 1956 nac
235 1894 374 1980 cogitare
397 1915 458 1958 nec
479 1892 602 1966 dicere;
628 1891 684 1960 sad
704 1892 729 1956 si
751 1914 820 1978 quae
835 1902 1044 1978 proponatur-

13 1999 169 2083 criptura
185 2020 255 2086 quae
266 2000 421 2085 ejusmodi
436 2023 504 2064 csse
515 2001 669 2074 videatur,
681 2012 713 2064 et
729 2009 928 2086 praetextum,
940 1999 1030 2086 quasi

10 2117 86 2168 sset
109 2103 199 2170 alteri
221 2107 389 2182 contraria,
416 2109 577 2195 praeheatc
591 2127 665 2174 cum
689 2129 873 2194 persuasam
894 2106 1029 2174 habeam

13 2212 125 2278 ullam
141 2211 339 2301 Scriptorum
362 2214 452 2280 alteri
475 2215 665 2282 contrariam
684 2237 767 2292 csse,
788 2215 910 2283 satehor
925 2214 1029 2302 potius

11 2350 48 2389 re
70 2347 136 2390 non
157 2324 331 2415 intelligere
345 2349 416 2415 quae
431 2327 593 2402 dicuntur,
609 2339 641 2392 et
661 2327 697 2392 iis
712 2326 765 2414 qui
786 2325 965 2413 Scripturas
986 2325 1032 2388 in-

11 2458 46 2496 rr
61 2457 97 2497 se
112 2456 251 2520 pugnare
266 2435 478 2522 suspicantur,
496 2448 531 2502 ut
546 2437 631 2502 idem
642 2436 745 2524 potius
757 2457 796 2502 ac
808 2458 867 2522 ego
879 2435 1029 2507 sentiant,

11 2539 195 2604 tersuadere
207 2543 361 2606 conabor.
387 2543 459 2622 Quo
477 2554 583 2609 autem
602 2543 708 2608 animo
724 2541 807 2610 hanc
823 2541 1030 2632 quaestionem

11 2645 160 2722 esurus,
178 2649 263 2712 novit
278 2648 372 2716 Deus.
393 2650 460 2737 Ego
479 2662 586 2716 autem
601 2649 801 2737 Scripturam
817 2650 920 2722 vohis,
936 2649 979 2712 ita
997 2658 1034 2710 ut

12 2773 148 2840 ¹xpressa
163 2767 223 2831 cst,
242 2758 275 2820 in
293 2757 479 2822 memoriam
495 2758 648 2846 redigam,
670 2770 705 2822 ut
726 2759 823 2824 etiam
839 2779 879 2820 ex
894 2756 956 2820 hac
976 2775 1033 2819 co-

12 2862 161 2942 ;uoscatis
180 2861 284 2929 Deum
306 2863 364 2930 soli
380 2864 510 2932 Christo,
526 2889 582 2930 suo
599 2865 730 2954 gloriam
750 2866 835 2930 dam.
860 2863 1031 2930 Rosumam

12 2981 113 3032 rutam
126 2991 225 3054 pauca
240 2972 385 3059 quedam
396 2973 504 3045 verita,
517 2996 537 3037 o
549 2972 619 3047 viri,
635 2974 799 3061 exquibus
814 2996 851 3038 aa
868 2995 937 3060 quae
954 2993 1030 3060 pro·

12 3073 81 3138 ulit
92 3073 234 3161 Trypho,
248 3099 327 3142 noxa
349 3090 382 3142 et
397 3079 580 3145 continuata
596 3093 686 3152 suuts
704 3081 818 3148 deiude
835 3104 872 3148 ea
887 3080 1031 3148 similiter

13 3201 80 3264 puae
93 3181 314 3246 consecutione
329 3183 499 3269 conjuncta
515 3195 598 3250 sunt.
618 3185 726 3273 Neque
737 3187 823 3252 euim
837 3185 898 3251 alio
909 3210 948 3250 cx
959 3184 1030 3250 loco

13 3286 181 3372 molerem,
197 3287 253 3351 sed
268 3289 310 3352 ita
329 3301 365 3354 ut
379 3313 411 3355 se
426 3291 557 3368 hahent,
574 3294 606 3360 iu
623 3317 721 3360 uuum
732 3317 811 3362 nexa
826 3306 859 3362 et
874 3295 1033 3360 cohaercn-

13 3395 61 3460 ia.
79 3395 125 3462 Ac
136 3420 191 3464 vos
208 3395 285 3462 mihi
298 3399 438 3468 animum
449 3401 609 3469 advertite.
627 3403 709 3472 Sunt
727 3414 832 3471 autem
849 3402 1027 3492 ejusmodi:

13 3529 26 3562 α
40 3505 96 3570 Sic
108 3505 183 3570 dicit
197 3505 351 3572 Dominus
362 3508 460 3585 Deus,
476 3513 530 3598 qai
540 3511 615 3578 iecit
630 3513 746 3581 coelum
763 3527 795 3582 et
812 3511 920 3582 defixit
938 3509 1028 3586 illud,

14 3641 19 3672 s
37 3615 90 3700 qui
105 3613 239 3680 iirmurit
254 3628 371 3682 terram
388 3629 421 3682 et
437 3611 506 3705 quai
524 3620 556 3684 in
573 3643 622 3696 aa,
644 3623 744 3710 etqui
760 3623 813 3690 dat
828 3622 1028 3710 spirationem

14 3749 20 3781 ι
36 3720 150 3811 populo
164 3725 218 3813 qui
236 3747 331 3813 super
345 3749 428 3801 eom,
446 3740 479 3796 et
491 3729 636 3822 spiritam
652 3729 845 3799 calcantibus
860 3756 939 3800 eam.
962 3735 1027 3822 Ego

43 3853 51 3884 ¹
64 3851 124 3901 Paal.
134 3869 205 3912 xrru,
218 3871 239 3904 ι.
252 3884 283 3894 -
293 3855 304 3888 ²
314 3857 378 3906 Esai.
392 3874 450 3916 acu,
461 3859 483 3908 S.

102 3959 120 4000 ¹·
837 3954 878 4028 24
