2688 4626
353 225 394 268 au
417 225 542 269 (tucos
564 221 776 268 GOEOBTthO·
1021 225 1077 286 177

33 325 82 392 O
111 327 237 406 Solon,
249 328 364 405 Solon,
379 332 473 419 pueri
488 352 615 418 semper
625 330 699 397 estis
710 329 830 405 Graeci,
846 349 909 396 neo
918 331 1081 420 qnisquam

40 447 151 500 rates·
168 435 307 503 Graeeos
324 459 433 504 senex.
448 463 461 500 s
475 437 518 504 Et
538 460 669 504 ramus:
687 435 953 516 «Adolescentes,
971 439 1084 527 inquit,

33 545 189 612 animis
204 567 334 636 semper
349 546 448 614 estis:
465 545 588 613 nullam
603 547 689 612 enim
705 547 738 614 in
755 545 816 614 illis
830 569 870 614 ex
886 548 985 614 veteri
1000 547 1087 614 andi·

33 653 159 720 sione
176 654 368 742 opinionem
382 655 547 744 antiquam
562 654 697 730 hahetis,
715 675 778 722 nee
790 651 893 720 ullum
908 654 960 720 die
975 675 1088 722 canes-

33 783 150 828 cens
170 761 368 829 institutum.
390 761 454 830 Sed
470 762 668 852 ignoratione
686 759 850 837 taboratis,
868 779 908 828 eo
926 760 1015 849 quod
1033 761 1088 850 qui

33 871 265 960 superstites
273 871 313 939 ad
322 869 437 936 mum
443 870 659 945 atatesluere,
672 853 777 935 mutia
785 867 898 934 litteris
905 867 1077 936 obierint.»

36 979 126 1046 lud
142 1001 248 1068 porro
263 981 427 1047 selendum
440 992 489 1046 est
501 979 667 1046 historiam
682 973 811 1046 om'nem
826 976 941 1043 litteris
956 977 1084 1046 Graeeo·

33 1109 125 1164 rm,
135 1108 297 1176 quaesere
305 1090 530 1165 inventarsnnt,
539 1111 607 1155 esse
615 1087 1085 1178 conseriptamtaosivepoete⁴

33 1217 106 1260 nm
121 1197 203 1284 quis
213 1196 430 1286 antiquorum,
443 1199 507 1264 sive
519 1195 745 1286 legislatorum,
761 1195 828 1261 sire
838 1193 1082 1272 historicorum,

33 1307 97 1370 ive
114 1303 390 1395 philosophorum
407 1317 463 1372 aut
476 1306 645 1373 rhetorum
662 1302 845 1372 meminisse
862 1302 1010 1381 voluerit,
1030 1327 1085 1370 eos
1207 1303 1209 1313 ’

33 1412 186 1500 operiet
204 1415 320 1503 ingenii
331 1414 380 1480 sni
390 1426 600 1482 monumenta
612 1411 723 1479 litteris
738 1412 859 1480 Graecis
871 1413 1080 1502 eonsignasse.

67 1522 183 1590 xlll.
206 1523 304 1604 Quod
321 1525 349 1590 si
365 1523 435 1612 quis
453 1525 541 1591 dicat
559 1523 656 1590 blesis
671 1545 799 1612 quoque
815 1535 848 1588 et
863 1521 999 1588 aliorum
1012 1547 1089 1612 pro-

33 1632 224 1696 ·hetarum
239 1629 337 1698 libros
348 1631 470 1698 Grecis
485 1631 621 1720 scriptos
636 1653 703 1696 esse
718 1630 848 1704 litteris}
870 1630 971 1697 diseat
985 1629 1024 1707 is,
1040 1653 1092 1696 ex·

33 1763 140 1806 orna
169 1737 282 1828 legens
306 1740 448 1806 historia
474 1750 702 1814 monumenta,
733 1735 940 1804 Ptolemaeum
966 1737 1094 1828 AEgypti

33 1869 182 1936 egem,
198 1869 276 1912 eum
285 1845 519 1912 bibliothecam
529 1845 726 1912 Alexandriae
737 1847 975 1922 construxisset,
993 1869 1093 1936 eaque

33 1960 153 2024 libris
171 1957 314 2043 undique
333 1955 541 2044 comportatis
558 1953 689 2045 repleta,
707 1965 816 2044 postea
834 1955 995 2022 didicisset
1016 1958 1094 2024 anti-

33 2089 136 2154 quas
151 2063 301 2130 historias
311 2063 476 2130 Hebraicis
487 2062 598 2128 litteris
606 2063 736 2151 scriptas
748 2060 913 2152 diligenter
922 2066 1088 2138 assertoris

33 2172 217 2261 cupidum
232 2171 302 2238 haeo
317 2173 433 2260 scripta
448 2172 671 2262 cognoscendi,
686 2171 884 2262 septuaginta
900 2173 1092 2260 sapientibus

33 2286 123 2351 siris
138 2305 246 2372 grene
261 2293 294 2348 et
304 2283 454 2349 hebraice
471 2282 656 2360 scientibus,
672 2306 753 2372 quos
763 2282 968 2372 «ierosolymis
986 2305 1094 2354 aecer·
1160 2351 1162 2356 ,

40 2397 185 2470 siverat,
205 2393 238 2458 id
257 2392 376 2482 negotii
396 2393 520 2459 dedisse
536 2406 571 2458 ut
589 2391 648 2460 hos
667 2391 770 2460 libros
785 2393 1073 2482 interpretarentur
1079 2417 1089 2468 ς

47 2515 156 2590 atque
176 2513 210 2566 ut
230 2502 270 2567 ab
292 2500 386 2600 omni
401 2497 655 2590 interpellatione
676 2499 767 2567 liberi
791 2499 885 2568 eitius
906 2501 1094 2590 interpreta-

47 2613 181 2678 tionem
196 2609 405 2687 conficerent,
421 2612 551 2700 jussisse
567 2609 629 2676 illis
644 2631 709 2678 non
728 2612 761 2677 in
775 2609 842 2699 ipsa
856 2610 987 2699 quidem
1001 2609 1097 2684 urhe,

47 2721 107 2788 sed
123 2703 251 2810 septem
267 2719 309 2787 ab
323 2744 361 2786 ea
376 2721 499 2796 stadiis,
516 2721 573 2787 nbi
587 2717 710 2787 Pharus
725 2719 881 2786 edificata
896 2730 958 2796 est,
974 2729 1022 2783 tot
1037 2715 1101 2783 cel·

48 2829 138 2896 lulas
156 2840 236 2916 quot
250 2839 342 2894 erant
364 2829 567 2916 interptetes,
590 2825 673 2904 lieri,
690 2839 727 2894 ut
740 2845 800 2916 pro
816 2847 849 2892 se
864 2825 998 2913 quisque
1013 2847 1100 2914 sepa-

50 2941 156 3006 ratim
174 2937 472 3026 interpretationem
489 2935 691 3003 absolverent
696 2960 707 3013 ς
734 2935 808 3002 dato
826 2934 1001 3024 prepositis
1022 2931 1099 3002 huie

50 3050 101 3113 rei
117 3045 277 3112 ministris
292 3045 454 3120 mandato,
468 3057 504 3110 nt
517 3067 645 3110 omnem
652 3042 716 3110 illis
726 3042 856 3131 quidem
867 3043 1099 3110 humanitatem

53 3155 270 3225 exhiberent,
285 3151 342 3216 sed
355 3163 467 3218 mutuo
481 3149 687 3241 prohiberent
702 3173 884 3241 eongressu,
900 3161 937 3215 nt
951 3160 1099 3216 accurata

56 3259 339 3349 interpretationis
355 3258 513 3348 diligentia
528 3259 639 3326 saltem
655 3283 695 3326 ex
712 3261 854 3348 ipsorum
870 3279 1027 3325 consensu
1043 3278 1101 3321 co-

61 3367 182 3461 gnosel
192 3377 325 3456 posset:
342 3377 507 3456 postquam
522 3379 628 3434 autem
645 3369 794 3457 cognovit
815 3361 1014 3455 septuaginta
1032 3361 1100 3431 illos
1170 3357 1173 3378 ¹

64 3483 153 3546 siros
173 3499 240 3544 non
261 3473 367 3541 solum
381 3475 493 3540 eadem
508 3475 673 3551 sententia,
690 3474 747 3540 sed
760 3475 872 3540 iisdem
889 3474 986 3539 etiam
1000 3473 1100 3540 verbis

67 3611 140 3656 usos
157 3607 241 3661 esse,
258 3606 298 3652 ae
320 3606 362 3649 ne
381 3605 445 3650 una
465 3581 594 3671 quidem
614 3582 648 3648 in
661 3581 773 3648 rocula
789 3605 806 3646 a
822 3593 931 3648 mutuo
946 3603 1098 3678 consensu

71 3700 244 3771 aberrasse,
261 3691 319 3762 sed
334 3694 448 3760 eadem
464 3691 578 3762 iisdem
592 3693 633 3758 de
647 3693 742 3760 rebus
757 3693 928 3784 scripsisset
943 3705 1013 3762 tum
1024 3717 1099 3761 vero

75 3819 200 3895 stupore
210 3803 394 3893 perculsum
406 3827 445 3872 ao
461 3825 521 3892 pro
534 3811 621 3872 certo
633 3814 791 3872 tenentem
802 3827 863 3874 non
875 3806 942 3874 sine
953 3806 983 3872 ri
995 3805 1100 3871 divina
1219 3845 1224 3852 -

164 3937 184 3976 l·
902 3935 938 3978 12
