2688 4626
232 293 292 336 222
528 291 641 338 sarcrt
662 291 782 340 totum
805 294 959 341 unanima

231 399 447 487 (contendunt
461 398 547 467 enim
562 423 775 492 summopere,
791 415 828 468 ut
848 427 903 470 vos
918 427 1023 472 serres
1041 420 1073 472 et
1094 408 1257 476 ministros

226 509 380 581 habeant
398 519 438 576 a'e
455 527 542 576 nune
562 509 690 597 qrridem
706 525 764 599 per
784 511 979 580 somniorum
999 515 1077 592 risa,
1094 523 1183 583 nunc'
1201 525 1257 606 per

226 616 363 704 magicas
388 614 560 704 praestigias
579 637 634 680 eos
654 637 764 682 omnes
787 618 916 706 capiunt
941 621 996 708 qui
1018 621 1059 686 de
1077 645 1136 688 sua
1155 623 1256 691 sainte

224 722 302 790 nihil
323 721 483 814 laborant)
502 750 511 791 t
531 725 847 816 quemadmodumet
866 750 938 804 nos,
959 741 1131 818 postquam
1149 730 1255 799 Verbo

225 832 429 909 credidimus,
446 833 485 898 ab
501 833 568 899 istis
583 832 712 922 quidem
727 832 928 910 desoivimus,
946 857 984 901 se
1004 833 1110 901 solum
1132 837 1254 924 ingeni-

224 949 293 1003 tum
308 937 412 1004 Deum
428 961 485 1029 per
498 943 567 1030 ejus
582 938 700 1006 Filium
715 941 877 1029 sequimur
894 964 902 1006 t
922 953 956 1007 et
972 943 1026 1030 qui
1045 941 1122 1010 oiim
1141 946 1255 1034 stupris

169 1059 170 1062 ’
224 1050 455 1141 gaudebamus,
474 1071 562 1116 nuno
582 1049 802 1116 castimoniam
820 1049 914 1117 unice
929 1049 1156 1140 amplectimur
1174 1075 1185 1117 r
1203 1057 1255 1143 qui

223 1157 353 1247 magicis
368 1155 465 1222 etiam
479 1157 600 1222 artibus
612 1159 793 1233 utebamur,
808 1159 895 1224 bono
905 1170 939 1224 et
953 1159 1098 1249 ingenito
1112 1185 1166 1226 nos
1178 1185 1256 1228 con-

224 1265 416 1334 secravimus
431 1263 499 1330 Deo
514 1287 523 1328 ε
536 1264 591 1352 qui
602 1265 811 1352 pecuniarum
822 1278 855 1331 et
865 1253 1102 1355 posbessionum
1113 1270 1176 1335 rias
1188 1293 1255 1336 om·

223 1375 317 1441 nibus
329 1372 519 1461 antiquiores
534 1372 743 1450 habebamus,
757 1375 952 1441 nuncetiam
967 1397 1005 1441 ea
1024 1399 1096 1463 qum
1110 1379 1252 1465 posside

222 1507 293 1550 mus
301 1483 510 1550 incommune
518 1481 1250 1574 conferimus,eteumindigentibusquibusque
1342 1484 1343 1491 '

223 1589 496 1658 communicamus
511 1587 586 1677 :qui
602 1591 721 1655 mutuis
731 1587 812 1658 odiis
821 1601 854 1656 et
864 1591 1004 1657 oaedibus
1015 1594 1247 1681 pugnabamus,
1342 1644 1343 1647 ,

221 1709 255 1763 et
275 1719 351 1764 eum
367 1695 405 1763 iis
419 1696 473 1784 qui
487 1691 620 1762 tribules
638 1697 738 1762 nostri
758 1719 822 1765 non
836 1709 952 1774 assent,
977 1719 1189 1766 communem
1205 1702 1249 1766 ie

221 1826 296 1873 oum
315 1805 356 1872 ob
373 1805 493 1871 diversa
510 1803 651 1872 instituta
672 1825 737 1870 non
752 1803 959 1882 habebamus,
976 1829 1065 1873 nunc
1084 1821 1246 1896 postquam

222 1913 367 1980 Christus
380 1911 538 2003 apparuit,
554 1911 752 1979 convictores
767 1935 888 1990 sumus,
907 1926 940 1980 et
953 1936 1013 2003 pro
1029 1915 1173 1984 inimicis
1186 1940 1246 1982 ors·

220 2043 306 2096 mun
326 2034 358 2088 et
372 2023 427 2110 qui
442 2043 499 2088 nos
520 2020 634 2110 iniquis
648 2021 728 2087 odiis
746 2035 993 2111 prosequuntur,
1012 2047 1069 2091 eos
1088 2027 1245 2092 suadendo

218 2129 348 2198 flectere
363 2151 530 2205 conamur,
547 2130 651 2218 utqui
672 2130 848 2198 seeundum
865 2129 1016 2218 praeclara
1038 2131 1160 2200 Christi
1175 2155 1244 2222 praa

220 2251 311 2327 copta
327 2239 472 2315 vixerint,
485 2239 602 2304 bonam
618 2261 707 2328 spem
719 2239 857 2306 habeant
870 2237 982 2306 eadem
997 2263 1032 2307 se
1044 2265 1085 2308 so
1099 2267 1158 2310 nos
1168 2267 1184 2308 a
1194 2245 1242 2308 do

218 2348 374 2412 minatore
388 2345 532 2412 omnium
546 2347 614 2413 Deo
629 2360 889 2436 consequuturos.
908 2348 973 2414 Sed
992 2373 1034 2416 ne
1050 2353 1143 2418 vobis
1154 2351 1233 2416 rerba

170 2495 173 2502 ·
218 2457 294 2522 dare
313 2455 490 2532 videamur,
507 2477 610 2545 oparae
625 2457 764 2544 pretium
778 2479 846 2523 esse
866 2455 1025 2535 duximus,
1042 2481 1146 2547 pauca
1160 2481 1237 2546 qua-

218 2565 292 2630 dam
306 2565 457 2654 exipsius
474 2565 591 2631 Christi
606 2566 785 2654 praeceptis,
801 2578 970 2654 antequam
987 2565 1027 2631 ad
1046 2567 1241 2633 demonstra-

111 2722 120 2740 .
216 2675 335 2740 tionem
346 2675 521 2749 veniamus,
534 2692 793 2741 commemorare.
805 2671 906 2739 Breve
917 2685 1025 2770 autem
1036 2683 1067 2740 et
1077 2676 1233 2739 corebum

215 2783 274 2848 suit
297 2781 379 2850 illius
394 2782 520 2850 dicendi
536 2806 635 2872 genus
650 2805 738 2850 :non
752 2783 839 2849 anim
853 2781 992 2871 sophista
1008 2793 1078 2856 erat,
1094 2780 1149 2846 sed
1160 2783 1232 2868 ejus

214 2893 316 2958 oratio
330 2893 429 2959 virtus
444 2891 503 2958 Dei
518 2891 588 2958 suit.

92 3021 96 3032 ·
215 3069 216 3072 ,
257 2997 329 3064 XV.
341 2998 452 3087 Itaque
466 2997 507 3064 de
524 3000 667 3064 castitate
678 2996 877 3062 tantumdem
888 2997 987 3074 dixit:
1002 2997 1092 3077 «Qui
1102 2998 1235 3086 inspexe-

182 3179 188 3192 ,
215 3106 285 3173 »rit
307 3105 474 3170 mulierem
494 3107 535 3170 ad
555 3103 846 3192 concupisoendum
861 3115 956 3181 eam,
976 3107 1043 3193 jam
1065 3105 1238 3171 moe'chatus

213 3225 290 3279 »est
310 3212 343 3277 in
360 3209 457 3277 eorde
473 3209 558 3298 apud
578 3209 691 3276 Deum.
713 3209 781 3275 »Et
799 3233 807 3274 ι
828 3207 889 3274 «si
908 3207 1019 3275 oculus
1036 3221 1114 3274 tuus
1134 3209 1241 3275 dexter

214 3354 227 3388 a
243 3319 433 3392 scandalizat
444 3332 489 3394 te,
500 3341 577 3383 erue
587 3340 671 3383 eum.
686 3318 822 3408 Expedit
831 3318 983 3394 enim-tibi
996 3339 1099 3383 unum
1111 3319 1238 3386 otidum

212 3433 408 3499 »habentem
419 3427 545 3517 ingredi
559 3427 591 3493 in
606 3449 739 3516 regnum
755 3425 921 3504 cetorum,
936 3425 1041 3515 potius
1055 3449 1154 3514 quam
1166 3451 1237 3494 cum

211 3543 365 3610 »duobus
379 3539 462 3624 mitti
479 3537 512 3605 in
529 3537 635 3626 ignem
651 3548 813 3603 aeternum.
835 3533 918 3600 abt:
938 3534 1027 3614 ‹Qui
1048 3535 1239 3626 ducitrepu-

212 3675 224 3709 s
240 3645 357 3711 diatam
373 3647 412 3710 ab
428 3644 527 3710 altero
541 3643 621 3718 viro,
637 3639 883 3708 moeehatur¹cs
898 3641 959 3708 Et:
978 3665 990 3704 s
1007 3639 1093 3707 Sunt
1106 3641 1239 3730 quidam

209 3781 222 3815 a
239 3753 291 3840 qui
306 3751 446 3820 eunuchi
460 3751 534 3823 iacti
551 3752 676 3821 suntab
693 3749 873 3819 hominibus
890 3773 898 3814 ε
918 3760 992 3822 sunt
1005 3749 1064 3838 qui
1079 3751 1147 3818 nati
1162 3763 1238 3817 sunt

226 3875 350 3937 statana.
366 3892 389 3938 v,
403 3877 442 3926 28.
