2640 4622
271 343 420 388 nrauoons
443 343 505 386 cuu
528 342 690 386 raurnonu
711 343 827 385 sunno.
962 373 964 378 .
998 323 1060 410 589

21 455 165 528 habeas,
181 451 323 540 Trypho,
340 469 539 537 nequaqnam
550 425 675 535 proprio
690 469 747 512 nos
762 444 894 511 audacia
909 447 1060 515 adductos

20 585 112 634 osso,
132 573 168 625 ut
183 583 266 634 eam,
283 559 323 624 de
337 581 399 644 qna
414 555 567 644 quereris,
586 543 877 643 interpretationem
892 553 1061 622 adhihere-

23 693 121 740 mus;
142 667 357 734 testimonium
368 665 426 730 tihi
441 687 480 730 ex
490 664 557 752 ipso
572 663 661 728 Esaia
673 662 843 751 proferam,
859 665 913 752 qui
929 663 1060 732 Tanaim

24 800 164 864 quoquo
176 779 209 841 in
221 777 346 864 regione
357 773 483 862 AEgypti
496 770 595 838 malos
606 771 731 860 angelos
742 773 898 839 habitasse
909 773 953 838 ait
964 787 997 839 et
1008 775 1061 840 ha-

27 885 149 948 bitare.
174 883 257 949 Sunt
275 895 380 946 autem
394 881 463 946 haeo
480 881 598 945 verba:
616 877 694 946 «Vae
713 879 769 945 filii
784 881 975 948 desertores!
992 884 1062 951 haee

28 1023 43 1054 ι
61 993 142 1058 dicit
156 992 318 1057 Dominus.
342 988 471 1054 Fecistis
487 985 667 1062 consilium,
689 1009 754 1052 non
767 1010 825 1077 per
838 1011 902 1066 me,
922 1003 953 1055 et
968 1003 1061 1079 pacta

27 1133 43 1164 s
60 1127 128 1169 non
150 1101 371 1190 perspiritum
386 1121 506 1172 meum,
527 1109 562 1162 ut
581 1097 739 1162 adderetis
758 1109 888 1188 peccata
904 1102 1058 1190 peccatisr
1109 1135 1114 1148 .

28 1243 43 1273 ι
59 1211 199 1300 maligne
214 1221 354 1298 agentes,
374 1221 410 1273 ut
427 1207 661 1274 descenderetis
678 1209 711 1274 in
729 1199 902 1297 AEgpiptum
920 1211 988 1296 (me
1003 1236 1062 1278 au-

28 1351 44 1382 »
60 1335 128 1385 tem
141 1343 206 1385 uon
217 1318 524 1406 interrogaverunt);
542 1327 579 1381 ut
593 1316 775 1404 acciperent
790 1316 973 1384 auxilium'a
984 1319 1062 1386 Pha-

28 1461 45 1492 »
62 1454 172 1504 raone,
189 1439 222 1492 et
238 1438 417 1516 tegerentur
435 1422 621 1516 umbraculo
639 1423 870 1514 AEgyptiorum.
895 1425 964 1516 Erit
978 1429 1063 1494 enim

28 1569 44 1602 ι
61 1538 151 1604 vohis
165 1537 320 1625 protectio
335 1533 506 1600 Pharaonis
521 1533 553 1599 in
569 1531 801 1608 confusionem,
817 1546 849 1598 et
863 1534 912 1599 his
924 1535 978 1623 qui
990 1559 1064 1604 con-

31 1679 46 1709 ι
63 1648 167 1712 sulunt
182 1647 214 1710 in
231 1643 385 1732 AEgyptiis
401 1642 619 1730 opprobrium.
638 1639 720 1705 Sunt
733 1642 819 1708 enim
834 1643 869 1706 in
881 1641 961 1709 Tani
980 1646 1064 1732 prin-

32 1787 47 1818 »
62 1757 163 1844 cipes,
187 1749 289 1840 angeli
310 1749 450 1838 maligni.
476 1749 607 1814 Frustra
625 1746 816 1815 laborabunt
833 1751 874 1814 ad
895 1750 1062 1840 populum,

32 1895 47 1926 ι
64 1863 120 1950 qui
135 1863 180 1926 eis
199 1883 264 1924 nou
278 1857 420 1948 proderit
433 1856 475 1921 ad
489 1855 653 1931 auxilium,
670 1855 726 1921 sed
740 1856 782 1920 ad
797 1856 1014 1924 confusionem
1032 1872 1065 1925 ot

35 1965 333 2060 »opprobrium⁴.»
357 1965 422 2030 Sed
443 1977 476 2030 et
497 1963 665 2030 Zacharias
685 1965 774 2040 dicit,
797 1968 1065 2054 quemadmodum

35 2081 106 2169 ipse
125 2074 390 2148 commemorasti,
408 2070 593 2138 «diabolum
610 2074 765 2138 stetisses
783 2073 900 2140 dextris
918 2076 994 2142 Jesu
1012 2100 1064 2142 sa-

33 2217 48 2250 »
65 2186 250 2252 cerdotismt
261 2182 479 2248 adversaretur
489 2181 532 2257 ei,
543 2190 576 2245 et
586 2181 758 2247 Dominum
769 2181 881 2248 dixisse
895 2206 903 2247 :
917 2184 1064 2273 Increpet

33 2307 95 2360 »to
116 2294 280 2366 Dominus,
303 2291 356 2378 qui
379 2290 515 2378 suscepit
536 2287 791 2356 Hierusalsmt»
815 2290 862 2357 Ac
881 2315 1009 2358 rursum
1028 2293 1061 2362 in

31 2406 115 2470 libro
129 2403 191 2468 Joh
208 2401 435 2488 scriptumest,
453 2410 488 2461 ut
503 2411 535 2462 et
550 2398 617 2486 ipse
634 2397 752 2475 dixisti,
771 2399 923 2488 «angelos
940 2404 1062 2468 venisse
1178 2459 1184 2466 .

35 2543 49 2574 ι
67 2525 101 2576 ut
116 2512 292 2576 assisterent
308 2531 414 2574 coram
429 2507 566 2572 Domino
572 2530 582 2580 ς
605 2518 637 2572 et
655 2506 816 2574 diabolum
835 2532 897 2575 una
914 2510 1063 2578 cumillis

34 2655 49 2685 ι
64 2621 187 2686 affuisse
197 2619 219 2684 ¹.
234 2649 247 2680 ι
261 2619 300 2685 Et
317 2641 335 2682 a
351 2615 438 2682 Mose
456 2615 492 2682 in
505 2617 661 2706 principio
679 2617 809 2684 Genesis
829 2622 983 2709 scriptum
1006 2622 1064 2686 ha-

35 2739 147 2800 bemus
162 2731 259 2794 Evam
274 2752 291 2794 a
308 2737 452 2815 serpente
467 2728 632 2815 deceptam
645 2727 752 2802 fuisse,
769 2751 908 2816 eumque
924 2730 998 2794 diris
1013 2729 1063 2794 de

34 2853 152 2908 votum.
175 2841 215 2904 lit
236 2839 268 2902 in
289 2833 426 2924 AEgypto
447 2853 555 2922 magos
575 2834 691 2900 scimus
712 2845 842 2900 conatos
861 2857 929 2900 esse
948 2837 1062 2901 imitari

34 2953 181 3016 virtutem
204 2944 304 3018 illam,
328 2964 425 3029 quum
446 2964 504 3028 per
526 2938 653 3006 fidelem
674 2941 828 3006 famulum
848 2942 932 3007 Deus
952 2965 1063 3030 opera-

34 3063 138 3123 batur.
160 3053 227 3121 Ncc
246 3075 301 3116 vos
320 3048 397 3113 latet
416 3048 528 3113 dixisse
545 3048 722 3114 Davidem:
751 3049 813 3116 Dii
829 3053 978 3139 gentium
995 3053 1063 3118 ἀω-

36 3167 159 3228 monia.

81 3269 212 3338 LXXX.
232 3269 282 3336 Ad
296 3268 365 3334 haec
379 3267 533 3356 Trypho:
553 3268 625 3334 Jam
641 3270 712 3343 tihi,
728 3271 844 3357 inquit,
861 3273 937 3347 dixi,
954 3273 1016 3338 ida
1032 3287 1062 3338 tc

40 3387 73 3448 in
87 3381 236 3448 omnihus
252 3378 422 3467 provideri,
436 3391 472 3442 ut
485 3379 655 3468 Scripturis
671 3379 849 3468 implicatus
865 3381 897 3447 in
909 3394 979 3447 tuto
993 3407 1065 3448 ver-

36 3492 121 3556 seris.
142 3487 206 3553 Sed
221 3509 279 3574 age
295 3484 347 3550 dic
361 3484 462 3550 mihi:
477 3508 550 3550 vere
562 3487 648 3552 hunc
663 3511 718 3552 vos
730 3487 1003 3576 ierosolymorum
1016 3489 1063 3556 lo-

38 3621 112 3662 cum
127 3596 338 3660 instauratum
350 3591 387 3655 iri
404 3590 557 3666 fatemini,
570 3614 608 3657 ac
619 3590 772 3680 populum
785 3607 924 3664 vestrum
935 3620 1063 3686 congra-

35 3716 141 3795 gatum
159 3703 211 3779 iri,
234 3713 358 3794 etcum
375 3699 501 3768 Christo
518 3701 609 3766 beate
625 3701 784 3768 victurum
798 3705 983 3794 exspectatis
999 3731 1062 3776 una

73 3943 151 3991 ¹lissi.
165 3957 222 4000 m,
236 3957 256 3990 ι.
269 3967 299 3979 -
310 3939 320 3974 ²
330 3939 409 3991 Zach.
421 3957 459 3999 ιιι,
475 3937 690 3998 1.-³toh.1‚6.
