2710 4662
271 225 332 285 118
692 245 874 286 enarrarunt
969 279 974 286 .

266 349 424 416 Troadem
445 363 488 414 ‘et
515 348 691 438 Neapolim,
718 351 843 416 transiit
872 351 968 440 pedes
995 375 1053 440 per
1080 351 1258 438 Philippos
1280 365 1304 412 et

267 458 499 532 Macedoniam,
515 480 568 523 eas
581 479 652 546 quse
667 469 741 523 sunt
761 459 794 524 in
811 459 859 523 ria
874 459 1010 526 invisens
1024 455 1202 532 ecclesias,
1219 469 1304 544 atque

268 567 302 634 in
322 568 367 632 eis
387 567 519 641 docens,
542 565 723 642 exhortans,
747 565 916 642 disserens,
935 566 1071 634 liatrum
1091 563 1302 654 simpliciores

267 699 306 742 ac
332 673 554 742 imbecilliores
577 673 784 748 confirmans,
808 673 1003 741 etefficiens
1023 685 1060 739 ut
1081 695 1209 739 omues
1236 673 1303 759 sip

267 785 370 850 latent
389 795 557 870 essentque
577 781 684 847 sobrii.
711 781 794 848 Cum
816 807 891 850 vero
914 763 1113 872 perrenisset
1134 781 1299 870 Epidamni

267 893 412 982 Epirum,
429 913 467 957 ac
482 911 570 954 mare
584 891 807 955 transmisisset
821 889 1019 956 Adriaticum
1034 903 1068 955 et
1082 887 1298 976 Tyrrhenum.

267 999 396 1092 appellit
407 997 624 1066 Romanorum
635 997 793 1066 Puteolos
813 999 957 1087 Hospitio
970 1011 1081 1064 autem
1095 1009 1257 1086 exceptus
1270 999 1299 1061 si-

268 1107 334 1175 mul
358 1131 433 1174 eum
455 1106 608 1174 militibus
632 1109 671 1174 ab
693 1107 730 1173 iis
749 1108 804 1196 qni
825 1105 891 1174 illic
908 1120 1000 1172 erant
1017 1104 1296 1190 fidelibus,ftr·adi-

268 1232 364 1307 taque
379 1214 439 1282 illis
451 1239 577 1306 quoqne
589 1215 776 1282 salutatione
792 1217 824 1280 in
840 1216 990 1291 Domino,
1007 1215 1094 1282 verrit
1112 1213 1295 1289 Romamet

269 1329 389 1396 sistitur
407 1338 482 1392 ante
497 1325 796 1415 praefectum‘nrbia.
820 1326 850 1391 ls
865 1347 940 1414 ergo
960 1323 1199 1414 Theophorum
1213 1323 1292 1389 intui-

270 1451 333 1512 tus,
355 1434 530 1523 litterisque
548 1435 746 1524 imperatoris
765 1434 920 1522 acceptis:
944 1456 1021 1500 cum
1039 1435 1108 1499 dies
1131 1433 1293 1501 advenisset

271 1559 482 1635 opportunus,
499 1543 626 1632 quando
642 1555 711 1609 erat
725 1543 792 1608 dies
806 1543 905 1609 leatus
924 1555 956 1608 et
971 1541 1102 1608 celeber
1115 1540 1228 1632 populi
1239 1540 1291 1608 tte

271 1655 370 1730 mani,
392 1647 515 1719 inducit
530 1675 605 1718 eum
620 1651 653 1717 in
670 1651 814 1718 medinm
828 1651 1001 1727 theatrum,
1021 1651 1107 1717 sicut
1124 1674 1236 1740 nempe
1248 1651 1291 1734 jn-

270 1766 367 1832 bebat
381 1762 565 1851 improbum
580 1758 659 1825 illud
673 1759 815 1826 edictum
830 1759 1038 1848 imperatoris.

316 1869 439 1936 XXllI.
459 1869 543 1936 Cum
554 1891 631 1956 ergo
642 1868 787 1934 universa
799 1868 908 1934 civitas
919 1867 1044 1934 sederet
1055 1870 1091 1934 in
1107 1865 1235 1942 theatro,
1244 1891 1275 1932 as

242 1985 250 1999 ‘
273 1979 360 2046 denti
380 1979 492 2066 spiritu
510 1991 543 2042 et
562 1975 662 2043 oeulis
678 1979 743 2066 jam
758 1975 976 2066 spectaculum
992 1978 1175 2052 arentibus,
1199 1987 1290 2065 utpote

183 2067 187 2074 ⁸
267 2086 362 2174 quod
372 2087 438 2173 jam
449 2082 531 2150 fama
544 2087 662 2174 ubique
673 2087 902 2160 annuntiasset,
918 2085 1017 2172 Syriae
1032 2087 1221 2176 episcopum
1233 2108 1293 2151 cnm

273 2195 347 2262 soris
361 2173 430 2260 esse
444 2194 506 2260 hnc
520 2193 571 2259 die
587 2207 819 2282 pugnaturum
837 2215 1009 2259 conversus
1019 2192 1070 2259 ille
1079 2193 1120 2257 ad
1128 2192 1296 2281 populum.

163 2369 168 2377 ,
275 2327 350 2370 eum
365 2301 458 2392 plane
473 2325 626 2390 generoso
640 2315 673 2366 et
687 2302 845 2392 intrepido
861 2303 980 2378 animo,
999 2316 1034 2367 ut
1047 2302 1095 2390 qni
1108 2298 1297 2389 gloriaretur

275 2410 380 2480 acsibi
392 2433 583 2500 magnopere
595 2409 735 2500 placeret
746 2414 786 2478 ob
800 2425 1006 2502 apparentem
1017 2412 1161 2500 hanopro
1172 2409 1297 2475 Christo

276 2517 504 2608 ignominiam:
521 2516 601 2592 Viri,
618 2518 733 2607 inquit,
750 2517 897 2595 Romani,
914 2532 947 2584 et
957 2519 1120 2608 praesentis
1129 2517 1230 2606 buius
1240 2540 1296 2582 oer-

275 2627 401 2696 taminis
418 2631 610 2718 spectatores
616 2653 626 2702 t
651 2651 715 2695 non
732 2629 801 2696 baec
816 2629 894 2696 mibl
909 2628 990 2695 liunt
1006 2629 1047 2694 ob
1065 2613 1198 2716 aliquod
1211 2625 1295 2694 malr-

276 2737 399 2813 ficium,
416 2759 520 2824 neque
537 2749 573 2801 ut
587 2734 674 2802 luam
688 2759 798 2826 poenas
812 2760 983 2826 pravorum
993 2736 1191 2812 facinorum,
1205 2734 1251 2802 sed
1263 2745 1294 2796 ttt

274 2844 381 2910 Deum
395 2867 557 2932 essequam
582 2846 674 2933 cnjus
692 2845 823 2933 quidem
840 2858 952 2912 teneor
973 2845 1144 2921 desiderio,
1167 2831 1296 2932 ct'quern

277 2953 373 3039 cupio
391 2950 621 3018 insatiabiliter.
645 2953 725 3018 Sum
739 2953 827 3019 enim
844 2954 915 3042 ejus
930 2954 1141 3029 frumentum,
1164 2965 1200 3019 et
1214 2949 1295 3017 molor

276 3082 334 3150 per
350 3059 461 3130 dentes
474 3061 666 3138 bestiarum,
688 3075 724 3126 ut
743 3061 818 3127 liam
840 3063 868 3126 ei
884 3085 984 3150 purus
998 3061 1099 3150 panis.
1124 3062 1206 3127 Haec
1220 3058 1296 3126 dixit:

277 3182 373 3259 atque
393 3165 512 3232 dimissi
532 3167 640 3234 leones
661 3193 736 3234 eum
756 3171 863 3235 statim
883 3169 1097 3236 dilacerarunt
1118 3193 1159 3235 ac
1183 3171 1301 3236 desom-

277 3288 369 3351 runt;
392 3297 410 3342 a
427 3273 500 3341 solis
515 3275 699 3342 durioribus
717 3275 800 3343 illius
819 3279 942 3344 ossibus
955 3273 1178 3344 abstinentes:
1200 3279 1263 3342 viro
1276 3297 1301 3338 re

277 3409 351 3454 vora
366 3382 504 3472 impletis
520 3383 614 3457 votis,
630 3397 666 3448 ut
678 3385 787 3450 bestiae
799 3383 913 3450 {ierant
927 3386 958 3449 ei
972 3383 1173 3473 sepulcrum,
1192 3397 1227 3450 et
1239 3377 1302 3449 nibil

278 3494 436 3581 reliquum
452 3507 535 3560 asset
553 3495 695 3582 eorporis
713 3517 721 3556 ε
744 3506 854 3583 utpote
874 3495 961 3581 qnod
977 3495 1062 3559 Deus
1080 3492 1185 3580 pluris
1204 3495 1302 3558 tacere

280 3603 389 3668 famuli
407 3627 518 3691 procos
537 3618 568 3670 et
586 3627 729 3670 amorem
747 3605 787 3669 ad
807 3603 906 3669 finem
922 3604 1112 3692 perducere,
1133 3629 1234 3691 quam
1249 3599 1303 3666 elli·

232 3777 236 3780 .
281 3734 354 3780 cere
371 3723 407 3776 ut
429 3735 492 3778 non
511 3725 692 3802 tangeretur
707 3737 724 3777 a
740 3711 896 3804 leonibus,
915 3736 978 3801 quo
994 3737 1051 3777 suo
1065 3713 1189 3778 nomini
1204 3713 1304 3777 tribue-

281 3835 330 3888 ret
346 3821 489 3911 gloriam.
612 3851 619 3858 ·
