2780 4614
261 319 324 382 258
558 339 672 384 siucrr
695 341 816 384 iusruu
841 343 995 388 uiuariis

259 465 328 516 tum
339 451 409 540 ejus
422 447 523 516 sitium
533 451 710 516 etiamnum
719 474 835 540 negare
843 454 950 531 docet,
961 453 1057 520 aliam
1066 469 1178 523 autem
1191 479 1293 546 quem
1367 454 1375 474 ⁸

259 561 333 628 dam
346 573 462 649 printer
476 572 653 625 creatorem
670 561 889 627 universorum
904 563 1007 628 Deum
1023 564 1192 652 praedicat,
1206 587 1243 630 ac
1256 565 1292 631 si-

259 669 376 735 militer
391 669 489 736 alium
504 667 615 734 filium.
640 671 724 736 Huic
741 671 832 736 multi
855 673 1034 749 credentes,
1050 685 1087 740 ut
1105 674 1166 740 soii
1187 697 1293 740 verum

260 779 384 852 scienti,
404 801 462 844 nus
481 777 627 852 irrident,
647 775 768 845 nuliam
786 787 899 846 eorur'n
921 785 991 870 qu'ae
1010 783 1123 850 dicant
1145 785 1295 850 demem-
1379 805 1382 814 “

260 888 429 953 trationcm
445 888 614 960 habentesi
638 888 694 954 sed
713 888 808 956 stulte
828 889 913 956 aciat
928 894 1000 982 ugni
1020 915 1039 956 a
1058 891 1136 982 lupo
1153 897 1252 983 rapti,
1267 897 1296 959 ia
1381 939 1382 948 κ

260 995 400 1086 piaeaim
421 995 525 1084 impii
549 995 752 1084 opinionibus
775 1011 808 1064 u
830 1000 1029 1068 aemonias
1050 985 1185 1068 eunii.
1216 1000 1297 1069 uui

259 1109 344 1174 enim
365 1106 451 1172 aliud
465 1104 665 1174 contendunt
679 1122 712 1173 ct
733 1123 875 1198 pugnant
896 1111 916 1175 ii
937 1113 991 1198 qui
1008 1111 1162 1178 dicuntur
1181 1113 1301 1180 daemc-

260 1239 329 1294 nes,
348 1219 406 1284 nisi
427 1231 463 1283 ut
486 1219 631 1286 homiues
652 1243 669 1284 n
689 1232 832 1286 creatore
849 1221 918 1286 Deo
938 1235 970 1286 ct
991 1223 1205 1312 primogenito
1226 1225 1300 1312 ejus

135 1399 138 1404 ,
260 1329 387 1394 Christo
405 1329 575 1396 abducant.
600 1329 647 1418 Ac
664 1353 718 1394 ecs
733 1329 863 1417 quidem
878 1331 933 1418 qui
952 1353 986 1396 se
1001 1331 1102 1396 bama
1115 1331 1234 1397 toliere
1249 1355 1300 1397 ue·

263 1451 396 1526 queunt,
412 1441 545 1505 terrenis
561 1451 593 1504 ct
607 1438 795 1504 manufactis
807 1442 903 1505 rebus
918 1439 1087 1510 affixerunt
1098 1451 1131 1506 et
1147 1441 1295 1530 indignati

263 1550 318 1636 qui
337 1560 444 1614 autem
466 1571 499 1612 se
519 1549 560 1611 ad
581 1548 883 1637 contemplationem
904 1570 1012 1614 rerum
1034 1549 1218 1618 coeicstium
1234 1551 1302 1615 eri-

264 1671 355 1747 gunt,
371 1679 427 1722 ecs
440 1655 686 1746 supplantando,
707 1658 766 1723 nisi
787 1679 863 1723 sanc
878 1658 941 1724 sint
953 1659 1075 1748 judicio
1090 1672 1124 1724 ct
1138 1683 1257 1749 puram
1270 1671 1301 1724 et

264 1789 397 1834 vacuam
412 1766 508 1832 animi
524 1765 817 1854 perturbationibus
837 1766 932 1832 ritum
949 1765 1077 1856 degant,
1098 1767 1132 1834 iu
1152 1768 1298 1858 impicta-

262 1877 531 1966 temimpinguut,
1017 1873 1022 1883 '
1384 1957 1385 1962 ἵ

306 1986 391 2052 uix.
414 1986 518 2074 usque
538 1995 608 2050 ui
629 1983 813 2050 aunuum
834 1986 960 2062 iuius,
982 1987 1013 2050 iu
1031 1996 1094 2062 iu,
1115 2009 1133 2054 a
1154 1987 1298 2055 cuiun.
1384 1967 1385 1972 '

264 2117 321 2185 per
331 2095 506 2184 Prophetas
517 2091 653 2183 vulgatu,
667 2105 836 2182 acceptum
846 2107 914 2160 es'sc
925 2093 1107 2184 intelligatis
1118 2095 1209 2184 quod
1224 2097 1299 2164 dixit

264 2203 365 2279 Plato,
378 2205 495 2280 Deum,
509 2227 585 2269 cum
600 2204 766 2269 materiam
780 2203 950 2270 informem
965 2205 1124 2282 vertisset,
1139 2207 1297 2272 muudum

265 2315 390 2387 fecisses
414 2314 521 2379 audite
537 2314 614 2401 quid
633 2313 767 2378 totidem
786 2313 1160 2391 mittendariorum,
1180 2317 1297 2404 primus
1319 2327 1322 2332 '

265 2423 497 2512 Prophetarum
517 2433 549 2488 ct
569 2422 776 2510 scriptoribus
792 2422 941 2487 omnibus
961 2423 1127 2498 vetustior,
1151 2437 1188 2488 ut
1206 2444 1294 2514 sapiu

266 2533 563 2607 demonstravimus,
581 2551 751 2622 perquem
765 2531 906 2622 vSpiritus
919 2531 1127 2621 propheticus
1137 2533 1299 2622 monade
1385 2579 1386 2602 2

267 2642 425 2726 muudum
442 2643 528 2708 Deus
546 2644 636 2708 initio
651 2655 683 2709 et
698 2667 738 2710 ex
751 2643 867 2732 quibus
883 2631 1075 2717 condiderit,
1094 2641 1232 2708 declarat
1246 2641 1297 2706 bis

266 2753 391 2820 verbis:
411 2754 471 2818 «in
491 2753 647 2842 principia
667 2752 742 2819 iecit
761 2752 848 2818 Deus
866 2751 982 2818 coelum
1002 2765 1036 2817 ct
1049 2763 1169 2817 tunm.
1192 2749 1291 2815 Terra

267 2876 403 2929 »autem
425 2875 495 2928 crat
512 2861 674 2929 invisibilis
695 2875 728 2928 et
745 2861 969 2950 incomposita,
991 2873 1025 2926 ct
1046 2861 1176 2926 tenebrae
1194 2879 1295 2948 super

267 3003 280 3034 i
296 2977 445 3060 abyssum
459 2996 467 3037 ε
486 2984 519 3038 ct
532 2973 668 3060 Spiritus
677 2972 735 3038 Dei
748 2971 910 3036 ferebatur
920 2989 1016 3058 snper
1027 2993 1148 3058 aquam.
1162 2969 1205 3036 Et
1215 2969 1299 3036 dixit

263 3071 281 3147 ¹i
295 3083 402 3151 Deus:
420 3083 491 3148 Fiat
511 3081 584 3147 iux:
607 3094 639 3147 et
654 3083 736 3147 iactu
754 3093 802 3146 cst
821 3079 906 3146 lari‘.
922 3079 1056 3148 »Verbo
1075 3079 1171 3169 igitur
1186 3079 1247 3146 Dei
1260 3099 1303 3145 ex

268 3193 420 3282 subjectis
440 3205 474 3258 et
494 3191 618 3258 a-Mose
640 3191 809 3282 designatis
827 3191 922 3256 rebus
942 3189 1100 3254 muudum
1120 3189 1305 3256 nniversam

267 3327 336 3370 esse
351 3303 515 3369 cauditum
531 3313 563 3367 et
577 3301 679 3376 Pluto,
697 3313 730 3366 et
745 3301 798 3388 qui
814 3300 926 3366 eadem
938 3319 977 3365 ac
989 3297 1041 3364 iiic
1056 3299 1184 3375 dauni,
1200 3311 1233 3364 ct
1248 3319 1307 3366 nos

269 3414 329 3503 ipsi
343 3414 525 3489 didicimus,
543 3412 694 3498 vobisque
710 3410 785 3476 licet
801 3411 887 3475 idem
901 3409 1092 3499 perspicere.
1111 3408 1220 3496 Atque
1234 3429 1310 3474 cre-

269 3525 349 3590 bum
369 3525 479 3600 etiam,
503 3534 538 3588 at
564 3533 665 3611 poetic
692 3532 819 3595 vocant,
841 3519 930 3608 prius
950 3541 968 3584 a
991 3517 1079 3584 Mose
1100 3517 1227 3586 dictum
1246 3539 1311 3584 no—

269 3631 403 3698 vimus².

312 3740 381 3805 LX.
401 3741 442 3804 Et
456 3743 542 3829 qaod
557 3741 643 3831 apud
654 3738 820 3805 Platonem
834 3738 867 3803 iu
882 3735 1004 3802 Timeo
1017 3737 1310 3826 physicisratioui-

270 3851 331 3914 bus
353 3849 395 3914 de
416 3849 496 3915 Filio
518 3851 575 3916 Dei
602 3850 820 3939 investigatur,
849 3847 1016 3918 cumait:
1036 3848 1100 3912 «lit
1127 3845 1307 3913 decusserit

254 4024 259 4032 .
303 3981 386 4032 ¹Grn.
402 3999 420 4042 i,
437 3998 457 4029 i.
469 3981 606 4032 Anisa.
621 3997 698 4041 xxxii,
713 3997 750 4029 ii.
