2648 4634
218 285 282 366 446
492 264 494 269 ’
539 305 655 352 sineri
678 306 791 352 rnnnnr
815 307 876 352 crs.
903 310 935 354 rv

220 427 361 482 tumente
376 413 468 481 haect
481 413 738 502 quondoquidem
744 429 781 511 et
796 417 830 482 in
841 439 925 482 novo
936 416 1083 506 Apostoli
1098 418 1164 486 boc
1176 419 1257 484 idem

221 523 372 590 incientes
394 523 599 590 inveniuntur
618 535 749 614 propter
771 525 957 615 predictam
977 549 1127 606 causam,
1154 529 1258 594 statim

221 634 347 700 dicente
368 631 466 697 Panlo
483 655 492 698 r
510 632 613 699 «llaec
636 644 744 698 antem
765 656 825 723 ego
844 634 931 710 dico,
948 657 1014 700 non
1029 635 1221 701 Dominus¹.
1239 665 1250 698 s

224 745 264 810 Et
280 744 393 810 iterum
406 747 442 806 :s
455 742 525 808 Hoc
536 752 643 807 nutem
659 741 732 807 dico
747 742 925 809 seeundum
937 741 1186 833 indulgentiam,
1199 767 1254 810 non

224 881 238 916 ι
253 851 428 919 secundnm
442 849 670 940 praeceptum².
688 852 751 917 »Et
766 852 883 918 iterum
898 875 907 918 ε
929 879 943 914 ι
958 853 1006 918 De
1021 853 1201 941 virgindrus
1211 878 1255 918 sc

224 972 528 1050 itempraeceptum
544 961 670 1028 Domini
686 985 752 1028 non
766 963 886 1036 bsbeo;
902 963 1071 1032 consilium
1082 977 1198 1030 nutem
1209 965 1255 1038 do,

224 1085 401 1159 »tanquam
416 1070 666 1136 misericordiam
690 1084 913 1139 consecutusa
933 1073 1084 1152 Domino,
1103 1086 1140 1140 ut
1161 1073 1255 1140 tidelis

223 1212 237 1247 s
252 1180 340 1248 sim¹.
359 1179 446 1246 »Sed
461 1191 494 1244 et
509 1178 569 1246 olio
584 1177 655 1246 loco
670 1181 734 1244 sit:
748 1207 761 1240 ι
774 1180 819 1247 Νε
835 1193 937 1248 tentet
953 1205 1008 1251 vos
1022 1183 1160 1251 Sntsnss
1172 1209 1256 1273 prop

223 1320 237 1355 ι
253 1303 301 1356 ter
315 1289 579 1354 incontinentiam
594 1287 761 1354 vestrsm⁴-.
779 1317 792 1352 ι
806 1288 839 1354 Si
855 1289 952 1379 igitur
962 1305 994 1358 et
1009 1293 1042 1359 in
1058 1315 1145 1359 novo
1156 1291 1254 1358 Testr-

175 1459 188 1476 ,
225 1409 333 1464 mento
349 1396 496 1485 quaednm
512 1407 668 1484 praecepte
685 1396 862 1463 secundum
874 1399 1106 1488 ignoscentium
1120 1397 1254 1489 Apostoli

225 1504 437 1573 concedentes
452 1502 669 1580 inveniuntur,
684 1516 815 1593 propter
829 1507 1043 1592 quorumdam
1058 1507 1255 1574 incontinen-

225 1617 315 1691 tiam,
333 1623 368 1679 ut
383 1636 448 1680 non
463 1607 612 1678 obdurati
627 1610 717 1688 tales,
734 1612 768 1679 in
782 1623 887 1679 totum
907 1613 1114 1703 desperantes
1130 1615 1255 1681 salutem

208 1731 331 1800 sum,
347 1732 497 1813 opoststae
512 1719 591 1787 liant
609 1743 627 1786 c
646 1721 730 1794 Deo;
749 1745 813 1789 non
836 1735 962 1812 oportet
982 1725 1107 1801 mirari,
1131 1726 1157 1790 si
1179 1735 1211 1790 et
1228 1725 1255 1788 in

227 1834 325 1902 veteri
340 1831 543 1898 Testamento
564 1831 648 1897 idem
670 1830 755 1898 Deus
779 1831 841 1898 tole
862 1830 982 1922 aliquid
996 1833 1099 1900 voluit
1121 1831 1191 1899 lieri
1205 1857 1254 1922 pro
1305 1875 1306 1932 ρ

227 1942 361 2011 utilitate
377 1939 498 2031 populi,
519 1938 651 2007 illiciens
673 1963 728 2006 eos
747 1963 805 2030 per
825 1941 992 2031 praedictss
1010 1945 1252 2016 observationes,

227 2067 265 2120 ut
279 2077 337 2142 per
351 2073 404 2116 ess
420 2049 555 2116 salutem
570 2049 720 2138 Deoslogi
739 2051 941 2118 observantes
960 2053 1023 2118 sint
1037 2064 1072 2118 et
1087 2053 1207 2120 detenti
1219 2055 1251 2117 sb

228 2185 266 2228 eo
282 2184 346 2227 non
364 2169 601 2226 reverterentur
611 2157 653 2224 nd
667 2156 890 2234 idololatriam,
908 2181 969 2226 nec
983 2173 1138 2250 opoststae
1154 2161 1253 2228 lierent

227 2295 245 2336 a
261 2271 342 2344 Deo,
355 2267 409 2333 sed
421 2278 489 2332 toto
501 2267 600 2333 eorde
614 2267 773 2334 discerent
783 2267 913 2358 diligere
924 2292 1011 2336 eum.
1026 2270 1063 2337 Si
1079 2285 1187 2339 sutem
1197 2273 1254 2360 qui-

231 2381 318 2454 dam,
334 2387 466 2466 propter
480 2375 698 2442 inobedientes
713 2376 868 2444 lsrselitss
882 2389 914 2444 et
930 2379 1087 2468 perditos,
1103 2381 1253 2448 inlinnnm

233 2489 343 2554 dicunt
364 2485 456 2575 Legis
471 2485 650 2561 doctorem,
668 2487 828 2552 invenient
845 2487 879 2554 in
894 2511 931 2554 eo
945 2491 1117 2556 vocatione
1133 2515 1200 2581 que
1213 2501 1253 2556 est

232 2595 409 2664 secundnm
424 2616 495 2669 nos,
510 2592 628 2660 multos
643 2594 772 2683 quidem
787 2607 928 2674 vocatos,
943 2621 1064 2687 paucos
1087 2623 1162 2666 vero
1180 2599 1253 2666 eles-

232 2720 299 2780 tos;
314 2715 346 2770 et
361 2704 550 2770 intrinsecus
564 2700 668 2792 lupos,
680 2725 699 2768 s
710 2702 786 2770 loris
796 2727 871 2771 vero
882 2705 1010 2774 indutos
1025 2707 1126 2796 pelles
1137 2711 1252 2776 ovium:

232 2827 266 2882 et
287 2813 320 2880 id
341 2812 510 2902 quoderat
531 2827 657 2900 semper
676 2810 815 2880 liberum
833 2826 866 2880 et
886 2837 950 2882 suae
970 2819 1139 2905 potestatis
1161 2820 1191 2884 in
1205 2819 1256 2884 bo·

234 2925 332 2999 minc,
347 2941 474 3012 semper
490 2942 629 2988 servasse
648 2920 764 2998 Deum,
778 2933 813 2988 et
828 2946 918 2990 susm
939 2911 1210 3000 exhortationem:
1227 2939 1254 2992 nt

234 3037 317 3123 justo
331 3032 515 3123 judicentur
525 3032 580 3120 qui
591 3053 656 3097 non
668 3031 824 3098 obediunt
834 3035 876 3110 ei,
889 3037 1041 3123 quonism
1056 3061 1125 3104 non
1136 3037 1252 3104 obedie-

235 3154 325 3216 runt;
345 3141 446 3229 etqui
462 3140 652 3208 obedierunt
666 3152 700 3206 et
713 3141 918 3210 crediderunt
939 3145 983 3223 ei,
1006 3145 1204 3214 honorentur
1216 3145 1252 3212 in

234 3251 506 3342 corruptibilitate.

267 3386 278 3424 ¹
290 3403 299 3436 ι
312 3385 371 3438 Cor.
382 3401 426 3446 vn,
439 3399 476 3434 ιι.
491 3381 610 3433 -21ttc
621 3381 646 3432 6.
660 3409 691 3420 -
702 3381 712 3416 ⁸
723 3381 784 3431 ibid.
798 3383 837 3432 2⁵.
852 3383 973 3436 -t1ttd
986 3387 1009 3436 5.
