2808 4688
302 300 343 342 AI)
367 297 554 341 contutatus
578 298 729 341 EPISTOM
754 299 858 342 rurus.
1055 283 1094 366 59

59 429 146 494 orgo,
163 407 294 481 iratres,
312 429 434 493 exque
450 406 581 469 materis
597 407 696 470 creati
710 407 824 477 simus3
839 405 897 492 qui
909 419 943 469 et
953 405 1057 493 quales
1067 409 1099 474 in

60 514 220 580 mundum
237 513 377 602 ingressi
392 513 505 585 simus,
522 523 675 597 tanquam
692 535 710 576 e
725 511 871 599 sepulcro
890 523 925 576 et
943 516 1099 580 tenebris:

62 621 185 685 Auctor
203 633 238 682 et
257 619 370 706 opiiex
385 629 494 684 noster
512 618 543 682 in
562 619 718 682 mundum
737 642 827 682 suum
844 643 902 684 nos
918 621 1103 695 introduxit,

62 729 254 815 preparatis
269 737 348 792 ante
359 749 452 814 qnam
463 747 666 790 nasceremur
677 725 847 794 benefactis
862 729 934 792 suis.
953 729 1030 795 Haec
1046 731 1106 817 igi-

67 847 122 898 tur
142 836 255 900 omnin
277 837 320 899 ab
342 858 378 899 eo
397 835 557 907 habentes,
576 833 609 897 in
631 835 780 898 omnibus
799 835 912 922 gratias
924 836 993 922 ‘ipsi
1010 859 1103 925 agere

70 944 248 1014 debemus:
269 942 323 1008 cui
339 941 431 1028 gioria
446 941 477 1006 in
492 937 603 1004 secuta
620 938 818 1005 saecutorum.
841 941 956 1008 Amen.

113 1051 275 1116 XXXIX
301 1051 395 1116 Stulti
414 1063 446 1116 et
460 1050 639 1138 insipientes
658 1060 690 1114 et
708 1048 785 1114 intui
804 1060 837 1116 et
856 1052 995 1140 imperiti
1015 1053 1102 1117 deri-

67 1161 142 1224 dent
157 1184 218 1225 nos
234 1183 274 1226 nc
289 1162 495 1233 subsannant,
513 1158 588 1223 dum
605 1159 849 1247 cogitationibus
869 1161 932 1224 suis
949 1185 983 1226 se
998 1160 1100 1225 extol-

66 1267 130 1332 iere
145 1268 292 1356 eupiunt.
314 1267 400 1347 Quid
414 1268 500 1332 enim
517 1277 621 1355 potest
639 1264 780 1332 mortalis
786 1291 796 1340 ς
815 1278 870 1331 aut
888 1265 982 1354 quale
1001 1269 1102 1333 robur

65 1388 112 1439 cst
126 1376 320 1464 terrigenae?
336 1376 495 1464 Scriptum
511 1375 598 1440 enim
616 1385 686 1440 est:
705 1375 801 1441 «Non
819 1386 888 1440 erat
905 1375 1007 1464 sagum
1027 1387 1099 1440 ante

68 1484 206 1550 »oculos
233 1508 353 1550 meos:
389 1484 445 1549 sed
471 1507 581 1550 aurem
607 1495 640 1548 et
663 1505 777 1548 vocem
798 1482 977 1549 audiebam.
1015 1485 1101 1563 Quid

69 1594 205 1674 »enimi
225 1595 386 1682 numquid
406 1594 503 1660 bomo
525 1615 634 1659 coram
651 1593 790 1657 Domino
803 1593 945 1657 mundus
960 1593 1036 1666 erit;
1056 1593 1104 1659 vel

70 1729 82 1759 r
98 1702 138 1765 de
159 1703 313 1788 operibus
335 1703 399 1768 suis
421 1699 623 1788 inculpabilis
643 1699 737 1763 vir¹t
758 1698 792 1762 Si
807 1701 841 1762 in
856 1701 953 1764 serris
967 1701 1030 1765 suis
1043 1723 1107 1764 non

74 1837 86 1866 ι
104 1808 222 1882 exedit,
244 1819 279 1872 et
300 1810 452 1873 advorsus
468 1804 605 1893 Angelos
626 1827 700 1870 suos
721 1828 853 1892 pravum
869 1806 945 1893 quid
959 1807 1105 1878 advertit:

79 1944 92 1974 s
110 1914 232 1980 coeium
251 1925 363 1978 autem
379 1937 444 1978 non
458 1924 507 1977 est
520 1913 675 1977 mundum
695 1935 801 1977 coram
816 1935 854 1977 eo
867 1911 901 1976 ²:
927 1913 1000 1978 bem
1022 1935 1108 1988 vero,

82 2022 168 2110 »qui
187 2023 336 2087 habitant
355 2023 465 2086 domos
485 2019 593 2096 luteas,
614 2043 652 2086 ex
674 2022 787 2108 quibus
806 2031 837 2084 et
856 2022 914 2108 ipsi
935 2021 975 2086 de
994 2022 1108 2086 eodem

83 2127 182 2192 »luto
207 2129 346 2194 snmus?
363 2129 518 2192 Percussit
541 2125 609 2192 iilos
634 2139 781 2215 tunquam
804 2129 900 2204 tinea,
923 2141 955 2193 et
974 2152 991 2193 a
1011 2152 1106 2194 mane

82 2263 94 2294 s
110 2257 208 2322 usque
223 2236 266 2300 ad
282 2257 445 2322 vesperam
461 2233 539 2298 nitra
552 2257 616 2300 non
631 2246 720 2308 sunt;
743 2259 782 2300 eo
796 2237 883 2324 quod
897 2259 961 2304 non
976 2249 1105 2325 possent

77 2372 88 2402 ι
104 2343 162 2407 sibi
179 2343 254 2431 ipsis
270 2343 452 2415 subvenire,
468 2343 649 2428 perierunt:
669 2342 837 2409 insufflavit
851 2345 908 2419 eis,
924 2355 957 2409 et
973 2345 1106 2409 interie-

76 2460 191 2523 srnnt;
216 2451 375 2537 quianon
397 2449 555 2513 habebant
569 2448 784 2536 sapientiam⁸.
804 2450 920 2516 Invoco
934 2463 1055 2526 autem,
1078 2451 1105 2514 si

76 2587 87 2618 ι
104 2559 171 2645 quis
187 2558 246 2622 tibi
262 2557 472 2646 respondean
491 2554 540 2621 rel
555 2557 580 2620 si
598 2579 693 2642 quem
709 2568 891 2623 sanctorum
910 2556 1106 2646 Angelorum

76 2669 251 2756 suspicies:
278 2669 402 2734 etenim
424 2664 555 2731 stultum
576 2667 703 2753 perimit
721 2667 785 2739 ira;
816 2680 976 2732 errantem
999 2679 1108 2732 nutem

76 2777 218 2843 »occidit
244 2775 349 2843 zelus.
376 2777 444 2864 Ego
470 2785 577 2839 eutem
604 2773 665 2838 vidi
686 2772 800 2840 stultos
816 2775 960 2840 radicem
978 2777 1111 2841 mitten-

77 2897 164 2960 »tos3
191 2885 248 2952 sed
272 2885 383 2952 statim
406 2885 572 2970 absumpta
594 2893 647 2947 est
661 2881 789 2947 illorum
811 2883 975 2949 habitatio.
1001 2882 1110 2972 Longe

78 2995 180 3064 »fiunt
193 2995 252 3064 filii
267 3017 387 3062 eorum
405 3016 423 3058 o
440 2991 557 3073 salutm
577 3002 784 3058 conterantur
801 3015 898 3081 super
915 2995 1027 3082 januas
1045 2995 1107 3060 mi-

79 3129 229 3180 morum,
246 3116 281 3171 et
296 3127 365 3170 non
379 3102 441 3167 erit
454 3103 510 3187 qui
523 3101 645 3189 eripiat.
672 3101 752 3181 Quae
766 3101 852 3167 enim
867 3103 908 3167 ab
924 3101 985 3168 illis
999 3115 1107 3191 perata

80 3226 192 3289 nunt,
220 3215 299 3300 justi
331 3211 514 3285 comedent,
539 3210 596 3296 ipsi
622 3231 698 3275 vero
720 3209 760 3275 de
783 3209 875 3276 maiis
901 3233 967 3276 non
993 3209 1111 3275 libera-

80 3321 296 3390 abuntur‘.s

122 3429 194 3496 XL.
218 3427 307 3494 Cum
322 3450 398 3516 ergo
411 3427 479 3494 baee
494 3431 583 3496 nobis
597 3430 761 3496 manifeste
780 3430 856 3503 sint,
872 3428 969 3493 etium
984 3427 1113 3502 indivi-

86 3562 130 3603 nae
145 3537 344 3628 cognitionis
359 3537 515 3625 profunda
526 3538 790 3628 introspicientes,
805 3545 920 3602 cuncta
934 3536 1041 3602 ordine
1053 3539 1111 3604 de-

89 3649 197 3712 bemus
216 3647 339 3722 ficere,
360 3667 431 3734 quas
445 3668 504 3711 nos
523 3645 678 3711 Dominus
697 3645 788 3735 jussit
801 3667 956 3736 peregere.
981 3645 1112 3713 Statntis

91 3757 286 3846 temporibus
307 3755 483 3822 oblationes
502 3766 535 3821 et
554 3753 658 3820 officia
676 3754 796 3846 perfici,
815 3779 915 3846 neque
930 3769 1047 3824 temere
1060 3757 1111 3824 vei

125 3885 202 3934 ttob.
215 3903 251 3944 ιτ,
264 3889 300 3936 rb.
311 3885 431 3936 -21012,
446 3903 487 3946 xv,
503 3889 581 3938 ι5.-
592 3885 670 3938 ttob.
684 3903 718 3947 ιν,
734 3903 768 3952 ¹9·
781 3915 811 3925 —-
822 3887 832 3921 ⁶
843 3889 902 3938 tob.
915 3903 939 3935 a.
