2516 4636
354 329 477 376 coatras
501 329 655 376 mansas.
958 333 1021 400 sqq

2 459 133 506 imeres
148 433 319 525 quoslibet,
333 432 506 525 aliquando
517 449 626 504 autem
639 461 699 528 per
710 437 858 528 syllabas,
876 461 1023 506 nonuun-

2 569 77 614 tam
100 559 210 614 autem
229 557 261 612 et
280 566 339 635 per
352 544 501 618 nominat
518 557 567 610 est
583 557 692 614 autem
706 547 835 635 quando
849 559 882 613 et
898 570 955 637 per
970 567 1023 612 eas

2 681 49 724 ιω
71 657 105 724 in
126 655 238 724 litteris
258 666 333 720 suut
347 652 479 729 litteras,
499 650 668 742 aliquando
685 667 793 723 autem
807 667 840 722 et
858 679 916 744 per
930 653 1035 744 para?

1 767 72 834 »las
84 789 151 834 non
162 774 248 832 recte
261 762 431 840 exsolutus,
448 760 497 830 rel
511 787 569 852 per
578 765 771 854 suspiciones
784 765 937 856 quasdam
950 787 1026 832 con·

1 891 95 944 itere
114 875 223 944 conari
238 898 311 942 eam
326 873 502 944 fabulosam
518 876 763 954 enarrationem,
784 899 853 965 quae
869 877 908 943 sit
924 877 963 942 ab
979 875 1025 941 eis

1 985 140 1054 [ictitia.
157 983 285 1051 Etenim
301 982 327 1048 si
345 983 416 1072 quis
432 982 579 1071 exquirat
593 1005 721 1050 causam
740 997 976 1074 propterquam
992 983 1025 1048 in

1 1093 135 1160 unibus
156 1091 251 1158 Pater
268 1091 510 1162 communicans
532 1090 625 1170 Filio,
649 1091 735 1158 solus
758 1093 839 1160 scire
856 1093 971 1160 horam
993 1102 1026 1160 et

4 1226 70 1270 em
89 1225 107 1268 a
127 1201 266 1268 Domino
283 1199 502 1271 manifestatus
519 1212 583 1275 asta
604 1224 709 1290 nequa
724 1201 896 1291 aptabilem
913 1201 1025 1290 magis,

1 1337 91 1402 eque
111 1311 340 1388 decentiorem,
356 1333 418 1380 nee
435 1311 504 1380 sine
522 1311 665 1402 periculo
679 1312 813 1379 alteram
832 1335 928 1403 quam
944 1312 1028 1378 hanc

1 1422 127 1489 eveniat
144 1421 177 1488 in
197 1421 343 1510 presenti
367 1420 542 1509 (quoniam'
555 1421 643 1488 euim
658 1419 745 1488 solua
765 1443 859 1488 verax
881 1420 1030 1511 magister

0 1543 29 1596 ,t
53 1531 230 1618 Dominus)
252 1550 260 1604 ς
283 1539 317 1595 ut
334 1528 493 1600 disoamm
512 1553 570 1619 per
584 1531 702 1620 ipsam,
722 1530 943 1620 superomnia
962 1551 1030 1596 esse

0 1672 10 1697 »ι
25 1653 129 1714 trem;
148 1639 281 1714 etenim,
297 1639 414 1713 Pater,
432 1638 488 1714 ait,
508 1643 622 1728 major
635 1661 689 1704 aaa
702 1636 780 1705 αι’.
798 1639 839 1704 Et
854 1622 1032 1706 secundum

0 1783 13 1833 r,
23 1750 183 1816 uitionem
202 1748 310 1837 itaque
328 1745 517 1836 praepcaitua
531 1769 600 1814 esse
618 1746 713 1813 Pater
728 1748 935 1814 annuntiatus
950 1759 1031 1813 esta

9 1861 127 1928 omino
143 1869 253 1926 nostro
263 1857 304 1929 ad
318 1857 393 1932 hac,
411 1867 446 1922 ut
462 1868 580 1933 etuas,
597 1857 797 1945 inquantum
813 1857 847 1924 in
861 1856 963 1947 ligura
975 1857 1033 1924 hu·

20 1994 38 2038 s
61 1967 173 2037 muudi
195 1989 319 2042 sumus,
337 1965 512 2054 perlectam
533 1965 700 2034 eentum
722 1977 755 2032 et
779 1964 859 2032 talea
882 1967 1033 2056 quaestio-

1 2101 46 2144 es
66 2074 282 2148 concedamus
300 2075 386 2150 Deos
410 2082 444 2143 et
465 2093 507 2141 ne
528 2073 609 2142 tuae
631 2087 809 2162 quarentes
832 2073 1033 2142 altitudinem

9 2185 92 2252 atris
103 2183 304 2274 investigare,
316 2182 349 2248 in
361 2191 487 2251 tantum
498 2181 677 2270 periculum
688 2183 880 2262 incidamus,
893 2185 940 2251 uti
951 2207 1034 2273 quae·
1072 2253 1078 2262 ,

9 2330 13 2355 t
26 2319 101 2367 mus
114 2319 155 2362 an
167 2317 262 2386 super
277 2293 382 2368 Deum
396 2290 476 2360 alter
490 2293 530 2364 ait
540 2293 637 2360 Densa

35 2407 71 2474 Si
90 2417 198 2472 autem
213 2405 283 2493 quia
299 2426 409 2474 amaus
428 2405 680 2481 contentionem,
701 2405 920 2474 contradictor
938 2406 1035 2474 suerit

12 2519 41 2582 's
57 2539 127 2604 quae
145 2537 163 2580 a
181 2513 274 2584 nohis
289 2513 373 2589 dicta
394 2524 480 2589 sunt,
500 2525 533 2582 et
547 2513 597 2580 his
615 2535 686 2603 que
704 2515 745 2582 ab
765 2514 918 2605 Apostolo
935 2516 1034 2582 relata

4 2637 79 2702 unt,
96 2625 269 2714 «quoniam
280 2647 319 2694 ex
335 2635 424 2712 parte
439 2625 675 2714 cognoscimus,
692 2637 725 2690 et
739 2647 779 2690 ex
793 2637 884 2714 parte
899 2626 1035 2716 prophe·

17 2751 138 2812 tamus,
152 2764 165 2800 a
177 2747 269 2826 putet
288 2758 322 2807 ae
340 2759 406 2806 non
425 2759 464 2806 aa
479 2747 582 2824 parte,
597 2734 655 2802 sed
670 2734 890 2803 universaliter
907 2737 1036 2803 univer-

1 2871 61 2914 am
83 2846 203 2935 cepisse
222 2867 337 2912 eorum
356 2867 427 2932 quae
447 2856 521 2914 aaut
545 2845 752 2933 agnitionem,
769 2837 955 2910 Valentinus
976 2844 1036 2910 ali-

0 2958 64 3039 uis
87 2957 235 3031 existens,
264 2963 320 3018 aut
342 2951 545 3029 Ptolcmoeus,
572 2963 628 3026 aut
652 2950 818 3030 Basilides,
846 2953 898 3020 vel
922 2948 1034 3043 aliquis

0 3089 107 3132 orum
125 3065 179 3151 qui
197 3063 380 3133 altitudines
395 3063 454 3130 Dei
473 3061 644 3150 exquisisse
658 3086 693 3132 se
708 3063 837 3138 donata
859 3087 924 3132 non
944 3066 977 3132 in
996 3087 1033 3131 ea

0 3195 67 3240 ‚uae
90 3171 254 3241 invisibilia
276 3183 363 3248 sunt,
387 3169 437 3240 vel
457 3193 528 3259 quaa
551 3171 676 3238 csmndi
698 3195 764 3240 nen
785 3186 930 3263 possunt,
958 3197 1035 3244 cum

1 3283 83 3350 inani
101 3281 250 3370 jactantia
272 3279 427 3352 decorans
446 3280 665 3369 semetipsum,
689 3279 760 3369 plus
779 3305 875 3372 quam
897 3283 1035 3372 reliquos

0 3419 30 3460 .e
47 3392 207 3484 agnovisse
221 3390 374 3485 glorietur
391 3413 400 3456 τ
422 3389 479 3462 aad
496 3411 607 3460 causas
621 3413 735 3458 eorum
750 3415 820 3482 quae
835 3393 869 3460 in
883 3393 947 3459 hoc
961 3405 1036 3460 sunt

5 3539 23 3565 ,ι
34 3505 131 3578 undo,
145 3525 223 3592 quas
234 3525 293 3576 uos
308 3524 374 3574 nou
385 3501 516 3577 scimus,
530 3513 564 3567 ut
576 3514 652 3593 puta
664 3525 835 3570 numerum
846 3503 1036 3593 capillorum

23 3613 108 3704 pitis
124 3610 184 3688 sati,
202 3610 290 3678 etde
306 3611 355 3680 lais
370 3611 424 3700 qui
440 3611 583 3700 quotidie
593 3612 767 3701 capiuntur
778 3633 931 3703 passeres,
947 3628 980 3682 at
995 3615 1035 3681 de

15 3722 125 3810 aliquis
140 3743 205 3788 uon
221 3721 353 3810 provisis
367 3745 385 3787 a
401 3722 506 3800 nobis,
524 3720 693 3812 diligenter
706 3724 888 3813 exquirens,
903 3737 936 3792 et
950 3725 1037 3794 aPa-

0 3856 49 3912 vre
64 3831 186 3898 discens
200 3831 368 3903 annuntiet
379 3831 484 3910 nobis,
498 3843 533 3902 ut
548 3831 578 3902 ei
591 3831 631 3900 de
644 3833 819 3924 majoribus
831 3857 957 3926 quaque
968 3857 1037 3902 cre.

35 3961 43 3994 ¹
56 3961 128 4010 toan.
139 3971 190 4018 aar,
204 3959 244 4010 se.
