2688 4626
365 243 407 288 ll)
430 243 552 290 GRAECOS
575 245 788 292 concursum.
1030 247 1087 290 sol
1135 309 1138 314 ι

43 357 124 423 rat,
139 346 195 412 sed
212 360 320 436 postea
336 335 449 416 utilem
463 373 503 417 ac
517 354 728 418 necessariam
743 353 803 419 sibi
817 352 1011 443 palinodiam
1024 377 1094 422 can-

37 456 190 522 tandam
211 479 280 523 esse
302 469 391 525 ratus
413 483 451 526 ea
474 459 568 537 dixit,
593 483 664 549 que
685 461 780 550 paulo
806 473 882 532 ante
907 465 1095 541 sorbebam,

33 563 192 654 Orpheo
213 567 338 634 credite
361 579 394 633 et
411 567 480 634 aliis
500 571 554 657 qui
573 570 613 635 de
632 590 696 636 uno
714 569 782 637 Deo
801 573 913 638 eedem
931 573 1094 662 scripsere.

36 675 121 740 Dei
143 677 234 741 enim
255 678 289 742 iu
312 699 370 743 nos
389 678 586 767 providentia
608 679 726 746 iactum
746 695 806 758 est,
830 696 865 747 ut
884 683 918 748 bi
937 705 1011 748 vera
1031 705 1099 747 esse

40 784 302 874 Prophetarum
327 787 367 854 de
390 813 454 855 uno
474 790 543 856 Deo
565 790 649 856 dicta
668 789 717 856 vel
739 792 828 858 inriti
850 793 1036 868 faterentur,
1061 803 1099 858 ut

45 896 188 982 rejecta
209 897 248 962 ab
263 897 410 963 omnibus
428 897 639 965 multitudinis
658 899 789 966 deorum
809 900 1096 989 doctrina'copiam

46 1003 157 1068 vobis
173 1005 238 1070 reri
253 1007 464 1095 cognoscendi
478 1009 642 1097 preberet.

104 1111 276 1180 XXXVII.
294 1117 362 1182 Erit
375 1129 483 1184 autem
500 1117 589 1184 vobis
608 1118 757 1208 perfacile
777 1141 885 1184 veram
905 1117 1093 1207 religionem

49 1219 167 1310 aliqua
182 1245 220 1288 ex
234 1237 325 1313 parte
339 1247 380 1292 ex
400 1227 529 1315 antiqua
549 1227 668 1317 Sibylla
686 1229 821 1304 discere,
837 1229 931 1316 cujus
946 1227 1093 1293 vaticinia

50 1353 101 1394 ex
117 1332 237 1420 potenti
260 1332 367 1398 afflatu
383 1335 469 1400 edita
490 1335 532 1400 ad
553 1335 787 1425 Prophetarum
802 1335 983 1403 doctrinam
996 1357 1096 1424 prope

49 1442 216 1508 accedam
234 1441 390 1508 videntur.
411 1440 503 1508 Hanc
526 1441 691 1530 Babylone
709 1457 815 1509 ortam
838 1429 963 1518 dicunt,
988 1441 1098 1508 berosi

52 1550 243 1617 Chaldaea
257 1551 394 1617 historiae
410 1552 574 1639 scriptoris
592 1551 705 1626 liliam3
723 1565 758 1617 et
777 1575 853 1618 cum
867 1553 902 1616 in
919 1551 1099 1640 Campaniae

50 1683 135 1726 oras
152 1657 256 1725 delata
272 1659 381 1725 nescio
396 1683 460 1746 quo
471 1671 568 1746 pacto
583 1659 705 1734 brisset,
717 1659 762 1724 ibi
777 1658 907 1724 oracula
921 1658 1056 1725 edidisse
1066 1659 1099 1724 in

54 1771 147 1835 urbe
170 1792 243 1857 quae
262 1767 375 1834 Cumae
396 1768 528 1843 dicitur,
544 1767 641 1844 liniis,
669 1768 724 1833 ubi
744 1779 818 1832 sunt
839 1767 982 1832 Therme
1003 1766 1101 1834 Cam-

52 1903 175 1969 panae,
197 1901 253 1943 sex
271 1877 428 1966 lapidibus
450 1877 580 1943 distans.
600 1875 762 1953 Vidimus,
786 1900 860 1942 cum
880 1877 914 1942 in
934 1875 995 1943 bac
1018 1878 1098 1942 urbe

56 2009 227 2062 essemus,
244 1983 351 2052 locum
364 1987 548 2074 quemdam
564 1987 618 2052 ubi
633 1985 782 2053 sacellum
797 1986 969 2052 maximum
984 2009 1097 2052 exuno

53 2119 144 2162 saxo
166 2097 308 2162 excisum
326 2096 562 2184 conspeximus,
585 2119 653 2162 rem
674 2119 749 2163 sane
769 2096 1040 2186 praeclarissimam
1062 2107 1095 2161 et

52 2205 153 2272 omni
175 2204 384 2270 admiratione
399 2204 527 2294 dignam
543 2229 551 2270 τ
569 2205 613 2270 ibi
629 2227 684 2272 sua
703 2201 789 2272 illam
810 2204 937 2272 oracula
958 2205 1093 2270 edidisse

54 2313 249 2388 narrabant,
265 2313 319 2400 qui
333 2311 434 2378 baeca
450 2313 636 2402 majoribus,
651 2326 686 2379 ut
696 2314 804 2402 patriae
814 2337 878 2380 suae
889 2315 1030 2403 propria,
1043 2335 1094 2380 ac·

59 2432 225 2510 ceperant.
244 2417 279 2486 ln
295 2420 401 2487 medio
421 2433 530 2487 autem
551 2421 666 2488 sacello
680 2423 900 2489 monstrabant
918 2423 1011 2489 nobis
1031 2421 1092 2487 tria

62 2528 263 2619 receptacula
277 2553 317 2596 ex
330 2531 444 2597 eodem
458 2532 562 2599 excisa
573 2555 662 2608 saxo,
678 2532 791 2620 quibus
805 2555 888 2622 aqua
901 2529 1030 2620 repleh's
1045 2529 1094 2596 la-

59 2663 139 2706 vare
157 2661 226 2706 eam
242 2640 402 2717 dicebant,
414 2653 446 2707 et
461 2665 537 2710 cum
552 2655 673 2708 vestem
689 2641 888 2707 resumsisset
901 2642 936 2706 in
949 2641 1095 2706 intimam

57 2749 170 2817 sacelli
183 2750 284 2818 aedem
297 2750 458 2827 secedere,
478 2775 518 2816 ex
534 2751 651 2816 eodem
666 2773 740 2817 saxo
754 2750 908 2826 excisam,
923 2770 964 2814 ac
977 2750 1011 2814 in
1027 2771 1095 2813 me-

58 2861 117 2926 dio
134 2859 212 2926 aedis
226 2861 389 2928 sedentem
403 2859 527 2928 excelso
549 2859 646 2936 solio,
664 2860 710 2926 sic
730 2858 906 2925 vaticinari.
925 2857 1028 2946 liujus
1045 2856 1096 2922 Si-

58 2967 177 3056 byllae,
198 2979 234 3032 ut
247 2969 338 3044 ratis,
357 2992 433 3036 cum
447 2967 540 3034 multi
562 2967 615 3033 alii
631 2968 802 3056 scriptores
823 2967 1008 3042 meminere,
1026 2977 1097 3032 tum

61 3079 172 3152 etiam
183 3075 273 3142 Plato
287 3078 320 3142 in
333 3077 478 3144 Pbaedro.
493 3077 628 3144 Videtur
642 3090 750 3142 autem
764 3075 856 3153 mibi,
872 3097 947 3143 cum
960 3075 994 3141 in
1012 3073 1096 3140 illius

63 3185 223 3252 vaticinia
240 3185 412 3262 incidisset,
427 3199 512 3252 votes
529 3210 588 3276 pro
606 3185 718 3252 divinis
737 3185 920 3253 bominibus
935 3182 1093 3250 babuisse.

62 3293 211 3362 Videbat
222 3294 309 3359 enim
319 3295 438 3382 queab
449 3293 501 3360 illa
512 3293 586 3362 olim
597 3295 747 3386 praedicta
759 3295 1004 3380 fuerent,opere
1016 3313 1100 3357 oom-

64 3403 150 3494 pleri
157 3425 168 3477 r
184 3415 217 3470 et
232 3403 355 3470 idcirco
370 3402 527 3470 admirans
539 3406 573 3469 in
585 3405 722 3470 blenone
737 3425 776 3470 ac
789 3401 928 3468 totidem
941 3399 1043 3466 verbis
1052 3399 1100 3466 ei·-

67 3515 170 3580 lorens
182 3525 284 3590 rates,
298 3513 341 3578 ita
354 3511 487 3578 scribit:
506 3511 628 3579 «Recte
638 3533 714 3578 sane
724 3510 848 3576 divinos
858 3507 928 3574 illos
937 3529 1094 3585 vocemus,

70 3647 171 3711 nquos
186 3645 277 3690 nunc
292 3615 491 3710 appellemus
504 3632 601 3685 rates.
620 3619 691 3687 Non
701 3618 860 3686 immerito
870 3617 1035 3684 dixerimus
1050 3617 1095 3684 di·

71 3763 83 3792 ι
98 3734 182 3800 vinos
189 3729 261 3799 illos
269 3755 352 3808 esse,
361 3744 393 3797 et
407 3729 685 3810 difrinitusaillutos
695 3742 750 3795 eta
760 3729 827 3796 Deo
836 3741 1007 3818 ωτι-θρίου,
1019 3749 1095 3794 cum

71 3871 82 3900 ι
97 3865 245 3931 prospere
257 3841 482 3916 vaticinantur,
493 3839 593 3906 multa
605 3851 637 3906 et
646 3863 761 3929 magna
772 3839 924 3914 (licentes,
936 3857 995 3905 nee
1004 3835 1096 3925 quid,
