2772 4610
270 203 332 270 552
357 281 363 295 ι
566 224 680 268 ssscrr
701 223 820 268 rusruu
844 221 1005 282 ussrrsrs,

266 345 301 398 et
315 331 462 399 insectari
476 353 541 396 non
553 331 709 408 desinent,
723 332 826 398 donee
840 333 956 396 iterum
967 329 1063 405 adsit,
1076 339 1111 394 et
1124 323 1341 396 omnesde-

268 450 382 516 strust,
397 453 429 505 et
444 441 537 528 digna
552 442 668 527 cuique
684 440 812 529 praemia
828 440 990 529 rependat.

313 549 374 614 Hic
388 547 518 635 Trypho
536 571 545 612 :
562 547 634 613 Jnm
651 549 757 636 igitur,
776 549 891 636 inquit,
915 550 1072 614 rationem
1095 547 1187 612 nohis
1207 544 1329 614 affer.

270 659 420 732 christe,
444 679 539 746 quem
561 657 748 727 crucifixum
766 681 834 722 esse
855 656 935 723 dieis
948 669 981 722 et
1001 658 1034 722 in
1050 653 1170 721 eoelum
1190 677 1326 720 esnen-

269 765 366 840 disse,
383 764 527 830 Christus
543 766 583 831 sit
598 766 665 831 Dei.
681 763 863 832 Passihilem
876 767 960 831 enim
975 765 1139 830 Christum
1150 763 1183 828 in
1195 763 1318 852 Serip-

241 871 244 876 ’
272 872 351 936 turis
362 871 539 961 praedicari,
549 896 703 940 nerursus
714 897 788 940 cum
801 871 899 962 glorie
911 885 1095 948 venturum,
1107 883 1141 938 et
1151 883 1318 936 aeterurm

275 980 417 1045 omnium
432 979 575 1068 gentium
590 981 771 1070 imperium,
794 981 942 1046 omnihus
964 982 1070 1070 regnis
1088 980 1119 1044 ei
1142 979 1321 1067 subjectis,

275 1096 495 1172 accepturum,
512 1087 585 1152 setis
598 1111 637 1152 ex
649 1086 819 1175 Scripturis
830 1111 847 1152 e
860 1099 892 1152 te
904 1110 1000 1175 supra
1011 1085 1327 1152 recitatis'demens-

275 1203 394 1258 tratum
409 1206 466 1260 est.
480 1196 575 1262 Hunc
586 1205 695 1262 eutem
711 1195 815 1284 ipsum
830 1218 898 1260 esse
914 1195 1006 1260 nohis
1020 1195 1213 1259 demonstra.

320 1302 363 1368 At
376 1324 456 1390 ego:
475 1303 512 1368 ld
532 1306 610 1393 jem,
631 1305 702 1379 viri,
720 1305 756 1370 iis
776 1305 830 1392 qui
852 1327 943 1369 eures
958 1303 1091 1376 hahent,
1110 1302 1325 1368 demonstr·-

262 1422 348 1478 .tum
369 1420 429 1486 est,
452 1410 502 1476 vel
523 1435 561 1476 ex
576 1411 624 1477 his
646 1413 719 1501 ipsis
741 1436 811 1500 quse
833 1436 851 1478 u
870 1412 959 1478 vohis
979 1420 1237 1480 concessurum
1256 1407 1325 1472 sed

279 1543 320 1584 ne
337 1541 387 1584 me
402 1520 519 1606 putetis
537 1520 670 1597 haerere,
687 1545 747 1587 nee
761 1545 797 1587 ea
813 1521 921 1595 etiem,
938 1543 1006 1608 quae
1021 1520 1142 1609 petitis,
1161 1519 1324 1584 demens--

279 1640 364 1692 trare
378 1652 485 1717 posse;
504 1629 619 1694 inciam
630 1630 663 1694 id
674 1630 880 1696 convenienti.
890 1628 974 1704 loco,
988 1639 1023 1693 ut
1041 1627 1201 1716 pellicitus
1217 1649 1318 1692 sum:

282 1759 370 1802 nune
385 1751 492 1806 nutem
507 1738 621 1803 seriem
636 1738 786 1803 institutae
801 1737 950 1802 orationis
965 1759 1152 1825 prosequor.

325 1845 394 1910 XL.
411 1845 596 1933 Mysterium
610 1846 704 1933 igitur
719 1845 803 1933 egui,
819 1868 915 1932 quem
926 1844 1045 1910 Pascha
1057 1842 1229 1910 immolare
1240 1867 1314 1932 pre

284 1955 368 2042 cepit
389 1954 492 2029 Deus,
509 1954 608 2043 figure
629 1965 696 2018 eret
713 1953 846 2028 Christi,
867 1955 959 2040 cujus
975 1953 1145 2041 sauguine,
1167 1976 1228 2040 pro
1244 1953 1312 2018 fidei

286 2064 320 2128 iu
335 2086 409 2128 eum
426 2087 489 2129 suoe
507 2065 641 2142 ratione,
662 2065 773 2130 domos
791 2087 862 2129 suas
881 2064 1038 2153 inungunt
1052 2063 1107 2150 qui
1129 2063 1270 2128 credunt
1287 2063 1316 2126 in

284 2195 372 2245 eum,
387 2172 420 2237 id
436 2182 495 2246 est,
512 2174 650 2258 seipsos:
666 2195 741 2236 nem
752 2171 830 2236 iliud
841 2169 972 2260 plasme,
985 2171 1073 2258 qued
1083 2172 1171 2237 Deus
1182 2172 1316 2244 effinxit,

287 2301 401 2366 nempe
416 2278 586 2354 Adumum,
604 2279 735 2344 domum
756 2279 850 2343 fuisse
866 2279 961 2344 silleti
977 2302 995 2342 e
1012 2278 1081 2343 Deo
1097 2277 1243 2366 Spiritus,
1260 2301 1319 2342 vos

287 2411 415 2476 quoque
430 2411 539 2454 omnes
554 2386 730 2476 intelligere
742 2389 880 2476 potestis.
900 2389 970 2453 Hoc
982 2399 1091 2452 eutem
1108 2389 1209 2476 ipsum
1220 2387 1320 2452 etism

287 2509 482 2586 praeceptum
500 2498 540 2563 nd
554 2509 678 2586 tempus
698 2489 808 2562 datum
828 2495 874 2562 sie
889 2495 1082 2562 demonstre.
1100 2495 1231 2585 Agrum
1246 2496 1322 2560 Pss-

288 2607 356 2673 chae
376 2606 462 2672 Deus
482 2605 555 2672 eiihi
573 2605 728 2672 immolari
747 2630 812 2672 nou
833 2607 919 2680 sinit,
942 2629 1037 2692 quem
1057 2606 1090 2670 in
1110 2605 1182 2672 loco
1205 2607 1240 2670 in
1263 2629 1323 2694 que

289 2717 470 2784 invocatum
477 2728 524 2782 est
537 2739 653 2784 nomeu
665 2717 733 2804 ejus
740 2740 750 2789 3
770 2741 845 2782 eum
857 2716 952 2782 sciret
963 2729 1111 2782 ventures
1122 2728 1197 2802 pust
1205 2715 1328 2781 Christi

289 2827 465 2915 passionem
481 2826 560 2900 dies,
573 2826 688 2914 quihus
704 2825 779 2889 urhs
791 2823 968 2890 Jerusalem
983 2823 1122 2889 hostihus
1133 2823 1249 2886 restris
1264 2836 1331 2887 tre-

289 2935 432 3010 deretur,
453 2946 485 3000 et
500 2958 609 3000 omnes
630 2957 759 3023 prorsus
775 2931 951 2998 oblationes
966 2931 1036 2998 fieri
1051 2929 1242 2994 desinerent.
1261 2931 1331 2995 At—

289 3066 353 3131 que
368 3044 421 3109 hie
432 3066 543 3132 eguus,
556 3067 651 3132 quem
663 3054 766 3108 totum
777 3043 873 3108 essuri
886 3041 1081 3132 praeeipitur,
1094 3039 1245 3128 supplicii
1256 3064 1332 3106 eru-

292 3155 349 3229 cis,
360 3177 416 3242 per
427 3176 522 3242 quam
531 3153 675 3220 Christus
686 3165 754 3219 eret
765 3177 926 3242 passurus,
936 3151 1118 3240 symbolum
1125 3163 1209 3216 eret.
1221 3151 1331 3240 Agnus

291 3263 377 3328 enim
392 3263 447 3351 qui
458 3273 592 3338 assetur,
609 3263 650 3328 ed
666 3261 903 3330 similitudinem
918 3263 1027 3352 figure
1040 3260 1147 3328 crucis
1159 3261 1331 3350 dispositus

294 3383 429 3445 assutum
449 3369 585 3436 alterum
603 3371 689 3436 enim
709 3393 786 3436 veru
806 3373 845 3437 ab
867 3370 987 3439 infimis,
1006 3367 1151 3458 pertibus
1173 3369 1219 3434 ed
1239 3383 1328 3458 eaput

295 3506 396 3572 usqne
409 3493 496 3548 recte
509 3481 721 3570 transfigitur3
736 3481 872 3551 alterum
884 3505 958 3550 vero
973 3481 1155 3547 secundum
1171 3479 1330 3569 scapulas,

279 3591 338 3656 .ad
347 3591 432 3677 quod
443 3593 538 3675 etism
550 3616 662 3658 manus
675 3593 747 3681 egui
765 3593 1011 3682 suspenduntur.
1027 3591 1135 3678 Atque
1145 3590 1256 3656 ‘etism
1275 3591 1333 3656 dne

296 3696 341 3762 ilii
358 3698 451 3775 hirci,
468 3725 546 3787 quos
562 3701 594 3766 in
610 3702 733 3790 jejunio
748 3701 864 3766 similes
880 3699 986 3766 offerri
1000 3700 1232 3788 praescriptum
1256 3713 1332 3771 eret,

300 3828 499 3894 quorumque
515 3806 594 3878 ulter
609 3808 788 3876 emissarius
809 3821 888 3886 erut,
906 3807 984 3877 aiter
1001 3807 1214 3883 offerebatur,
1234 3809 1335 3898 dupii-
