2688 4626
418 284 572 340 aroaoora
595 283 699 328 rarus.
1011 270 1071 352 alp

41 393 157 460 Cavete
173 404 284 458 autern
298 413 352 456 ros
367 411 409 453 ne
424 387 494 474 quis
508 385 639 452 tutaeus
653 387 686 452 iu
700 411 738 453 ea
753 389 807 464 sit,
825 411 863 456 ac
877 400 1015 456 mortem
1031 390 1075 456 in-

38 500 198 588 gredienti
217 499 344 571 Judaeo,
359 497 385 562 'si
404 491 674 581 deprehendatur,
691 494 896 562 constitutam
906 519 988 572 esse,
999 517 1077 584 prc-

38 601 125 670 clare
141 605 260 670 nostis.
411 607 415 616 '
891 609 892 616 ’
1182 613 1186 620 ’

81 710 239 778 XLVIII.
262 710 362 797 Atque
386 703 463 771 illud
483 707 580 770 ctiam
601 705 789 792 pradictum
807 729 887 783 esse,
912 707 1076 775 Christum
1112 797 1115 802 Ι

37 832 194 884 nostrum
203 821 332 884 morbos
344 839 452 883 omnes
463 827 646 881 curaturum
657 826 838 881 etmortuos
849 816 1073 893 excitaturum,

37 949 79 990 ex
96 926 148 992 his
162 926 270 990 vorbis
284 925 408 988 audite:
427 923 488 988 «ln
504 923 639 989 adventu
655 924 726 1010 ejus
741 922 830 988 saliet
843 922 977 989 claudus
992 925 1074 991 sicut

36 1059 50 1091 s
66 1043 240 1105 cerrus,et
247 1029 360 1095 diserta
368 1030 427 1094 erit
435 1028 538 1116 lingua
547 1041 723 1094 mutorum:
736 1031 811 1096 caeci
819 1031 1023 1107 videbunt,et
1031 1031 1074 1097 le·

36 1167 49 1198 a
64 1137 151 1224 prosi
163 1136 421 1211 mundabuntur,
431 1133 1039 1223 ctmortuiresurgentetamhulahnnt¹.
1052 1166 1065 1200 a

38 1245 119 1324 Quae
133 1244 268 1333 quidem
283 1246 322 1311 ab
337 1269 376 1310 co
391 1245 474 1311 sacta
486 1267 553 1310 csse
563 1267 603 1308 ex
614 1245 770 1311 conlectis
782 1247 840 1311 suh
853 1245 965 1311 Pontio
976 1245 1074 1312 Pilato

38 1355 127 1419 Actis
143 1353 268 1420 discere
287 1351 426 1441 potestis.
447 1353 520 1432 Quo
535 1353 632 1419 etiam
648 1354 745 1419 modo
761 1353 898 1443 Spiritus
913 1354 1077 1442 propheti-

37 1483 92 1526 cus
114 1485 191 1526 eum
213 1484 292 1528 cum
309 1461 492 1529 homiuibus
512 1463 545 1527 in
561 1484 636 1526 eum
654 1443 854 1550 sperantihus
873 1465 1018 1530 occisum
1040 1464 1077 1529 iri

36 1570 232 1656 praedixerit,
245 1570 355 1635 audite
361 1571 580 1644 Esaiaaverba,
593 1592 663 1656 quaa
672 1571 862 1636 sichahent:
880 1573 987 1638 «Ecce
998 1595 1079 1659 quo-

36 1678 161 1742 »modo
177 1677 278 1767 pariit
293 1679 408 1766 justus,
425 1689 459 1742 et
474 1699 569 1742 nemo
584 1677 720 1764 percipit
740 1677 835 1742 corde
854 1701 862 1742 t
882 1689 916 1742 et
932 1677 990 1743 viri
1005 1679 1079 1766 justi

36 1813 49 1846 a
67 1785 243 1861 tolluntur,
262 1796 296 1848 et
309 1806 404 1850 nemo
421 1782 614 1850 considerat.
632 1781 755 1848 Aiacis
767 1783 927 1869 injustitiae
938 1783 1078 1850 sublatus

36 1904 115 1962 sest
132 1894 254 1978 justus,
272 1893 381 1956 eterit
403 1891 436 1955 in
451 1911 531 1976 pace
551 1887 712 1978 sepultura
731 1891 813 1977 ejus,
836 1889 978 1956 sublatus
995 1904 1042 1958 est
1059 1915 1078 1956 c

36 1999 177 2063 »madio
188 1997 213 2062 ².
229 2027 244 2060 s

79 2105 203 2175 XLIX.
226 2103 280 2172 Ac
295 2126 422 2169 rursum
436 2103 596 2190 quomodo
611 2104 755 2168 futurum
776 2105 881 2170 Esaias
901 2106 1025 2182 dixerit,
1042 2121 1076 2173 ut

34 2237 112 2278 eum
126 2211 241 2302 populi
258 2212 404 2300 gentium
422 2211 603 2286 adorarent,
619 2212 674 2300 qui
687 2212 819 2278 mihime
837 2205 1072 2302 exspectabant,
1123 2220 1124 2229 ’

35 2321 136 2388 Judaei
159 2343 253 2396 vero,
278 2320 332 2407 qui
353 2341 480 2407 semper
498 2321 738 2407 exspectabant,
764 2321 982 2388 advenientem
1008 2345 1073 2390 naa

35 2428 273 2518 agnoscerent?
294 2429 370 2495 Ilaec
389 2439 498 2494 autem
518 2425 604 2493 velut
625 2451 663 2492 ex
683 2431 781 2517 ipsius
803 2429 919 2496 Christi
939 2453 1074 2520 persona

38 2537 212 2604 dictasunt
232 2538 271 2601 in
293 2536 380 2602 hunc
401 2535 555 2602 modum:
575 2534 784 2602 «Manifestus
805 2538 908 2604 lactus
923 2563 994 2604 sum
1010 2563 1075 2606 uon

36 2643 335 2732 »interrogantibus
363 2664 415 2707 me
436 2665 445 2706 ε
465 2643 612 2709 inventus
634 2667 706 2708 sum
727 2645 767 2709 ab
794 2644 844 2710 his
863 2646 918 2732 qui
937 2669 990 2710 me
1011 2670 1076 2712 non

38 2755 261 2839 »quaerebant
283 2752 368 2827 Dixi,
385 2753 521 2826 Adsum,
534 2753 576 2816 ad
593 2764 701 2841 gentes
717 2776 787 2840 quae
803 2776 869 2818 non
884 2767 1077 2820 vocaverunt

38 2883 182 2926 »nomon
202 2882 329 2926 meum.
348 2859 492 2946 Expandi
508 2881 622 2924 manus
637 2883 724 2924 meas
739 2859 781 2924 ad
796 2860 952 2948 populum
971 2863 1083 2936 incre-¹

38 2995 49 3028 a
64 2967 178 3033 dulum
184 2980 218 3032 et
226 2965 517 3040 contradicentem,
526 2966 581 3050 qui
589 2965 797 3031 ambulabant
808 2967 896 3030 invia
905 2989 968 3034 non
976 2970 1075 3046 hona,

38 3106 52 3137 s
68 3076 126 3140 scd
139 3087 215 3161 post
228 3088 363 3161 peccata
379 3097 435 3138 sua
451 3097 459 3137 ι
478 3073 615 3162 populus
629 3097 805 3161 provocans
825 3075 865 3139 ad
880 3077 1076 3146 iracundiam

38 3211 52 3243 s
67 3203 182 3247 coram
198 3179 283 3246 me'.
298 3179 425 3246 »tadei
440 3181 537 3255 enim,
550 3182 603 3268 qui
619 3181 801 3269 prophetias
816 3182 849 3247 in
865 3185 1011 3250 manibus
1022 3188 1077 3251 ha-

39 3291 179 3363 bebant,
192 3309 233 3354 ac
243 3286 405 3352 Christum
413 3311 536 3375 semper
547 3300 805 3376 exspectaverant
812 3304 996 3367 venturum,
1004 3317 1078 3360 cum

41 3421 104 3464 non
119 3404 338 3486 agnoverunt,
356 3417 395 3460 ac
409 3417 473 3460 non
488 3395 590 3462 solum
604 3419 670 3461 non
684 3411 894 3484 agnoverunt,
913 3400 1077 3469 sedetiam

43 3508 244 3572 occiderunt.
265 3505 330 3585 Qut
345 3517 455 3570 autem
470 3528 508 3570 ex
523 3505 682 3594 gentibus,
698 3526 775 3570 cum
789 3505 868 3570 nihil
886 3531 1022 3595 unquam
1036 3512 1074 3580 da

44 3615 167 3684 Christo
184 3615 394 3690 audivissent,
416 3615 520 3702 quom
541 3614 582 3679 de
599 3613 669 3700 ejus
690 3614 784 3678 rebus
805 3614 945 3703 Apostoli
962 3619 1074 3685 llioro-

43 3723 169 3811 solymis
185 3725 320 3812 prolecti
339 3725 543 3798 nuntiarent,
563 3733 596 3787 et
614 3720 796 3812 prophetias
814 3721 873 3791 illis
897 3726 1069 3805 traderent,

77 3851 85 3885 ¹
99 3853 165 3902 Esai.
176 3867 252 3913 xxxv,
262 3851 287 3915 6,
299 3879 329 3890 —
338 3850 349 3891 ²
359 3853 427 3904 ttsat.
438 3869 498 3912 atur,
511 3869 531 3902 a.
543 3879 575 3892 -·
585 3849 595 3886 ³
606 3851 671 3902 Esai.
686 3867 741 3911 axa,
757 3868 776 3902 ι.
