<?xml version="1.0" encoding="UTF-8"?>
<!DOCTYPE html PUBLIC "-//W3C//DTD XHTML 1.0 Transitional//EN"
    "http://www.w3.org/TR/xhtml1/DTD/xhtml1-transitional.dtd">
<html xmlns="http://www.w3.org/1999/xhtml" xml:lang="en" lang="en">
 <head>
  <title>
</title>
<meta http-equiv="Content-Type" content="text/html;charset=utf-8" />
  <meta name='ocr-system' content='tesseract 3.04.00' />
  <meta name='ocr-capabilities' content='ocr_page ocr_carea ocr_par ocr_line ocrx_word'/>
</head>
<body>
  <div class='ocr_page' id='page_1' title='image "./collectioselect02guilgoog_0030.png"; bbox 0 0 2808 4688; ppageno 0'>
   <div class='ocr_carea' id='block_1_1' title="bbox 571 194 1182 258">
    <p class='ocr_par' dir='ltr' id='par_1_1' title="bbox 571 194 1182 258">
     <span class='ocr_line' id='line_1_1' title="bbox 571 194 1182 258; baseline -0.003 -1"><span class='ocrx_word' id='word_1_1' title='bbox 571 215 756 258; x_wconf 77' lang='lat' dir='ltr'>arosroacs.</span> <span class='ocrx_word' id='word_1_2' title='bbox 1146 194 1182 256; x_wconf 77' lang='lat'>15</span> 
     </span>
    </p>
   </div>
   <div class='ocr_carea' id='block_1_2' title="bbox 132 315 1226 4017">
    <p class='ocr_par' dir='ltr' id='par_1_2' title="bbox 132 315 1226 4017">
     <span class='ocr_line' id='line_1_2' title="bbox 132 315 1179 418; baseline 0.001 -30"><span class='ocrx_word' id='word_1_3' title='bbox 132 315 194 390; x_wconf 90' lang='lat' dir='ltr'>bic</span> <span class='ocrx_word' id='word_1_4' title='bbox 205 315 458 416; x_wconf 80' lang='lat' dir='ltr'><strong>proferemus,</strong></span> <span class='ocrx_word' id='word_1_5' title='bbox 470 318 778 418; x_wconf 83' lang='lat' dir='ltr'>docetApostolus</span> <span class='ocrx_word' id='word_1_6' title='bbox 792 317 884 388; x_wconf 91' lang='lat' dir='ltr'>duas</span> <span class='ocrx_word' id='word_1_7' title='bbox 893 341 972 390; x_wconf 88' lang='lat' dir='ltr'>esse</span> <span class='ocrx_word' id='word_1_8' title='bbox 985 322 1056 390; x_wconf 79' lang='lat' dir='ltr'>vias</span> <span class='ocrx_word' id='word_1_9' title='bbox 1066 321 1179 392; x_wconf 87' lang='lat' dir='ltr'>homi·</span> 
     </span>
     <span class='ocr_line' id='line_1_3' title="bbox 137 425 1184 524; baseline 0.004 -30"><span class='ocrx_word' id='word_1_10' title='bbox 137 425 269 514; x_wconf 87' lang='lat' dir='ltr'>nibus,</span> <span class='ocrx_word' id='word_1_11' title='bbox 283 452 404 498; x_wconf 89' lang='lat' dir='ltr'>unam</span> <span class='ocrx_word' id='word_1_12' title='bbox 417 427 529 512; x_wconf 89' lang='lat' dir='ltr'>lucis,</span> <span class='ocrx_word' id='word_1_13' title='bbox 544 429 604 496; x_wconf 90' lang='lat' dir='ltr'>cui</span> <span class='ocrx_word' id='word_1_14' title='bbox 618 428 799 524; x_wconf 66' lang='lat' dir='ltr'>praepositi</span> <span class='ocrx_word' id='word_1_15' title='bbox 813 439 901 495; x_wconf 91' lang='lat' dir='ltr'>sunt</span> <span class='ocrx_word' id='word_1_16' title='bbox 916 425 1009 496; x_wconf 92' lang='lat' dir='ltr'>lucis</span> <span class='ocrx_word' id='word_1_17' title='bbox 1026 428 1184 512; x_wconf 79' lang='lat' dir='ltr'>concilia·</span> 
     </span>
     <span class='ocr_line' id='line_1_4' title="bbox 137 531 1185 632; baseline 0.003 -30"><span class='ocrx_word' id='word_1_18' title='bbox 137 545 255 619; x_wconf 89' lang='lat' dir='ltr'>tores,</span> <span class='ocrx_word' id='word_1_19' title='bbox 271 535 401 630; x_wconf 87' lang='lat' dir='ltr'>augeli</span> <span class='ocrx_word' id='word_1_20' title='bbox 411 536 495 618; x_wconf 86' lang='lat' dir='ltr'>Dei,</span> <span class='ocrx_word' id='word_1_21' title='bbox 510 545 548 602; x_wconf 90' lang='lat' dir='ltr'>et</span> <span class='ocrx_word' id='word_1_22' title='bbox 562 531 709 602; x_wconf 87' lang='lat' dir='ltr'>alteram</span> <span class='ocrx_word' id='word_1_23' title='bbox 723 531 966 620; x_wconf 83' lang='lat' dir='ltr'>tenebrarum,</span> <span class='ocrx_word' id='word_1_24' title='bbox 982 538 1040 602; x_wconf 91' lang='lat' dir='ltr'>cui</span> <span class='ocrx_word' id='word_1_25' title='bbox 1051 558 1185 632; x_wconf 86' lang='lat' dir='ltr'>praepo·</span> 
     </span>
     <span class='ocr_line' id='line_1_5' title="bbox 139 637 1188 734; baseline 0.002 -27"><span class='ocrx_word' id='word_1_26' title='bbox 139 641 204 708; x_wconf 89' lang='lat' dir='ltr'>siti</span> <span class='ocrx_word' id='word_1_27' title='bbox 220 639 352 734; x_wconf 87' lang='lat' dir='ltr'>angeli</span> <span class='ocrx_word' id='word_1_28' title='bbox 365 643 511 708; x_wconf 71' lang='lat' dir='ltr'>Satanae.</span> <span class='ocrx_word' id='word_1_29' title='bbox 525 639 617 708; x_wconf 79' lang='lat' dir='ltr'>«Via</span> <span class='ocrx_word' id='word_1_30' title='bbox 632 638 723 708; x_wconf 90' lang='lat' dir='ltr'>lucis</span> <span class='ocrx_word' id='word_1_31' title='bbox 734 637 809 708; x_wconf 84' lang='lat' dir='ltr'>haec</span> <span class='ocrx_word' id='word_1_32' title='bbox 821 653 886 724; x_wconf 90' lang='lat' dir='ltr'>est,</span> <span class='ocrx_word' id='word_1_33' title='bbox 900 641 928 708; x_wconf 89' lang='lat' dir='ltr'>si</span> <span class='ocrx_word' id='word_1_34' title='bbox 941 639 1022 732; x_wconf 90' lang='lat' dir='ltr'>quis</span> <span class='ocrx_word' id='word_1_35' title='bbox 1038 641 1188 734; x_wconf 91' lang='lat' dir='ltr'>cupiens</span> 
     </span>
     <span class='ocr_line' id='line_1_6' title="bbox 143 739 1189 841; baseline 0.008 -32"><span class='ocrx_word' id='word_1_36' title='bbox 143 774 162 808; x_wconf 75' lang='lat' dir='ltr'>n</span> <span class='ocrx_word' id='word_1_37' title='bbox 174 743 357 816; x_wconf 81' lang='lat' dir='ltr'>incedere</span> <span class='ocrx_word' id='word_1_38' title='bbox 368 744 410 814; x_wconf 89' lang='lat' dir='ltr'>ad</span> <span class='ocrx_word' id='word_1_39' title='bbox 423 741 639 840; x_wconf 69' lang='lat' dir='ltr'>praefinitum</span> <span class='ocrx_word' id='word_1_40' title='bbox 653 741 786 828; x_wconf 82' lang='lat' dir='ltr'>locum,</span> <span class='ocrx_word' id='word_1_41' title='bbox 799 746 872 812; x_wconf 87' lang='lat' dir='ltr'>suis</span> <span class='ocrx_word' id='word_1_42' title='bbox 880 739 1051 839; x_wconf 90' lang='lat' dir='ltr'>operibus</span> <span class='ocrx_word' id='word_1_43' title='bbox 1061 767 1189 841; x_wconf 89' lang='lat' dir='ltr'>prope·</span> 
     </span>
     <span class='ocr_line' id='line_1_7' title="bbox 150 845 1189 944; baseline 0.004 -28"><span class='ocrx_word' id='word_1_44' title='bbox 150 877 168 910; x_wconf 74' lang='lat' dir='ltr'>r</span> <span class='ocrx_word' id='word_1_45' title='bbox 184 863 256 918; x_wconf 88' lang='lat' dir='ltr'>ret.</span> <span class='ocrx_word' id='word_1_46' title='bbox 273 849 439 944; x_wconf 87' lang='lat' dir='ltr'>Cognitio</span> <span class='ocrx_word' id='word_1_47' title='bbox 451 845 686 944; x_wconf 87' lang='lat' dir='ltr'>itaquenobis</span> <span class='ocrx_word' id='word_1_48' title='bbox 698 847 795 932; x_wconf 88' lang='lat' dir='ltr'>data,</span> <span class='ocrx_word' id='word_1_49' title='bbox 810 850 845 915; x_wconf 90' lang='lat' dir='ltr'>in</span> <span class='ocrx_word' id='word_1_50' title='bbox 856 845 923 917; x_wconf 88' lang='lat' dir='ltr'>hac</span> <span class='ocrx_word' id='word_1_51' title='bbox 934 850 990 918; x_wconf 90' lang='lat' dir='ltr'>via</span> <span class='ocrx_word' id='word_1_52' title='bbox 1001 847 1189 926; x_wconf 83' lang='lat' dir='ltr'>ambulan-</span> 
     </span>
     <span class='ocr_line' id='line_1_8' title="bbox 150 951 1186 1050; baseline 0.007 -31"><span class='ocrx_word' id='word_1_53' title='bbox 150 985 168 1018; x_wconf 70' lang='lat' dir='ltr'>a</span> <span class='ocrx_word' id='word_1_54' title='bbox 181 955 237 1039; x_wconf 89' lang='lat' dir='ltr'>di,</span> <span class='ocrx_word' id='word_1_55' title='bbox 257 951 432 1048; x_wconf 86' lang='lat' dir='ltr'>ejusmodi</span> <span class='ocrx_word' id='word_1_56' title='bbox 452 967 512 1023; x_wconf 90' lang='lat' dir='ltr'>est.</span> <span class='ocrx_word' id='word_1_57' title='bbox 540 952 675 1050; x_wconf 86' lang='lat' dir='ltr'>Diliges</span> <span class='ocrx_word' id='word_1_58' title='bbox 695 952 902 1022; x_wconf 82' lang='lat' dir='ltr'>Creatorem</span> <span class='ocrx_word' id='word_1_59' title='bbox 922 967 1039 1023; x_wconf 91' lang='lat' dir='ltr'>tuum.</span> <span class='ocrx_word' id='word_1_60' title='bbox 1063 954 1186 1026; x_wconf 81' lang='lat' dir='ltr'>Gloria</span> 
     </span>
     <span class='ocr_line' id='line_1_9' title="bbox 146 1056 1189 1156; baseline 0.007 -32"><span class='ocrx_word' id='word_1_61' title='bbox 146 1091 164 1124; x_wconf 70' lang='lat' dir='ltr'>n</span> <span class='ocrx_word' id='word_1_62' title='bbox 175 1058 319 1130; x_wconf 86' lang='lat' dir='ltr'>afficies</span> <span class='ocrx_word' id='word_1_63' title='bbox 333 1083 411 1130; x_wconf 91' lang='lat' dir='ltr'>eum</span> <span class='ocrx_word' id='word_1_64' title='bbox 425 1062 489 1156; x_wconf 89' lang='lat' dir='ltr'>qui</span> <span class='ocrx_word' id='word_1_65' title='bbox 504 1056 658 1129; x_wconf 84' lang='lat' dir='ltr'>redemit</span> <span class='ocrx_word' id='word_1_66' title='bbox 669 1073 703 1127; x_wconf 91' lang='lat' dir='ltr'>te</span> <span class='ocrx_word' id='word_1_67' title='bbox 715 1081 734 1128; x_wconf 91' lang='lat' dir='ltr'>a</span> <span class='ocrx_word' id='word_1_68' title='bbox 747 1074 875 1130; x_wconf 90' lang='lat' dir='ltr'>morte.</span> <span class='ocrx_word' id='word_1_69' title='bbox 892 1061 971 1128; x_wconf 89' lang='lat' dir='ltr'>Eris</span> <span class='ocrx_word' id='word_1_70' title='bbox 982 1058 1092 1131; x_wconf 90' lang='lat' dir='ltr'>corde</span> <span class='ocrx_word' id='word_1_71' title='bbox 1104 1064 1189 1131; x_wconf 90' lang='lat' dir='ltr'>sim-</span> 
     </span>
     <span class='ocr_line' id='line_1_10' title="bbox 144 1165 1190 1268; baseline 0.007 -34"><span class='ocrx_word' id='word_1_72' title='bbox 144 1201 161 1234; x_wconf 75' lang='lat'>»</span> <span class='ocrx_word' id='word_1_73' title='bbox 176 1170 281 1268; x_wconf 73' lang='lat' dir='ltr'>pler,</span> <span class='ocrx_word' id='word_1_74' title='bbox 296 1185 334 1241; x_wconf 92' lang='lat' dir='ltr'>et</span> <span class='ocrx_word' id='word_1_75' title='bbox 344 1172 473 1268; x_wconf 89' lang='lat' dir='ltr'>spiritu</span> <span class='ocrx_word' id='word_1_76' title='bbox 484 1165 594 1240; x_wconf 91' lang='lat' dir='ltr'>dives.</span> <span class='ocrx_word' id='word_1_77' title='bbox 610 1171 693 1239; x_wconf 90' lang='lat' dir='ltr'>Non</span> <span class='ocrx_word' id='word_1_78' title='bbox 709 1166 907 1238; x_wconf 88' lang='lat' dir='ltr'>adbaerebis</span> <span class='ocrx_word' id='word_1_79' title='bbox 920 1169 965 1238; x_wconf 87' lang='lat' dir='ltr'>ad</span> <span class='ocrx_word' id='word_1_80' title='bbox 981 1173 1122 1266; x_wconf 90' lang='lat' dir='ltr'>eosqui</span> <span class='ocrx_word' id='word_1_81' title='bbox 1137 1174 1190 1242; x_wconf 92' lang='lat' dir='ltr'>in-</span> 
     </span>
     <span class='ocr_line' id='line_1_11' title="bbox 144 1269 1189 1374; baseline 0.009 -35"><span class='ocrx_word' id='word_1_82' title='bbox 144 1305 163 1339; x_wconf 68' lang='lat' dir='ltr'>a</span> <span class='ocrx_word' id='word_1_83' title='bbox 179 1273 323 1346; x_wconf 88' lang='lat' dir='ltr'>cedunt</span> <span class='ocrx_word' id='word_1_84' title='bbox 337 1279 374 1344; x_wconf 94' lang='lat' dir='ltr'>in</span> <span class='ocrx_word' id='word_1_85' title='bbox 388 1277 444 1344; x_wconf 91' lang='lat' dir='ltr'>via</span> <span class='ocrx_word' id='word_1_86' title='bbox 459 1275 597 1343; x_wconf 89' lang='lat' dir='ltr'>mortis.</span> <span class='ocrx_word' id='word_1_87' title='bbox 612 1269 705 1341; x_wconf 88' lang='lat' dir='ltr'>Odio</span> <span class='ocrx_word' id='word_1_88' title='bbox 719 1269 872 1342; x_wconf 89' lang='lat' dir='ltr'>habebis</span> <span class='ocrx_word' id='word_1_89' title='bbox 885 1297 994 1343; x_wconf 89' lang='lat' dir='ltr'>omne</span> <span class='ocrx_word' id='word_1_90' title='bbox 1008 1275 1046 1344; x_wconf 93' lang='lat' dir='ltr'>id</span> <span class='ocrx_word' id='word_1_91' title='bbox 1058 1269 1189 1374; x_wconf 87' lang='lat' dir='ltr'>perpe-</span> 
     </span>
     <span class='ocr_line' id='line_1_12' title="bbox 144 1375 1188 1478; baseline 0.006 -32"><span class='ocrx_word' id='word_1_92' title='bbox 144 1412 162 1446; x_wconf 72' lang='lat'>»</span> <span class='ocrx_word' id='word_1_93' title='bbox 176 1395 278 1452; x_wconf 87' lang='lat' dir='ltr'>trare</span> <span class='ocrx_word' id='word_1_94' title='bbox 305 1379 403 1478; x_wconf 92' lang='lat' dir='ltr'>quod</span> <span class='ocrx_word' id='word_1_95' title='bbox 427 1383 506 1449; x_wconf 91' lang='lat' dir='ltr'>Deo</span> <span class='ocrx_word' id='word_1_96' title='bbox 531 1404 607 1449; x_wconf 91' lang='lat' dir='ltr'>non</span> <span class='ocrx_word' id='word_1_97' title='bbox 631 1375 1011 1474; x_wconf 87' lang='lat' dir='ltr'>placet.&#39;Abhorrebis</span> <span class='ocrx_word' id='word_1_98' title='bbox 1040 1376 1188 1452; x_wconf 86' lang='lat' dir='ltr'>omnem</span> 
     </span>
     <span class='ocr_line' id='line_1_13' title="bbox 145 1482 1189 1579; baseline 0.008 -30"><span class='ocrx_word' id='word_1_99' title='bbox 145 1485 460 1556; x_wconf 76' lang='lat' dir='ltr'>»simulationem</span> <span class='ocrx_word' id='word_1_100' title='bbox 491 1489 548 1557; x_wconf 85' lang='lat' dir='ltr'>Ne</span> <span class='ocrx_word' id='word_1_101' title='bbox 576 1482 807 1579; x_wconf 87' lang='lat' dir='ltr'>derelinquas</span> <span class='ocrx_word' id='word_1_102' title='bbox 831 1483 1001 1554; x_wconf 89' lang='lat' dir='ltr'>mandata</span> <span class='ocrx_word' id='word_1_103' title='bbox 1030 1483 1189 1557; x_wconf 87' lang='lat' dir='ltr'>Domini.</span> 
     </span>
     <span class='ocr_line' id='line_1_14' title="bbox 147 1589 1193 1692; baseline 0.006 -34"><span class='ocrx_word' id='word_1_104' title='bbox 147 1597 355 1692; x_wconf 75' lang='lat' dir='ltr'>»Teipsum</span> <span class='ocrx_word' id='word_1_105' title='bbox 374 1619 450 1664; x_wconf 91' lang='lat' dir='ltr'>non</span> <span class='ocrx_word' id='word_1_106' title='bbox 469 1591 667 1678; x_wconf 77' lang='lat' dir='ltr'>exaltabis3</span> <span class='ocrx_word' id='word_1_107' title='bbox 691 1593 761 1659; x_wconf 87' lang='lat' dir='ltr'>eris</span> <span class='ocrx_word' id='word_1_108' title='bbox 781 1591 914 1659; x_wconf 86' lang='lat' dir='ltr'>autem</span> <span class='ocrx_word' id='word_1_109' title='bbox 927 1589 1088 1662; x_wconf 89' lang='lat' dir='ltr'>humilis.</span> <span class='ocrx_word' id='word_1_110' title='bbox 1111 1598 1193 1666; x_wconf 82' lang='lat' dir='ltr'>Non</span> 
     </span>
     <span class='ocr_line' id='line_1_15' title="bbox 152 1693 1196 1796; baseline -0.002 -24"><span class='ocrx_word' id='word_1_111' title='bbox 152 1733 169 1766; x_wconf 71' lang='lat' dir='ltr'>a</span> <span class='ocrx_word' id='word_1_112' title='bbox 183 1727 350 1774; x_wconf 82' lang='lat' dir='ltr'>assumes</span> <span class='ocrx_word' id='word_1_113' title='bbox 363 1702 430 1772; x_wconf 84' lang='lat' dir='ltr'>tibi</span> <span class='ocrx_word' id='word_1_114' title='bbox 448 1701 615 1796; x_wconf 83' lang='lat' dir='ltr'>gloriam.</span> <span class='ocrx_word' id='word_1_115' title='bbox 625 1703 712 1770; x_wconf 78' lang='lat' dir='ltr'>Non</span> <span class='ocrx_word' id='word_1_116' title='bbox 726 1700 846 1792; x_wconf 85' lang='lat' dir='ltr'>capies</span> <span class='ocrx_word' id='word_1_117' title='bbox 859 1693 996 1766; x_wconf 84' lang='lat' dir='ltr'>malum</span> <span class='ocrx_word' id='word_1_118' title='bbox 1011 1701 1196 1772; x_wconf 90' lang='lat' dir='ltr'>consilium</span> 
     </span>
     <span class='ocr_line' id='line_1_16' title="bbox 157 1802 1197 1903; baseline 0.001 -28"><span class='ocrx_word' id='word_1_119' title='bbox 157 1841 175 1875; x_wconf 68' lang='lat' dir='ltr'>a</span> <span class='ocrx_word' id='word_1_120' title='bbox 190 1808 368 1879; x_wconf 75' lang='lat' dir='ltr'>adversus</span> <span class='ocrx_word' id='word_1_121' title='bbox 389 1809 602 1903; x_wconf 79' lang='lat' dir='ltr'>proximum</span> <span class='ocrx_word' id='word_1_122' title='bbox 624 1820 740 1874; x_wconf 90' lang='lat' dir='ltr'>tuum.</span> <span class='ocrx_word' id='word_1_123' title='bbox 766 1807 848 1874; x_wconf 84' lang='lat' dir='ltr'>Non</span> <span class='ocrx_word' id='word_1_124' title='bbox 873 1802 976 1873; x_wconf 89' lang='lat' dir='ltr'>dabis</span> <span class='ocrx_word' id='word_1_125' title='bbox 1000 1807 1119 1875; x_wconf 87' lang='lat' dir='ltr'>animo</span> <span class='ocrx_word' id='word_1_126' title='bbox 1138 1830 1197 1876; x_wconf 87' lang='lat' dir='ltr'>au-</span> 
     </span>
     <span class='ocr_line' id='line_1_17' title="bbox 166 1907 1195 1984; baseline 0.006 -8"><span class='ocrx_word' id='word_1_127' title='bbox 166 1912 347 1982; x_wconf 77' lang='lat' dir='ltr'>»daciam</span> <span class='ocrx_word' id='word_1_128' title='bbox 374 1927 411 1980; x_wconf 88' lang='lat' dir='ltr'>et</span> <span class='ocrx_word' id='word_1_129' title='bbox 438 1907 703 1980; x_wconf 89' lang='lat' dir='ltr'>confidentiam.</span> <span class='ocrx_word' id='word_1_130' title='bbox 733 1913 814 1982; x_wconf 89' lang='lat' dir='ltr'>Non</span> <span class='ocrx_word' id='word_1_131' title='bbox 841 1907 1082 1982; x_wconf 82' lang='lat' dir='ltr'>fornicaberis.</span> <span class='ocrx_word' id='word_1_132' title='bbox 1113 1917 1195 1984; x_wconf 88' lang='lat' dir='ltr'>Non</span> 
     </span>
     <span class='ocr_line' id='line_1_18' title="bbox 169 2014 1207 2112; baseline 0.006 -28"><span class='ocrx_word' id='word_1_133' title='bbox 169 2049 189 2084; x_wconf 74' lang='lat' dir='ltr'><strong>n</strong></span> <span class='ocrx_word' id='word_1_134' title='bbox 203 2019 422 2089; x_wconf 86' lang='lat' dir='ltr'>adulterium</span> <span class='ocrx_word' id='word_1_135' title='bbox 444 2014 562 2086; x_wconf 85' lang='lat' dir='ltr'>facies.</span> <span class='ocrx_word' id='word_1_136' title='bbox 585 2019 716 2086; x_wconf 88' lang='lat' dir='ltr'>Pueros</span> <span class='ocrx_word' id='word_1_137' title='bbox 734 2039 811 2083; x_wconf 89' lang='lat' dir='ltr'>nou</span> <span class='ocrx_word' id='word_1_138' title='bbox 835 2039 1054 2112; x_wconf 81' lang='lat' dir='ltr'>corrumpas.</span> <span class='ocrx_word' id='word_1_139' title='bbox 1081 2022 1132 2088; x_wconf 87' lang='lat' dir='ltr'>Ex</span> <span class='ocrx_word' id='word_1_140' title='bbox 1159 2016 1207 2090; x_wconf 86' lang='lat' dir='ltr'>te&#39;</span> 
     </span>
     <span class='ocr_line' id='line_1_19' title="bbox 165 2119 1191 2220; baseline 0.008 -31"><span class='ocrx_word' id='word_1_141' title='bbox 165 2154 184 2189; x_wconf 68' lang='lat' dir='ltr'>a</span> <span class='ocrx_word' id='word_1_142' title='bbox 197 2149 273 2194; x_wconf 89' lang='lat' dir='ltr'>non</span> <span class='ocrx_word' id='word_1_143' title='bbox 294 2123 496 2220; x_wconf 81' lang='lat' dir='ltr'>egrediatur</span> <span class='ocrx_word' id='word_1_144' title='bbox 513 2120 679 2208; x_wconf 87' lang='lat' dir='ltr'>verbum,</span> <span class='ocrx_word' id='word_1_145' title='bbox 697 2119 762 2191; x_wconf 89' lang='lat' dir='ltr'>tibi</span> <span class='ocrx_word' id='word_1_146' title='bbox 781 2143 801 2190; x_wconf 89' lang='lat' dir='ltr'>a</span> <span class='ocrx_word' id='word_1_147' title='bbox 817 2125 894 2191; x_wconf 92' lang='lat' dir='ltr'>Deo</span> <span class='ocrx_word' id='word_1_148' title='bbox 913 2145 1141 2214; x_wconf 87' lang='lat' dir='ltr'>concessum,</span> <span class='ocrx_word' id='word_1_149' title='bbox 1155 2129 1191 2196; x_wconf 91' lang='lat' dir='ltr'>in</span> 
     </span>
     <span class='ocr_line' id='line_1_20' title="bbox 160 2227 1192 2326; baseline 0.007 -34"><span class='ocrx_word' id='word_1_150' title='bbox 160 2227 268 2298; x_wconf 79' lang='lat' dir='ltr'>»ulla</span> <span class='ocrx_word' id='word_1_151' title='bbox 296 2231 516 2326; x_wconf 90' lang='lat' dir='ltr'>impuritate.</span> <span class='ocrx_word' id='word_1_152' title='bbox 543 2229 624 2299; x_wconf 87' lang='lat' dir='ltr'>Non</span> <span class='ocrx_word' id='word_1_153' title='bbox 652 2229 805 2321; x_wconf 85' lang='lat' dir='ltr'>accipies</span> <span class='ocrx_word' id='word_1_154' title='bbox 831 2250 1041 2323; x_wconf 85' lang='lat' dir='ltr'>personam,</span> <span class='ocrx_word' id='word_1_155' title='bbox 1069 2232 1108 2298; x_wconf 89' lang='lat' dir='ltr'>in</span> <span class='ocrx_word' id='word_1_156' title='bbox 1138 2254 1192 2300; x_wconf 89' lang='lat' dir='ltr'>ar·</span> 
     </span>
     <span class='ocr_line' id='line_1_21' title="bbox 159 2333 1195 2434; baseline 0.003 -29"><span class='ocrx_word' id='word_1_157' title='bbox 159 2360 178 2397; x_wconf 74' lang='lat' dir='ltr'>r</span> <span class='ocrx_word' id='word_1_158' title='bbox 190 2333 339 2430; x_wconf 85' lang='lat' dir='ltr'>guendo</span> <span class='ocrx_word' id='word_1_159' title='bbox 349 2335 550 2430; x_wconf 87' lang='lat' dir='ltr'>cujuspiam</span> <span class='ocrx_word' id='word_1_160' title='bbox 562 2334 676 2431; x_wconf 90' lang='lat' dir='ltr'>lapsu.</span> <span class='ocrx_word' id='word_1_161' title='bbox 687 2335 764 2402; x_wconf 90' lang='lat' dir='ltr'>Eris</span> <span class='ocrx_word' id='word_1_162' title='bbox 773 2349 992 2406; x_wconf 87' lang='lat' dir='ltr'>mansuetus.</span> <span class='ocrx_word' id='word_1_163' title='bbox 1006 2339 1084 2406; x_wconf 90' lang='lat' dir='ltr'>Eris</span> <span class='ocrx_word' id='word_1_164' title='bbox 1094 2341 1195 2434; x_wconf 89' lang='lat' dir='ltr'>quie-</span> 
     </span>
     <span class='ocr_line' id='line_1_22' title="bbox 155 2439 1195 2535; baseline 0.007 -26"><span class='ocrx_word' id='word_1_165' title='bbox 155 2468 174 2503; x_wconf 75' lang='lat' dir='ltr'>a</span> <span class='ocrx_word' id='word_1_166' title='bbox 186 2454 258 2512; x_wconf 84' lang='lat' dir='ltr'>tus.</span> <span class='ocrx_word' id='word_1_167' title='bbox 273 2441 537 2511; x_wconf 89' lang='lat' dir='ltr'>Contremisces</span> <span class='ocrx_word' id='word_1_168' title='bbox 551 2439 595 2511; x_wconf 91' lang='lat' dir='ltr'>ad</span> <span class='ocrx_word' id='word_1_169' title='bbox 609 2439 720 2510; x_wconf 86' lang='lat' dir='ltr'>verba</span> <span class='ocrx_word' id='word_1_170' title='bbox 734 2464 814 2535; x_wconf 88' lang='lat' dir='ltr'>quae</span> <span class='ocrx_word' id='word_1_171' title='bbox 827 2439 983 2512; x_wconf 85' lang='lat' dir='ltr'>audiisti.</span> <span class='ocrx_word' id='word_1_172' title='bbox 1002 2448 1117 2516; x_wconf 89' lang='lat' dir='ltr'>Fratri</span> <span class='ocrx_word' id='word_1_173' title='bbox 1131 2459 1195 2516; x_wconf 87' lang='lat' dir='ltr'>tuo</span> 
     </span>
     <span class='ocr_line' id='line_1_23' title="bbox 157 2538 1226 2641; baseline 0.008 -30"><span class='ocrx_word' id='word_1_174' title='bbox 157 2571 174 2606; x_wconf 71' lang='lat' dir='ltr'>a</span> <span class='ocrx_word' id='word_1_175' title='bbox 189 2545 369 2639; x_wconf 81' lang='lat' dir='ltr'>ignosces.</span> <span class='ocrx_word' id='word_1_176' title='bbox 393 2548 447 2616; x_wconf 90' lang='lat' dir='ltr'>Ne</span> <span class='ocrx_word' id='word_1_177' title='bbox 468 2543 627 2641; x_wconf 83' lang='lat' dir='ltr'>ambigas</span> <span class='ocrx_word' id='word_1_178' title='bbox 648 2559 774 2614; x_wconf 90' lang='lat' dir='ltr'>utrum</span> <span class='ocrx_word' id='word_1_179' title='bbox 796 2541 958 2615; x_wconf 89' lang='lat' dir='ltr'>luturum</span> <span class='ocrx_word' id='word_1_180' title='bbox 983 2550 1045 2636; x_wconf 87' lang='lat' dir='ltr'>sit,</span> <span class='ocrx_word' id='word_1_181' title='bbox 1068 2573 1195 2622; x_wconf 86' lang='lat' dir='ltr'>necne.</span> <span class='ocrx_word' id='word_1_182' title='bbox 1222 2538 1226 2554; x_wconf 59' lang='lat'><strong><em>⁴</em></strong></span> 
     </span>
     <span class='ocr_line' id='line_1_24' title="bbox 156 2651 1197 2748; baseline 0.005 -29"><span class='ocrx_word' id='word_1_183' title='bbox 156 2676 174 2711; x_wconf 68' lang='lat' dir='ltr'>s</span> <span class='ocrx_word' id='word_1_184' title='bbox 187 2652 246 2719; x_wconf 88' lang='lat' dir='ltr'>Ne</span> <span class='ocrx_word' id='word_1_185' title='bbox 257 2673 416 2720; x_wconf 89' lang='lat' dir='ltr'>assumas</span> <span class='ocrx_word' id='word_1_186' title='bbox 426 2651 464 2718; x_wconf 90' lang='lat' dir='ltr'>in</span> <span class='ocrx_word' id='word_1_187' title='bbox 474 2673 607 2720; x_wconf 91' lang='lat' dir='ltr'>vanum</span> <span class='ocrx_word' id='word_1_188' title='bbox 616 2672 752 2719; x_wconf 80' lang='lat' dir='ltr'>nomen</span> <span class='ocrx_word' id='word_1_189' title='bbox 764 2652 923 2720; x_wconf 90' lang='lat' dir='ltr'>Domini.</span> <span class='ocrx_word' id='word_1_190' title='bbox 934 2651 1071 2748; x_wconf 86' lang='lat' dir='ltr'>Diliges</span> <span class='ocrx_word' id='word_1_191' title='bbox 1081 2659 1197 2748; x_wconf 85' lang='lat' dir='ltr'>proxi·</span> 
     </span>
     <span class='ocr_line' id='line_1_25' title="bbox 155 2753 1195 2850; baseline 0.009 -33"><span class='ocrx_word' id='word_1_192' title='bbox 155 2776 291 2822; x_wconf 75' lang='lat' dir='ltr'>»mum</span> <span class='ocrx_word' id='word_1_193' title='bbox 307 2767 427 2839; x_wconf 88' lang='lat' dir='ltr'>tuum,</span> <span class='ocrx_word' id='word_1_194' title='bbox 445 2753 638 2850; x_wconf 87' lang='lat' dir='ltr'>plusquam</span> <span class='ocrx_word' id='word_1_195' title='bbox 654 2757 811 2822; x_wconf 90' lang='lat' dir='ltr'>animam</span> <span class='ocrx_word' id='word_1_196' title='bbox 827 2766 939 2820; x_wconf 79' lang='lat' dir='ltr'>trram.</span> <span class='ocrx_word' id='word_1_197' title='bbox 959 2757 1042 2822; x_wconf 91' lang='lat' dir='ltr'>Non</span> <span class='ocrx_word' id='word_1_198' title='bbox 1058 2754 1195 2826; x_wconf 88' lang='lat' dir='ltr'>interfi-</span> 
     </span>
     <span class='ocr_line' id='line_1_26' title="bbox 155 2857 1198 2958; baseline 0.009 -32"><span class='ocrx_word' id='word_1_199' title='bbox 155 2891 172 2926; x_wconf 58' lang='grc' dir='ltr'><strong>η</strong></span> <span class='ocrx_word' id='word_1_200' title='bbox 186 2865 263 2932; x_wconf 89' lang='lat' dir='ltr'>cies</span> <span class='ocrx_word' id='word_1_201' title='bbox 278 2857 408 2929; x_wconf 83' lang='lat' dir='ltr'>foetum</span> <span class='ocrx_word' id='word_1_202' title='bbox 422 2861 460 2927; x_wconf 91' lang='lat' dir='ltr'>in</span> <span class='ocrx_word' id='word_1_203' title='bbox 478 2859 684 2944; x_wconf 88' lang='lat' dir='ltr'>abortione,</span> <span class='ocrx_word' id='word_1_204' title='bbox 702 2881 772 2926; x_wconf 91' lang='lat' dir='ltr'>nec</span> <span class='ocrx_word' id='word_1_205' title='bbox 788 2860 894 2926; x_wconf 88' lang='lat' dir='ltr'>etiam</span> <span class='ocrx_word' id='word_1_206' title='bbox 912 2857 1099 2931; x_wconf 81' lang='lat' dir='ltr'>interimas</span> <span class='ocrx_word' id='word_1_207' title='bbox 1117 2880 1198 2958; x_wconf 90' lang='lat' dir='ltr'>post</span> 
     </span>
     <span class='ocr_line' id='line_1_27' title="bbox 157 2962 1197 3058; baseline 0.01 -26"><span class='ocrx_word' id='word_1_208' title='bbox 157 2969 426 3040; x_wconf 70' lang='lat' dir='ltr'>»nativitatem</span> <span class='ocrx_word' id='word_1_209' title='bbox 448 2968 509 3036; x_wconf 88' lang='lat' dir='ltr'>Ne</span> <span class='ocrx_word' id='word_1_210' title='bbox 524 2962 666 3036; x_wconf 88' lang='lat' dir='ltr'>auferas</span> <span class='ocrx_word' id='word_1_211' title='bbox 685 2986 835 3032; x_wconf 88' lang='lat' dir='ltr'>manum</span> <span class='ocrx_word' id='word_1_212' title='bbox 856 2977 956 3033; x_wconf 88' lang='lat' dir='ltr'>tuam</span> <span class='ocrx_word' id='word_1_213' title='bbox 980 2989 1001 3035; x_wconf 91' lang='lat' dir='ltr'>a</span> <span class='ocrx_word' id='word_1_214' title='bbox 1022 2966 1197 3058; x_wconf 78' lang='lat' dir='ltr'>libonio,</span> 
     </span>
     <span class='ocr_line' id='line_1_28' title="bbox 159 3067 1196 3168; baseline 0.009 -28"><span class='ocrx_word' id='word_1_215' title='bbox 159 3074 248 3146; x_wconf 72' lang='lat' dir='ltr'>»vel</span> <span class='ocrx_word' id='word_1_216' title='bbox 264 3099 285 3145; x_wconf 90' lang='lat' dir='ltr'>a</span> <span class='ocrx_word' id='word_1_217' title='bbox 301 3073 376 3144; x_wconf 89' lang='lat' dir='ltr'>filia</span> <span class='ocrx_word' id='word_1_218' title='bbox 395 3087 475 3161; x_wconf 87' lang='lat' dir='ltr'>tua;</span> <span class='ocrx_word' id='word_1_219' title='bbox 491 3071 554 3142; x_wconf 90' lang='lat' dir='ltr'>sed</span> <span class='ocrx_word' id='word_1_220' title='bbox 572 3095 593 3142; x_wconf 87' lang='lat' dir='ltr'>a</span> <span class='ocrx_word' id='word_1_221' title='bbox 610 3072 766 3168; x_wconf 89' lang='lat' dir='ltr'>pueritia</span> <span class='ocrx_word' id='word_1_222' title='bbox 784 3067 930 3142; x_wconf 85' lang='lat' dir='ltr'>docebis</span> <span class='ocrx_word' id='word_1_223' title='bbox 947 3096 1010 3144; x_wconf 90' lang='lat' dir='ltr'>eos</span> <span class='ocrx_word' id='word_1_224' title='bbox 1030 3079 1196 3148; x_wconf 84' lang='lat' dir='ltr'>timorem</span> 
     </span>
     <span class='ocr_line' id='line_1_29' title="bbox 157 3179 1197 3276; baseline 0.009 -30"><span class='ocrx_word' id='word_1_225' title='bbox 157 3181 353 3252; x_wconf 74' lang='lat' dir='ltr'>»Domini</span> <span class='ocrx_word' id='word_1_226' title='bbox 380 3184 479 3250; x_wconf 89' lang='lat' dir='ltr'>Bona</span> <span class='ocrx_word' id='word_1_227' title='bbox 501 3179 656 3274; x_wconf 85' lang='lat' dir='ltr'>proximi</span> <span class='ocrx_word' id='word_1_228' title='bbox 678 3179 733 3247; x_wconf 87' lang='lat' dir='ltr'>tui</span> <span class='ocrx_word' id='word_1_229' title='bbox 757 3200 830 3246; x_wconf 92' lang='lat' dir='ltr'>non</span> <span class='ocrx_word' id='word_1_230' title='bbox 857 3182 1109 3276; x_wconf 89' lang='lat' dir='ltr'>concupisces,</span> <span class='ocrx_word' id='word_1_231' title='bbox 1133 3208 1197 3256; x_wconf 90' lang='lat' dir='ltr'>nec</span> 
     </span>
     <span class='ocr_line' id='line_1_30' title="bbox 157 3282 1196 3378; baseline 0.006 -24"><span class='ocrx_word' id='word_1_232' title='bbox 157 3319 177 3354; x_wconf 68' lang='lat' dir='ltr'>a</span> <span class='ocrx_word' id='word_1_233' title='bbox 190 3291 261 3358; x_wconf 88' lang='lat' dir='ltr'>eris</span> <span class='ocrx_word' id='word_1_234' title='bbox 279 3310 409 3358; x_wconf 77' lang='lat' dir='ltr'>avarus</span> <span class='ocrx_word' id='word_1_235' title='bbox 427 3298 463 3354; x_wconf 91' lang='lat' dir='ltr'>et</span> <span class='ocrx_word' id='word_1_236' title='bbox 482 3282 677 3354; x_wconf 88' lang='lat' dir='ltr'>fraudator.</span> <span class='ocrx_word' id='word_1_237' title='bbox 703 3285 831 3378; x_wconf 86' lang='lat' dir='ltr'>Neque</span> <span class='ocrx_word' id='word_1_238' title='bbox 853 3307 897 3354; x_wconf 83' lang='lat' dir='ltr'>ex</span> <span class='ocrx_word' id='word_1_239' title='bbox 917 3288 1039 3354; x_wconf 89' lang='lat' dir='ltr'>anima</span> <span class='ocrx_word' id='word_1_240' title='bbox 1057 3301 1120 3358; x_wconf 90' lang='lat' dir='ltr'>tua</span> <span class='ocrx_word' id='word_1_241' title='bbox 1139 3289 1196 3360; x_wconf 89' lang='lat' dir='ltr'>ad-</span> 
     </span>
     <span class='ocr_line' id='line_1_31' title="bbox 155 3387 1197 3487; baseline 0.011 -28"><span class='ocrx_word' id='word_1_242' title='bbox 155 3391 347 3464; x_wconf 78' lang='lat' dir='ltr'>»haerebis</span> <span class='ocrx_word' id='word_1_243' title='bbox 366 3388 548 3487; x_wconf 84' lang='lat' dir='ltr'>superbis3</span> <span class='ocrx_word' id='word_1_244' title='bbox 567 3388 628 3460; x_wconf 90' lang='lat' dir='ltr'>sed</span> <span class='ocrx_word' id='word_1_245' title='bbox 647 3413 731 3459; x_wconf 88' lang='lat' dir='ltr'>cnm</span> <span class='ocrx_word' id='word_1_246' title='bbox 746 3387 852 3482; x_wconf 82' lang='lat' dir='ltr'>justis</span> <span class='ocrx_word' id='word_1_247' title='bbox 872 3403 982 3483; x_wconf 88' lang='lat' dir='ltr'>atque</span> <span class='ocrx_word' id='word_1_248' title='bbox 1000 3387 1197 3470; x_wconf 73' lang='lat' dir='ltr'>bumilibus</span> 
     </span>
     <span class='ocr_line' id='line_1_32' title="bbox 159 3489 1196 3585; baseline -0.002 -16"><span class='ocrx_word' id='word_1_249' title='bbox 159 3495 420 3568; x_wconf 77' lang='lat' dir='ltr'>»adscriberis</span> <span class='ocrx_word' id='word_1_250' title='bbox 443 3495 531 3581; x_wconf 84' lang='lat' dir='ltr'>Quae</span> <span class='ocrx_word' id='word_1_251' title='bbox 548 3489 615 3562; x_wconf 89' lang='lat' dir='ltr'>tibi</span> <span class='ocrx_word' id='word_1_252' title='bbox 632 3495 850 3585; x_wconf 85' lang='lat' dir='ltr'>contingunt</span> <span class='ocrx_word' id='word_1_253' title='bbox 866 3495 1082 3582; x_wconf 85' lang='lat' dir='ltr'>vexationes,</span> <span class='ocrx_word' id='word_1_254' title='bbox 1101 3513 1196 3570; x_wconf 90' lang='lat' dir='ltr'>tam-</span> 
     </span>
     <span class='ocr_line' id='line_1_33' title="bbox 157 3595 1197 3700; baseline 0.005 -30"><span class='ocrx_word' id='word_1_255' title='bbox 157 3634 176 3670; x_wconf 69' lang='lat'><strong>»</strong></span> <span class='ocrx_word' id='word_1_256' title='bbox 189 3627 303 3700; x_wconf 89' lang='lat' dir='ltr'>quam</span> <span class='ocrx_word' id='word_1_257' title='bbox 322 3599 425 3670; x_wconf 88' lang='lat' dir='ltr'>bona</span> <span class='ocrx_word' id='word_1_258' title='bbox 447 3595 605 3668; x_wconf 89' lang='lat' dir='ltr'>admitte.</span> <span class='ocrx_word' id='word_1_259' title='bbox 628 3601 714 3668; x_wconf 86' lang='lat' dir='ltr'>Non</span> <span class='ocrx_word' id='word_1_260' title='bbox 731 3597 801 3665; x_wconf 89' lang='lat' dir='ltr'>eris</span> <span class='ocrx_word' id='word_1_261' title='bbox 821 3598 1038 3688; x_wconf 76' lang='lat' dir='ltr'>inconstans,</span> <span class='ocrx_word' id='word_1_262' title='bbox 1059 3627 1127 3676; x_wconf 92' lang='lat' dir='ltr'>nec</span> <span class='ocrx_word' id='word_1_263' title='bbox 1142 3605 1197 3678; x_wconf 91' lang='lat' dir='ltr'>bi·</span> 
     </span>
     <span class='ocr_line' id='line_1_34' title="bbox 159 3704 1196 3807; baseline 0.006 -31"><span class='ocrx_word' id='word_1_264' title='bbox 159 3705 645 3804; x_wconf 75' lang='lat' dir='ltr'>»linguis31aqueusenim</span> <span class='ocrx_word' id='word_1_265' title='bbox 668 3704 794 3772; x_wconf 88' lang='lat' dir='ltr'>mortis</span> <span class='ocrx_word' id='word_1_266' title='bbox 817 3719 882 3791; x_wconf 86' lang='lat' dir='ltr'>est,</span> <span class='ocrx_word' id='word_1_267' title='bbox 906 3705 1027 3804; x_wconf 86' lang='lat' dir='ltr'>lingua</span> <span class='ocrx_word' id='word_1_268' title='bbox 1052 3707 1196 3807; x_wconf 87' lang='lat' dir='ltr'>duplex.</span> 
     </span>
     <span class='ocr_line' id='line_1_35' title="bbox 160 3805 1198 3908; baseline 0.006 -29"><span class='ocrx_word' id='word_1_269' title='bbox 160 3845 177 3879; x_wconf 69' lang='lat' dir='ltr'><strong>n</strong></span> <span class='ocrx_word' id='word_1_270' title='bbox 190 3813 405 3908; x_wconf 83' lang='lat' dir='ltr'>subjicieris</span> <span class='ocrx_word' id='word_1_271' title='bbox 417 3813 579 3891; x_wconf 67' lang='lat' dir='ltr'>Domino</span> <span class='ocrx_word' id='word_1_272' title='bbox 592 3812 690 3896; x_wconf 90' lang='lat' dir='ltr'>Deo;</span> <span class='ocrx_word' id='word_1_273' title='bbox 703 3805 855 3880; x_wconf 90' lang='lat' dir='ltr'>dominis&#39;</span> <span class='ocrx_word' id='word_1_274' title='bbox 864 3835 966 3897; x_wconf 89' lang='lat' dir='ltr'>vero,</span> <span class='ocrx_word' id='word_1_275' title='bbox 980 3827 1022 3882; x_wconf 90' lang='lat' dir='ltr'>ut</span> <span class='ocrx_word' id='word_1_276' title='bbox 1033 3817 1100 3883; x_wconf 90' lang='lat' dir='ltr'>Dei</span> <span class='ocrx_word' id='word_1_277' title='bbox 1113 3818 1198 3885; x_wconf 85' lang='lat' dir='ltr'>ima-</span> 
     </span>
     <span class='ocr_line' id='line_1_36' title="bbox 162 3915 1199 4017; baseline 0.006 -31"><span class='ocrx_word' id='word_1_278' title='bbox 162 3953 179 3986; x_wconf 77' lang='lat'><strong>»</strong></span> <span class='ocrx_word' id='word_1_279' title='bbox 192 3923 284 4017; x_wconf 79' lang='lat' dir='ltr'>glai,</span> <span class='ocrx_word' id='word_1_280' title='bbox 307 3924 346 3992; x_wconf 88' lang='lat' dir='ltr'>in</span> <span class='ocrx_word' id='word_1_281' title='bbox 365 3915 586 3989; x_wconf 80' lang='lat' dir='ltr'>verecundia</span> <span class='ocrx_word' id='word_1_282' title='bbox 609 3932 646 3988; x_wconf 91' lang='lat' dir='ltr'>et</span> <span class='ocrx_word' id='word_1_283' title='bbox 667 3919 805 3990; x_wconf 87' lang='lat' dir='ltr'>timore.</span> <span class='ocrx_word' id='word_1_284' title='bbox 832 3921 886 3990; x_wconf 84' lang='lat' dir='ltr'>Ne</span> <span class='ocrx_word' id='word_1_285' title='bbox 905 3919 943 3988; x_wconf 93' lang='lat' dir='ltr'>in</span> <span class='ocrx_word' id='word_1_286' title='bbox 962 3915 1199 3993; x_wconf 85' lang='lat' dir='ltr'>amaritudine</span> 
     </span>
    </p>
   </div>
   <div class='ocr_carea' id='block_1_3' title="bbox 0 0 1414 4688">
    <p class='ocr_par' dir='ltr' id='par_1_3' title="bbox 0 0 1414 4688">
     <span class='ocr_line' id='line_1_37' title="bbox 0 0 1414 4688; baseline 0 0"><span class='ocrx_word' id='word_1_287' title='bbox 0 0 1414 4688; x_wconf 95' lang='lat' dir='ltr'> </span> 
     </span>
    </p>
   </div>
  </div>
 </body>
</html>
