2646 4596
237 163 301 238 408
534 183 645 224 sanari
668 183 786 226 suarim
810 183 961 228 uaursars

235 307 382 373 passurus
394 296 473 359 erat,
483 284 615 350 salntem
626 311 665 351 ex
676 289 831 354 morsibus
844 291 1007 378 serpentia,
1017 291 1068 377 qui
1080 290 1150 356 nihil
1158 291 1231 364 aliud

236 404 310 457 aunt
321 415 416 480 quam
432 416 534 480 pravae
546 395 695 469 actiones,
713 395 954 462 simulacrorum
967 397 1069 462 cultas
1083 411 1113 462 et
1125 399 1175 464 alia
1187 401 1232 464 in-
1315 415 1316 475 t

236 501 424 590 inaminata,
441 500 616 572 nuntiabat.
637 501 702 566 Nisi
716 502 801 568 enim
816 503 859 568 ita
875 527 925 568 res
939 503 1137 592 intelligatur,
1150 509 1233 572 ratio
1315 543 1316 586 t

236 614 310 672 aem
331 609 403 670 data
423 631 482 670 cur
500 608 601 672 Moses
616 621 792 695 serpentem
812 635 935 684 aeneum
955 613 1043 702 signo
1061 614 1233 700 imposuerit,
1315 651 1316 694 p

236 737 274 780 ao
285 714 411 801 jusserit
421 726 457 777 ut
471 737 545 778 eum
557 713 756 779 intuerentur
769 717 825 803 qui
842 716 999 782 morsibus
1015 721 1102 804 petiti
1118 719 1233 796 merant,
1315 749 1316 806 p

235 843 275 886 ex
289 845 351 908 quo
366 821 461 886 etiam
476 819 519 885 illi
536 825 727 887 sanabantur
733 847 743 894 ;
763 823 857 910 idque
872 847 946 890 cnm
963 825 1029 912 ipse
1045 827 1237 900 sanxissetna

236 928 473 1010 ulliusomnino
491 931 535 994 rei
551 928 754 995 simulacrum
769 930 868 996 lieret.
954 999 957 1004 Α
1039 961 1048 976 ·
1315 953 1316 964 ’

277 1038 337 1105 Hic
362 1035 441 1103 alius
463 1061 502 1102 ex
524 1037 582 1102 illis
600 1039 654 1126 qui
673 1039 824 1127 postridie
842 1052 1005 1117 venerant,
1025 1041 1120 1117 Vera,
1140 1044 1236 1129 inquit,

236 1148 339 1216 dixisti
353 1172 361 1211 :
384 1148 539 1213 rationem
555 1147 667 1213 afferre
681 1173 746 1214 non
760 1173 936 1239 possumus.
961 1151 1044 1216 Nam
1059 1163 1092 1215 et
1106 1173 1160 1238 ego
1172 1175 1237 1238 sepe

235 1280 271 1322 aa
288 1258 327 1323 de
342 1281 375 1321 re
392 1259 555 1346 magistros
570 1269 693 1323 nostros
710 1261 911 1348 interrogavi,
928 1284 989 1326 nec
1004 1261 1242 1348 quisquammibi

235 1367 390 1432 rationem
411 1366 556 1430 reddidit.
589 1366 790 1454 Quapropter
812 1390 907 1455 perge
932 1369 1020 1454 quod
1048 1369 1149 1433 dicere
1171 1371 1242 1434 insti
1313 1334 1315 1407 l

235 1475 321 1540 tuisti
337 1499 345 1539 :
363 1475 419 1538 tibi
434 1475 520 1538 enim
534 1475 721 1560 mysterium
734 1473 909 1539 recludenti
926 1475 1133 1550 attendimus,
1147 1477 1241 1564 pande

236 1604 330 1647 causa
345 1582 440 1646 etiam
453 1581 683 1670 Prophetarum
699 1581 824 1646 oracula
842 1583 1007 1650 calumniis
1023 1596 1157 1671 pateant
1314 1568 1315 1573 ἵ

280 1687 363 1752 Tum
378 1712 436 1778 ego
451 1713 459 1753 ε
478 1688 756 1767 Quemadmodum
771 1691 856 1755 Deus
872 1691 998 1778 signum
1011 1715 1072 1779 per
1086 1705 1244 1779 serpentem

237 1819 361 1864 aeneum
375 1797 443 1861 fieri
458 1799 560 1884 jussit,
579 1819 639 1861 nec
654 1807 759 1886 tamen
777 1797 810 1861 in
825 1796 916 1885 culpa
928 1799 1058 1871 ast;,sic
1073 1800 1107 1864 in
1121 1798 1183 1888 lega
1191 1823 1245 1864 ma-

236 1907 363 1971 ledictio
374 1904 473 1993 posita
486 1916 534 1968 est
545 1903 578 1967 in
593 1903 736 1968 hominos
748 1903 927 1979 crucifixos,
945 1927 1146 1990 nequaquam
1155 1917 1248 1970 autom

236 2015 270 2080 in
285 2014 447 2078 Christum
462 2013 533 2087 Dei,
550 2035 607 2100 per
622 2035 838 2098 quemomnes
850 2013 965 2101 quires
980 2011 1197 2078 maledictione
1206 2013 1250 2076 di-

238 2145 313 2210 gaas
328 2131 503 2210 gesserunt,
521 2143 537 2184 a
554 2121 621 2184 Deo
636 2118 803 2186 salvantur.

281 2226 380 2292 XCV.
412 2227 491 2292 Nam
517 2249 611 2290 omne
637 2227 813 2292 humanum
838 2251 937 2316 genus
964 2228 1172 2296 maledictioni
1194 2233 1249 2294 ob-

238 2337 369 2404 noxium
389 2336 574 2422 reperietur.
594 2336 778 2402 MaledIctus
794 2335 879 2400 enim
898 2337 1181 2425 secuudumlegem
1189 2337 1247 2402 llo

238 2447 278 2512 sis
302 2445 405 2510 dictus
425 2456 484 2518 est,
504 2444 644 2532 quisquis
665 2467 752 2508 «non
770 2454 933 2531 permanet
949 2446 982 2508 in
999 2446 1046 2510 eis
1064 2469 1134 2531 quaa
1148 2447 1250 2532 scripta

237 2585 250 2618 s
265 2553 381 2619 suntin
394 2550 474 2616 libro
486 2551 575 2640 legis,
590 2564 624 2616 ut
637 2552 731 2616 faciat
742 2575 779 2616 ea
788 2551 810 2615 ¹.
827 2551 949 2616 »Nemo
961 2565 1047 2616 certe
1060 2554 1165 2618 omnia
1174 2575 1253 2618 cocu

236 2675 305 2729 rate
316 2662 491 2728 observavit
507 2660 627 2748 (neque
638 2661 671 2726 id
683 2683 737 2726 vos
748 2683 862 2748 negare
874 2659 1028 2746 audebitis
1036 2665 1065 2750 ),
1078 2663 1135 2726 sed
1143 2661 1255 2727 aliialiis

237 2771 308 2862 plus
325 2771 494 2836 autminus
506 2780 665 2857 praecepta
682 2769 902 2832 observarunt.
923 2768 1058 2846 Quodsi
1075 2793 1131 2836 eos
1146 2771 1198 2858 qui
1209 2772 1256 2834 snb

238 2884 299 2948 hac
312 2882 381 2969 lege
397 2891 482 2954 sunt,
503 2881 561 2944 sub
578 2876 803 2942 maledictione
818 2899 886 2942 esse
901 2888 999 2964 patet,
1016 2879 1104 2964 quod
1120 2881 1187 2944 non
1200 2901 1258 2944 ou·

236 2995 288 3060 nia
303 2991 551 3061 observaverint3
571 3011 612 3052 an
627 3011 692 3053 non
709 2985 811 3052 multo
826 2988 926 3074 magis
941 2988 1061 3074 patebit
1077 3003 1190 3076 gentos
1208 3011 1260 3052 om·

186 3119 189 3128 ¹
238 3127 307 3178 nes,
328 3123 398 3188 quas
414 3098 580 3164 simulacra
596 3096 719 3171 colunt,
739 3095 845 3184 pueris
866 3107 972 3183 stupra
988 3095 1144 3171 inserunt,
1163 3109 1199 3162 et
1215 3095 1261 3160 alia

239 3212 358 3279 nefarie
372 3210 504 3283 faciunt,
520 3209 578 3272 sub
596 3205 821 3270 maledictione
838 3229 915 3270 essa.
941 3206 1039 3292 Igitur
1054 3205 1079 3268 si
1095 3229 1157 3291 pro
1171 3205 1264 3270 bomi-

242 3323 336 3388 nibus
354 3343 393 3384 ex
412 3316 498 3382 omni
519 3337 634 3402 genere
658 3338 751 3379 sunm
766 3315 863 3378 etiam
883 3313 1044 3377 Christum
1064 3311 1188 3377 Parens
1208 3315 1264 3376 uni·

241 3451 404 3496 versorum
431 3423 669 3490 maledictiones
696 3423 840 3488 omnium
864 3422 896 3486 in
923 3445 956 3486 se
979 3420 1141 3506 suscipere
1163 3420 1264 3490 voluit,

241 3563 317 3606 cum
337 3539 481 3602 saturum
492 3535 595 3600 sciret
616 3544 649 3598 ut
666 3557 742 3598 eum
761 3531 949 3597 crucifixum
964 3543 996 3594 et
1010 3541 1177 3594 mortuum
1193 3527 1267 3594 exci-

244 3658 326 3714 taret
345 3646 385 3711 ad
406 3647 501 3710 vitam
508 3669 517 3716 ς
541 3669 598 3710 cur
614 3645 654 3708 de
672 3667 723 3717 eo,
745 3645 799 3729 qui
819 3641 996 3708 secundum
1015 3640 1115 3703 Patris
1131 3639 1269 3704 voluuta-

275 3775 371 3823 ¹Dcuh
389 3789 465 3832 xxvii,
483 3775 519 3821 ²6.
555 3773 558 3781 '
