2630 4614
317 247 351 286 ta
683 247 816 289 nartem
843 249 966 289 sssrutt

314 352 393 418 Natu
408 354 460 440 qui
476 353 631 441 singulare
646 365 807 418 certamen
818 365 971 442 spectant
984 366 1022 418 et
1039 353 1126 418 alter
1139 351 1258 416 alterius.

314 463 393 526 tium
405 462 523 533 favent;
544 464 596 549 qui
613 463 704 526 nubit
717 475 749 527 et
766 487 883 552 pueros
894 473 1031 551 stuprat
1048 474 1083 527 et
1100 463 1265 526 mechatur..

314 569 393 633 ridet
406 582 436 632 et
452 571 607 644 irascitur,
621 571 672 658 qui
684 571 762 660 sugit
773 585 804 636 et
818 570 1029 646 vulneratur,
1043 571 1266 660 quomodons-

313 701 377 741 non
395 679 604 744 existimetur!
625 681 685 745 Per
700 703 770 769 quae
790 683 875 745 enim
898 703 933 746 se
956 682 1023 768 ipsi
1048 681 1255 764 hominihuspt

312 798 415 851 esseut
428 801 630 876 operuerunt,
646 814 702 877 per
713 813 748 854 oa
760 791 926 855 audientes
938 791 983 856 ad
995 791 1121 856 similia
1134 791 1251 856 [acinon.

315 896 370 959 tati
390 909 472 964 sunt.
492 900 594 986 Atque
615 923 654 964 an
670 923 732 964 non
755 901 812 987 ipsi
833 899 1002 965 demones
1025 925 1109 966 cum
1131 901 1203 964 duee
1218 899 1250 962 d«-

315 1005 392 1070 Jove
408 1009 466 1073 suh
482 1008 581 1072 latum
595 1009 749 1083 cecidere,
769 1009 878 1073 iisdem
897 1032 936 1073 ac
955 1009 1118 1074 homines
1136 1009 1236 1096 cupidi:

315 1116 470 1201 superatil
491 1116 657 1192 Praeterea,
680 1116 839 1205 quomodo
860 1117 988 1182 colendi
1011 1119 1107 1205 apud
1127 1142 1199 1205 ques
1211 1119 1247 1204 pl·

314 1225 499 1310 opinionum
515 1226 683 1291 dissensio?
700 1226 778 1291 Nam
792 1225 925 1300 Rheam,
944 1249 1050 1312 quarn
1069 1225 1213 1313 Cybelen
1223 1250 1248 1281 a.

314 1332 521 1421 Phrygiarum
529 1337 683 1399 montium
692 1333 1055 1423 incolae,pudendorum
1062 1338 1242 1401 exsectione.

315 1453 444 1530 propter
454 1445 550 1532 Atyn,
561 1468 654 1531 quem
665 1447 802 1520 amabat,
815 1443 883 1534 lege
895 1447 1085 1510 sancivisse.
1097 1445 1199 1512 Venus
1209 1447 1261 1508 σε’.

317 1551 530 1640 complexibus
546 1554 720 1620 delectatur
734 1578 741 1618 :
755 1578 864 1642 magus
880 1567 926 1620 est
937 1556 1058 1630 Diana,
1074 1555 1243 1640 medicinis·

318 1663 358 1728 Et
369 1673 440 1748 post
451 1663 623 1728 abscissum
635 1663 788 1750 Gorgonis
800 1661 935 1750 Neptuni
948 1663 1066 1728 amicte
1081 1675 1191 1751 caput,
1201 1663 1256 1724 uan'

317 1793 408 1858 gesus
423 1793 522 1857 equus
534 1783 565 1835 et
577 1771 736 1858 Chrysaor
749 1768 973 1859 prosiluerunt,
989 1772 1162 1860 sanguinis
1178 1783 1244 1856 gua-2

318 1871 412 1944 nerva
428 1891 459 1944 et
475 1879 670 1968 AEsculnpius
684 1879 789 1968 partiti
805 1889 877 1943 sunt
892 1891 1009 1964 :atque
1031 1857 1080 1943 eu¹
1091 1881 1132 1946 iis
1150 1879 1238 1965 quide

318 1988 450 2052 salutem
465 1989 627 2064 afferebat,
646 1987 697 2052 illa
717 2000 822 2053 autem
844 2011 883 2052 ex
897 1986 990 2052 simili
1005 2011 1133 2052 cruore
1149 1988 1247 2052 haee

316 2097 472 2163 bellorum
487 2111 598 2164 auctor
613 2099 736 2163 exstitit.
760 2099 914 2164 Videntur
928 2097 1004 2160 mihi
1027 2096 1221 2162 Athenienses.
1237 2117 1252 2150 1'1

319 2207 358 2269 de
373 2209 441 2292 ejus
455 2209 536 2272 sama
553 2209 718 2272 detrahere
733 2205 864 2280 nollent,
883 2205 982 2271 filium
997 2229 1039 2268 ex
1057 2205 1271 2272 Volaenes-

317 2313 426 2380 tudine
441 2319 581 2403 genitum
603 2318 697 2382 etiem
712 2329 803 2381 terrra
817 2315 1009 2385 attribuisse;
1035 2338 1095 2389 ne,
1122 2330 1153 2379 nt
1165 2309 1249 2378 hahet:
1261 2332 1271 2362 r.

318 2420 485 2511 Meleagro,
503 2427 543 2489 ita
556 2425 701 2490 lllinervze
716 2425 886 2492 aVulcano
901 2422 1029 2488 virilitas
1046 2439 1159 2513 erepta
1172 2421 1256 2484 silere·

318 2531 378 2595 llic
396 2531 480 2596 enim
503 2533 660 2617 utrimque
675 2531 819 2606 claudus,
839 2527 1008 2595 fibularum
1025 2540 1060 2592 et
1078 2527 1238 2595 ssexarun'

317 2640 399 2703 rium
419 2638 522 2727 opifex
543 2640 609 2713 his,
634 2651 667 2703 ut
683 2636 849 2704 verisimile
870 2648 934 2712 est,
954 2635 1141 2725 puellarum
1155 2659 1257 2701 ornus.

318 2750 459 2814 orbatam
475 2760 574 2822 matre
589 2758 620 2812 et
635 2745 786 2834 puplllam
802 2745 950 2810 infantem
962 2745 1101 2834 decepit.
1120 2747 1266 2833 lleptur:⁸¹

317 2861 400 2944 viget
416 2879 423 2920 τ
444 2859 525 2924 Mars
544 2856 717 2921 delectatur
733 2853 822 2920 hellis
837 2878 844 2919 :
858 2839 1051 2919 citharaedus
1069 2867 1120 2920 est
1137 2855 1256 2943 Apollo.

317 2987 433 3030 rannus
444 2964 625 3029 Thebarum
637 2964 794 3038 Bacchus,
808 2963 960 3028 Saturnus
972 2965 1187 3052 tyrannicida.
1204 2965 1257 3048 lep

317 3095 392 3137 otim
407 3073 470 3138 filia
486 3075 645 3148 miscetur,
659 3085 740 3136 etex
755 3095 793 3136 eo
807 3071 869 3135 filia
883 3073 1029 3161 concipit.
1046 3071 1162 3138 Testes
1173 3073 1244 3136 mihi
1277 3079 1278 3130 t

318 3191 411 3245 erunt
425 3180 544 3245 Eleusis
556 3191 588 3244 et
599 3180 702 3244 Draco
715 3180 877 3266 mysticus,
890 3189 921 3243 et
937 3178 1085 3267 Orpheus
1097 3181 1157 3267 qui
1170 3181 1258 3244 dicit:

532 3304 631 3357 Portas
642 3299 774 3357 obserate
785 3301 921 3377 prolenis.
1270 3327 1278 3466 p

317 3403 408 3470 Pluto
424 3406 504 3492 rapit
518 3403 749 3492 Proserpinam,
765 3405 896 3492 ejusque
916 3403 1052 3469 facinora
1070 3403 1159 3469 liunt
1176 3417 1262 3490 myst

319 3513 413 3576 Ceres
428 3511 524 3576 tiliam
540 3511 636 3600 luget,
653 3524 684 3576 et
701 3512 828 3600 quidam
840 3535 897 3600 per
910 3511 1115 3576 Athenienses
1130 3511 1278 3602 decipiar:

318 3619 355 3683 ln
371 3620 487 3708 templo
500 3619 650 3708 Apollinis
662 3633 708 3684 est
719 3619 806 3684 loeus
819 3621 871 3706 qui
885 3618 1058 3707 Omphalus
1072 3619 1196 3685 dicitur
1212 3645 1220 3684 :
1235 3619 1278 3682 Bet

318 3738 424 3793 autem
445 3728 623 3814 sepulcrum
642 3726 827 3816 Omphalus.
855 3727 962 3793 Laudo
984 3739 1015 3792 te
1038 3751 1140 3802 nunc,
1164 3753 1185 3794 o
1205 3730 1276 3813 Dap.

318 3857 387 3918 quse
402 3836 482 3897 victa
498 3835 648 3922 Apollinis
663 3839 900 3923 intemperantia
916 3836 997 3901 illius
1021 3838 1254 3904 divinationem
1268 3823 1278 3898 d
