2646 4596
170 267 178 284 ⁸
306 261 372 339 ἅδε
610 279 724 329 sancrr
744 275 866 328 tnsrnn
888 285 1043 332 uanrrrrs

307 375 417 480 pellet.
441 389 722 471 Quemadmodum
744 393 831 461 enirn
850 405 884 460 et
902 415 958 460 vos
980 395 1022 462 ad
1035 395 1232 468 iracundiam
1246 399 1317 470 iliun

308 503 502 578 concitastis,
518 502 597 570 dum
618 503 785 570 simulacra
807 503 922 582 colitis,
940 505 1030 573 itaet
1051 505 1136 585 iilos,
1153 533 1226 578 cum
1239 513 1316 580 sinu-

306 609 465 678 iacrorum
487 611 625 680 cultores
647 625 763 690 essent,
783 613 845 681 bue
865 617 966 704 gratia
988 617 1137 706 dignatus
1152 633 1212 696 est,
1231 635 1315 690 uteo

305 731 495 809 gnoscerent
519 721 617 812 ipsius
639 721 849 800 voluntatem,
868 735 901 790 et
923 725 1144 794 hereditatem
1165 753 1233 820 qum
1249 737 1310 824 rpud

304 829 395 896 iilum
415 843 464 898 est
484 832 678 920 acciperent.

347 940 500 1008 CXXXI.
516 940 680 1008 Proferam
693 951 801 1008 autem
816 947 911 1012 rerba
926 967 967 1012 ex
980 946 1100 1034 quibus
1110 963 1221 1018 omnes
1229 969 1309 1040 grute

301 1074 319 1117 a
334 1051 403 1118 Deo
420 1051 533 1120 divisas
544 1049 640 1116 fuisse
652 1050 839 1122 ostenditur.
854 1052 937 1120 Sunt
952 1065 1062 1122 autem
1073 1058 1308 1146 ejusmodizaln-

302 1189 315 1226 t
330 1174 458 1252 terroga
477 1171 601 1252 putrem
615 1171 722 1236 tuum,
737 1173 771 1227 et
786 1163 991 1230 annuntiabit
1005 1166 1082 1240 tibi:
1101 1170 1231 1256 maiores
1243 1183 1309 1246 tuos,

150 1255 157 1266 ’
300 1297 313 1334 r
330 1281 363 1335 et
371 1269 479 1336 dicent
490 1267 559 1344 tibi,
574 1266 702 1355 quando
713 1266 873 1333 dividebat
884 1266 1065 1336 ditissimus
1076 1285 1201 1360 genter,
1208 1278 1311 1362 mundo

300 1378 529 1467 »dispergebat
555 1373 637 1444 filios
664 1373 778 1442 Adam.
813 1376 986 1443 Constituit
1015 1380 1174 1448 terminos
1196 1385 1309 1472 gentian

299 1486 505 1552 »secundum
528 1507 704 1569 numerum¹
725 1482 864 1552 filiorum
885 1483 1000 1564 lsrael,
1025 1498 1060 1554 et
1085 1487 1168 1556 sucu
1189 1503 1236 1556 est
1258 1515 1311 1582 pus

298 1594 453 1661 »Domini
469 1592 605 1684 populus
627 1594 697 1682 ejus
720 1591 821 1661 Jacob
843 1617 851 1658 :
873 1593 1033 1662 funiculus
1052 1595 1242 1666 haereditetis
1258 1605 1309 1690 ejus

300 1703 425 1774 »lsrael
435 1704 456 1769 ¹.
476 1703 543 1770 »Et
559 1725 634 1772 cum
650 1704 720 1771 baec
736 1705 896 1782 dixissem,
913 1704 1042 1772 addidi:
1061 1703 1261 1800 Septuag'mta
1272 1711 1310 1776 in·

296 1826 451 1904 terpretes
467 1803 513 1880 ita¹
522 1825 736 1901 exposuerunt
749 1835 757 1878 ε
771 1813 964 1880 «Constituit
974 1815 1131 1884 terminos
1142 1817 1308 1908 popuiomm

298 1951 311 1988 s
326 1926 414 2013 juxta
429 1945 600 1990 numerum
615 1919 803 2011 angelorum
818 1922 887 1988 Dei.
908 1949 922 1986 r
937 1921 1001 1990 Sed
1017 1935 1159 1992 resmam
1179 1927 1309 2018 intnpre

296 2035 450 2102 tationem
466 2031 662 2122 retuli,.quia
676 2031 755 2100 nibil
771 2055 809 2098 ex
823 2053 860 2098 ea
876 2053 912 2098 re
926 2030 1006 2098 mihi
1021 2033 1221 2106 imminuitur
1231 2039 1307 2104 ratio

296 2146 423 2212 cinatio.
445 2128 514 2210 Vos'
531 2154 653 2218 autem,
673 2143 699 2209 si
723 2163 834 2208 verum
853 2141 944 2208 fateri
960 2141 1070 2219 vultis,
1092 2167 1157 2214 non
1174 2151 1309 2238 negabitis

294 2277 365 2329 nos,
382 2254 437 2342 qui
453 2277 511 2342 per
526 2254 691 2342 abjectum
706 2265 739 2319 et
751 2252 859 2342 probri
875 2251 1007 2342 plenum
1023 2255 1124 2322 crucis
1138 2261 1311 2344 mysterium

293 2387 310 2430 a
326 2365 395 2431 Deo
411 2363 513 2430 vocati
539 2362 697 2450 (quorum
712 2362 903 2448 confessioni
916 2374 951 2428 et
969 2363 1147 2432 obedientia
1158 2377 1191 2430 at
1204 2367 1310 2454 pietati

294 2473 447 2562 supplicis
468 2472 508 2539 ad
529 2485 666 2539 mortem
684 2495 784 2562 usque
799 2496 816 2537 a
832 2472 1032 2540 demonibus
1053 2485 1086 2538 et
1102 2473 1235 2542 exmcitu
1247 2477 1319 2547 die,

292 2582 358 2652 boli
373 2605 431 2672 per
446 2593 600 2657 vestrum,
617 2583 704 2670 quod
726 2580 786 2648 illis
800 2581 1000 2658 exhibuistis,
1021 2581 1231 2652 ministerium
1246 2585 1313 2650 indi·

292 2696 423 2784 guntur)
437 2692 543 2759 omnia
552 2691 742 2782 perferimus
752 2715 793 2758 ne
805 2691 967 2758 Christum
975 2713 1053 2759 voce
1062 2703 1311 2784 tenusnepemus,

291 2829 349 2896 per
360 2803 506 2892 quemad
517 2801 852 2891 proeparatamal‘atre
859 2799 995 2868 salutem
1005 2803 1248 2878 vocatisumusr
1259 2829 1312 2876 nos,

289 2915 434 3009 inquom,
453 2910 612 2978 fideliores
629 2911 697 3006 dieo
714 2932 784 2976 esse
801 2933 899 2998 quam
916 2933 984 2988 vos,
1002 2911 1057 3000 qui
1075 2911 1109 2980 in
1123 2913 1258 2982 bruchio
1271 2937 1311 2980 cr·

289 3022 376 3090 celso
387 3035 419 3088 et
430 3021 609 3088 visitatione
619 3043 742 3112 magne
752 3018 859 3110 glorie
870 3019 1027 3110 redempti
1038 3023 1114 3090 estis
1125 3044 1168 3088 ex
1178 3023 1308 3116 AEgppto.

289 3157 365 3202 cum
378 3133 466 3200 vobis
478 3153 565 3198 mare
577 3129 712 3200 divisum
722 3141 772 3196 est
783 3152 822 3197 ao
833 3130 955 3196 siceum
967 3130 1027 3196 iter
1038 3131 1212 3210 effectum,
1224 3135 1256 3200 in
1266 3157 1308 3222 pn

144 3294 148 3302 ·
289 3246 410 3335 eosqui
423 3267 565 3312 roseum
579 3263 693 3331 magna
705 3265 836 3332 prorsus
848 3253 1004 3332 potestate
1015 3253 1050 3306 et
1063 3240 1246 3330 splendidis
1260 3267 1307 3309 tor

289 3358 377 3425 ribus
395 3355 667 3446 persequebantur
678 3351 797 3418 occidit
813 3351 913 3428 Deus,
923 3350 1023 3418 effuso
1036 3351 1070 3418 in
1082 3373 1139 3418 eos
1150 3353 1308 3442 mariqnod

287 3478 420 3556 propter
430 3487 486 3532 vos
498 3460 651 3530 cuicobiie
666 3460 786 3528 sactum
801 3472 885 3536 erat3
906 3483 1001 3548 quam
1012 3483 1081 3541 vos,
1098 3463 1249 3552 inquom,
1262 3463 1309 3552 qui

286 3577 348 3642 bus
363 3573 512 3641 columna
526 3571 655 3638 luminis
671 3567 800 3643 affulsit,
816 3580 852 3634 nt
866 3570 962 3636 etiam
975 3581 1092 3659 praeter
1104 3568 1208 3640 alium
1222 3595 1313 3662 quem

288 3682 365 3750 libet
382 3684 415 3748 in
430 3696 588 3748 terrarum
603 3683 682 3748 orbe
696 3676 851 3769 populum
867 3677 993 3768 propria
1004 3689 1038 3744 et
1050 3677 1219 3748 desectum
1233 3695 1314 3768 atquo

289 3815 439 3864 occasum
454 3781 608 3860 nescienti
616 3771 693 3858 'luce
715 3789 761 3856 uti
775 3789 922 3879 possetisr
940 3789 1056 3878 quibus
1069 3811 1201 3880 panem,
1220 3759 1314 3858 alind

321 3923 416 3974 ¹Drut.
429 3939 506 3984 utu,
518 3941 543 3988 7.
