2772 4620
289 170 353 236 διο
585 193 698 238 ιιιοτι
718 193 836 238 »narrar
860 195 1014 240 uranus

287 311 405 366 »terre
423 321 680 389 pergeremus
698 323 808 368 omnes
819 314 853 366 et
866 305 969 368 omnis
983 303 1084 392 gloria
1100 305 1276 370 miens.
1299 307 1332 370 Et

287 419 452 496 »potestas
473 408 555 496 ejus,
576 420 714 496 potestas
733 421 850 474 aeterna
866 432 875 471 ι
899 433 967 497 qun
987 434 1052 476 uon
1073 413 1282 478 auferetur:
1306 431 1330 477 et

289 537 450 604 »regnum
468 515 538 603 ejus
557 538 627 580 non
643 515 794 580 interibit.
819 513 859 579 Et
879 516 1002 581 horruit
1022 519 1158 604 spiritua
1178 537 1285 584 meus
1305 522 1329 584 io

288 653 302 686 »
315 624 427 690 babitu
440 647 525 699 meo,
545 635 578 690 at
591 623 726 688 visiones
739 623 849 712 capitia
864 627 926 689 snei
941 627 1186 691 conturbabant
1201 649 1275 692 me..
1296 628 1327 690 n

289 759 303 793 »
316 731 433 816 acoessi
447 731 489 796 ad
506 754 606 796 unum
621 731 844 806 ambtentium,
859 745 892 797 et
905 733 1068 799 »eduen
1080 736 1283 821 qrraerebem
1294 737 1325 798 ab

289 861 355 904 »eo
369 837 408 902 de
423 839 570 906 omnibus
585 837 644 904 lrie.
663 837 868 926 Responde·
882 849 992 904 autem
1004 838 1057 904 ille
1073 839 1173 914 dixit,
1191 851 1228 905 et
1245 842 1324 928 judi

290 944 595 1012 »oiumsermonam
605 942 775 1010 declararit
785 945 885 1012 mibi:
902 945 957 1010 11ae
967 946 1076 1011 bestias
1088 965 1238 1034 magne,
1257 971 1325 1035 qu»-

289 1062 391 1118 »tuor
407 1063 481 1117 sunt
499 1073 610 1140 regna,
628 1073 699 1138 que
714 1051 912 1139 disperibunt
929 1063 1061 1128 eterra,
1081 1065 1115 1116 et
1134 1075 1209 1120 non
1225 1054 1323 1117 susat

290 1159 404 1244 »pianr
425 1179 561 1247 regrum
580 1182 679 1245 usque
701 1160 734 1224 in
756 1158 919 1233 seculum,
942 1171 975 1223 et
993 1181 1094 1246 usque
1112 1160 1149 1224 in
1171 1158 1320 1224 saeoulurn

290 1265 513 1332 »saeculoram
532 1265 624 1331 ’luno
638 1279 788 1332 »comata
796 1266 961 1354 exquirere
970 1265 1055 1333 volui
1065 1266 1108 1332 de
1119 1270 1320 1354 quartabes
1367 1303 1368 1310 ι

290 1402 304 1435 »
318 1374 374 1448 tia,
385 1385 607 1462 corrumpente
618 1375 737 1448 omnia,
749 1387 783 1437 et
792 1373 923 1448 terribili
934 1374 1120 1447 admodum,
1136 1376 1240 1462 cujus
1252 1373 1319 1438 den

290 1510 304 1543 »
317 1479 477 1553 test'errei,
485 1491 517 1543 et
526 1501 645 1566 ungues
652 1481 722 1566 ejus
730 1480 821 1553 aenei,
830 1479 1055 1543 comedentoet
1061 1482 1317 1550 comminuente,

291 1587 484 1676 »etreliqua
498 1587 633 1676 pedibus
651 1587 716 1650 suis
731 1584 955 1656 conculcante
977 1595 1010 1650 et
1024 1585 1064 1650 de
1080 1587 1202 1653 deoem
1216 1589 1316 1654 eomi-

292 1698 377 1763 »bas
390 1695 503 1784 ejru-ia
515 1692 629 1781 eapite,
644 1705 678 1757 et
692 1693 731 1758 de
746 1715 810 1756 uno
822 1691 910 1779 quod
923 1692 1091 1765 succrevit,
1108 1715 1172 1780 per
1183 1693 1273 1780 quod
1283 1715 1315 1756 er
1368 1758 1369 1765 χ

292 1801 475 1890 »prioribus
486 1800 546 1864 tria
557 1811 702 1887 protrusa
711 1809 794 1864 srmt.
808 1799 849 1863 Et
857 1819 957 1863 cornu
966 1793 1043 1861 illud
1056 1797 1203 1864 babebat
1214 1797 1314 1866 oeulos

293 1939 305 1970 »
318 1922 351 1974 et
362 1932 397 1974 oa
408 1907 540 1996 loquens
552 1907 682 1996 grandia
695 1929 704 1969 ι
721 1918 754 1970 et
764 1917 909 1994 aspecurs
921 1895 991 1993 ejus
1001 1903 1180 1972 excellebat
1192 1906 1266 1972 alia.
1282 1908 1314 1972 u

292 2049 305 2081 »
318 2017 607 2084 animadvertebam
618 2038 718 2082 eornu
729 2013 807 2080 illud
818 2011 937 2079 bellum
946 2037 1072 2078 morere
1083 2015 1119 2079 in
1130 2025 1274 2090 sanctos,
1289 2025 1315 2078 et
1367 2011 1368 2045 ¹

292 2125 452 2190 »lamdere
462 2145 531 2196 θοις
547 2122 650 2188 donea
659 2123 744 2187 venit
751 2122 898 2210 antiquus
909 2121 1044 2197 dierum,
1053 2133 1086 2186 et
1096 2123 1261 2209 judicium
1270 2124 1315 2186 de
1367 2143 1368 2166 ι

294 2259 308 2292 »
320 2231 368 2296 dit
377 2231 493 2296 sanctis
504 2227 643 2322 Ειιοοίιιί,Ι
651 2239 683 2294 et
695 2241 819 2317 tempus
830 2229 967 2303 advenit,
979 2239 1012 2293 et
1023 2251 1159 2316 regnum
1170 2230 1314 2294 obtineo·
1367 2255 1368 2264 ι

293 2367 306 2399 »
321 2348 395 2401 runt
406 2337 505 2401 saneti
517 2333 678 2401 Altissimi.
693 2338 734 2400 Et
745 2337 865 2401 dietum
877 2335 955 2400 mibi
962 2345 1011 2400 eat
1022 2335 1062 2399 de
1073 2347 1186 2421 quarta
1197 2335 1311 2402 bestia:

294 2443 465 2530 »Regnum
481 2450 631 2528 quartum
644 2443 705 2506 erit
715 2443 749 2507 in
758 2454 856 2516 terra,
872 2443 958 2529 sprod
968 2439 1062 2530 longe
1072 2443 1237 2530 superelit
1251 2464 1314 2506 om-

293 2551 371 2617 »nia
389 2573 498 2638 regna,
516 2562 549 2614 et
566 2551 730 2615 deror-abit
747 2552 925 2615 rmirersam
941 2562 1072 2624 terram,
1093 2564 1125 2616 et
1144 2551 1314 2628 devastabit

293 2671 417 2746 »atque
428 2657 544 2722 delebit
555 2679 636 2722 eam.
651 2657 692 2719 Et
702 2657 955 2732 deoemoomua,
968 2657 1178 2745 decemreges
1188 2677 1315 2722 oonsur-

294 2775 410 2856 »gent,
427 2777 460 2830 et
476 2762 558 2828 aliare
570 2773 643 2850 post
656 2785 723 2838 eos,
743 2776 835 2850 atque
850 2766 876 2828 ia
892 2764 983 2828 malis
1002 2767 1158 2852 superabit
1175 2765 1313 2850 prima,

294 2889 354 2940 »et
364 2886 429 2940 tres
440 2894 530 2962 reges
541 2869 732 2946 humiliabit,
748 2883 781 2935 et
792 2872 887 2940 rerba
902 2872 935 2936 in
950 2871 1136 2938 Altissimmn
1146 2867 1310 2955 loquetur,
1367 2952 1368 2959 ἵ

294 3014 308 3046 »
321 2992 354 3048 et
367 2994 498 3046 eeteros
509 2992 633 3045 sanetas
645 2976 794 3044 Altissimi
807 2988 938 3053 evertet,
954 2990 986 3043 et
1000 2989 1103 3044 sumet
1116 2976 1171 3041 sibi
1184 2987 1219 3038 ut
1228 2973 1314 3040 alte-

295 3119 308 3152 »
323 3100 371 3152 ret
383 3087 450 3151 dies
459 3095 493 3149 et
506 3093 660 3170 tempora.
678 3083 720 3147 Et
734 3082 900 3146 trademur
910 3083 943 3148 in
957 3103 1069 3148 mnus
1084 3083 1152 3171 ejus
1161 3101 1262 3168 usque
1276 3081 1315 3144 ad

263 3217 269 3225 ·
295 3205 447 3280 »tempus
466 3199 499 3256 et
516 3201 672 3276 tempera,
691 3202 724 3252 et
742 3189 909 3254 dimidium
927 3190 1087 3278 temporis.
1108 3191 1149 3256 Et
1163 3189 1315 3276 judicium

296 3302 415 3374 »sedit,
434 3310 468 3364 et
484 3296 700 3387 principatum
715 3296 915 3372 transferent,
932 3310 967 3362 ut
986 3296 1134 3366 aboleant
1149 3309 1184 3362 et
1197 3296 1315 3385 disper·

295 3412 400 3477 »dant
418 3431 519 3495 usque
539 3406 572 3472 in
589 3404 696 3471 finem
719 3407 760 3470 Et
777 3427 924 3494 regnum,
944 3418 976 3472 et
990 3417 1140 3495 potestas,
1159 3417 1194 3471 ot
1207 3404 1316 3493 ampli

297 3545 309 3578 »
323 3516 401 3580 tudo
415 3512 560 3580 looorurn
574 3533 745 3599 regnorum
759 3533 830 3597 que
845 3513 905 3576 sub
920 3509 1002 3577 ooelo
1017 3522 1103 3586 sunt,
1120 3511 1194 3576 dats
1206 3521 1255 3574 est
1269 3531 1319 3598 po

297 3618 399 3708 »pulo
416 3629 524 3684 saneto
542 3615 705 3689 Altissimi,
727 3627 762 3680 ut
779 3627 911 3705 regnent
929 3639 1027 3705 regno
1045 3617 1264 3705 sempiterno:
1287 3630 1319 3680 et

299 3737 493 3815 »potestates
508 3747 617 3790 omnes
632 3724 842 3810 subjicientur
857 3737 890 3789 et
906 3723 1056 3790 obedient
1071 3724 1111 3788 ei.
1131 3725 1206 3790 lluo
1223 3745 1318 3810 osque
