2648 4598
308 235 348 277 nn
371 233 622 278 nesunnncrtcnn
645 233 841 279 ucnruunuu.
1028 210 1086 279 105

1 342 10 386 ·‚
79 335 282 406 cordationem
293 339 500 424 superiorum.
515 335 713 404 Venicndum
724 349 831 403 autem
842 335 1088 424 ad‘proposltum

77 469 110 512 ac
122 444 397 512 demonstrandum
407 467 514 510 veram
526 467 593 510 esse
606 443 645 508 de
656 445 887 510 resurrectione
898 443 1093 518 doctrinam,

76 565 137 618 tum
145 576 184 617 ex
195 553 259 640 ipsa
272 550 323 616 illo
336 573 428 616 causa
444 550 619 616 secundum
631 573 726 638 quam
738 562 770 616 et
782 562 1016 639 propterquam
1027 551 1089 636 pri-

75 682 139 726 mus
151 660 246 724 homo
262 657 406 724 conditus
420 669 480 733 est,
494 660 625 746 ejusque
641 659 772 746 posteri,
786 659 845 724 etsi
861 659 975 724 codem
992 658 1087 724 modo

1 817 13 827 -.
76 767 186 834 conditi
202 789 265 830 non
279 766 422 838 luerunt3
437 778 505 832 tum
520 790 558 831 ex
573 768 733 832 communi
749 767 891 833 omnium
906 766 1085 841 hominum,

1 924 13 964 ¹.
74 883 220 962 quatenus
236 870 411 948 hominum,
428 884 554 946 naturu3
572 886 641 938 tum
657 875 752 938 etiam
766 898 805 938 ex
818 874 924 940 suturo
937 875 1086 940 creatoris

73 980 108 1046 de
122 982 300 1048 hominibus
314 981 445 1069 judicio,
458 981 499 1046 ad
513 992 616 1046 totum
632 980 758 1046 illorum
769 982 839 1046 vitae
854 993 977 1070 tempus
992 994 1087 1070 atquc

1 1148 2 1151 ,
72 1089 109 1154 nd
122 1089 242 1155 vivendi
264 1090 418 1154 rationem
440 1090 691 1165 accommodato,
713 1090 799 1177 quod
819 1090 948 1176 quidem
966 1092 1088 1177 justum

70 1221 134 1263 esse
148 1221 241 1264 nemo
253 1198 453 1264 dubitaverit.

110 1307 181 1372 ΧΠ.
195 1307 332 1372 Reticex
344 1331 437 1374 causa
448 1308 627 1384 deducitur,
641 1309 666 1374 si
678 1309 914 1374 consideremus
925 1318 1088 1374 utrum-te-

69 1438 151 1482 mere
163 1429 194 1480 et
208 1417 322 1482 frustra
338 1418 438 1482 laetus
450 1418 545 1482 homo
556 1418 663 1494 luerit,
680 1443 720 1484 an
731 1417 869 1506 aliquam
885 1418 925 1482 oh
939 1438 1081 1488 causam

1 1593 3 1597 μ
67 1524 92 1588 si
106 1547 200 1611 quam
214 1528 253 1592 ob
270 1549 409 1602 causam,
426 1537 534 1592 utrum
549 1527 663 1593 adhoc
674 1528 777 1616 ipsum
795 1540 829 1592 ut
844 1527 926 1592 vivut
937 1537 969 1590 et
980 1526 1013 1590 in
1025 1548 1085 1611 qua

1 1705 9 1713 q
66 1632 164 1697 factus
188 1644 235 1698 est
256 1644 367 1698 natura
388 1645 579 1721 perseveret,
596 1659 636 1699 an
655 1636 697 1700 ad
712 1659 804 1700 usum
826 1633 971 1704 alterius:
997 1633 1022 1698 si
1044 1632 1085 1697 ad

1 1737 10 1822 f
65 1763 156 1806 usum
173 1739 312 1816 alterius,
329 1741 377 1807 vel
393 1743 433 1808 nd
448 1743 544 1830 ipsius
556 1745 717 1819 creatoris,
729 1743 778 1810 vel
790 1742 969 1809 adulterius
981 1742 1086 1828 cujus-

62 1851 148 1938 piam
162 1873 271 1914 eorum
290 1851 344 1938 qui
363 1850 403 1915 nd
417 1852 521 1916 Deum
536 1853 706 1938 pertinent,
725 1863 759 1918 et
771 1853 883 1938 majori
898 1873 974 1916 cura
989 1852 1029 1915 ab
1046 1875 1084 1916 co

64 1957 241 2044 dignantur.
265 1957 359 2035 Quod
373 1957 502 2044 quidem
516 1959 610 2038 etiem
631 1958 708 2022 dum
725 1957 815 2022 latius
837 1957 1086 2032 consideramus,

62 2065 234 2152 reperimus
246 2065 436 2152 quicumque
448 2066 562 2131 mentis
574 2087 703 2152 compos
715 2065 767 2140 sit,
780 2077 812 2130 et
824 2067 952 2130 rationis
964 2066 1084 2152 judicio

2 2163 4 2171 '
61 2174 103 2238 ad
118 2171 237 2260 aliquid
252 2173 432 2238 laciendum
447 2183 623 2246 moveatur,
643 2169 720 2236 nihil
735 2193 809 2238 eum
826 2195 865 2236 ex
881 2171 940 2238 illis
956 2196 1025 2259 quae
1045 2197 1083 2238 ex

60 2280 157 2345 animi
172 2280 333 2368 proposito
344 2279 432 2354 lucit,
444 2277 559 2342 frustra
576 2277 692 2354 lacere,
705 2279 761 2342 sed
778 2280 889 2345 autad
907 2303 979 2344 suos
997 2305 1082 2358 usus,

59 2399 115 2452 aut
130 2388 171 2452 ad
185 2410 295 2454 eorum
309 2408 444 2476 quorum
454 2408 565 2453 curam
575 2387 667 2474 gerit,
684 2385 733 2450 vel
745 2389 992 2476 propter-ipsum
1004 2413 1083 2479 opus

1 2497 3 2511 ¹
57 2497 152 2584 cujus
165 2495 409 2562 adeffectionem
421 2493 554 2560 naturali
566 2494 701 2582 quadam
713 2497 922 2586 propensione
933 2509 965 2562 et
975 2522 1083 2563 amore

1 2693 2 2696 Ἴ
56 2603 240 2694 impellitur.
261 2604 365 2672 Veluti
389 2608 535 2691 (utemur
556 2604 641 2670 enim
657 2606 793 2692 quadam
810 2605 1029 2684 similitudine,
1048 2619 1084 2670 ut

53 2715 260 2803 perspicuum
274 2713 329 2779 liat
349 2714 382 2780 id
404 2716 490 2802 quod
504 2715 730 2802 proponimus)
747 2715 822 2779 fucit
838 2714 965 2799 quidem
986 2714 1082 2780 homo

53 2824 96 2888 ad
117 2825 261 2912 proprios
282 2847 355 2888 usus
378 2824 524 2896 domum;
543 2822 617 2888 lacit
636 2833 748 2886 autem
764 2822 867 2887 hobus
891 2833 922 2886 et
941 2821 1081 2895 camelis,

52 2929 242 3015 caetcrisqne
258 2927 444 2993 animalibus
458 2929 572 3014 quibus
588 2951 666 3014 opus
682 2927 790 3001 habet,
812 2927 1000 2992 conveniens
1019 2929 1083 2992 cui·

51 3059 120 3124 quc
136 3046 268 3110 tectum,
281 3057 344 3098 non
360 3035 401 3098 ad
415 3035 578 3121 proprium
593 3056 687 3096 suum
703 3055 795 3098 usum
810 3033 835 3098 si
851 3035 970 3121 species
985 3045 1083 3100 atten-

52 3143 168 3213 datur;
184 3142 230 3206 sin
246 3153 352 3206 autem
367 3141 450 3216 finis,
467 3142 511 3206 oh.
523 3141 606 3207 hanc
620 3141 748 3228 quidem
763 3163 901 3217 causam,
915 3143 970 3206 sed
981 3145 1084 3230 proxi-

50 3277 108 3319 me
136 3254 177 3318 cb
202 3273 312 3316 eorum
342 3250 481 3316 studium
507 3273 646 3336 quorum,
667 3273 742 3316 cura
763 3252 911 3339 tangitur.
935 3251 1083 3317 Proereat

48 3373 166 3426 autem
181 3359 295 3424 liberos
312 3381 376 3424 non
390 3358 430 3422 nd
445 3381 517 3424 suos
532 3370 587 3423 aut
602 3382 730 3424 suorum
748 3383 834 3434 usus,
853 3361 908 3424 sed
920 3373 954 3425 ut
965 3362 1027 3428 sint
1037 3374 1081 3438 ct,

48 3467 210 3558 quamdiu
225 3466 293 3532 sieri
314 3467 442 3554 poterit,
463 3479 664 3554 perseverent
679 3467 823 3533 homines
837 3491 877 3532 ex
890 3469 963 3556 ipso
972 3473 1081 3558 geniti,

45 3579 230 3644 liberorum
244 3587 275 3640 ct
292 3587 443 3662 nepotum
458 3574 656 3641 successione
668 3573 813 3640 solatium
829 3578 1017 3646 mortissuae
1030 3582 1082 3645 nd·

44 3687 182 3760 bibens,
198 3695 291 3772 atque
307 3684 370 3749 hoc
384 3683 480 3748 modo
495 3683 580 3770 quod
595 3681 728 3748 mortale
743 3683 1082 3756 cstimmortulcellec-

43 3808 165 3862 turum
181 3816 213 3860 se
227 3815 365 3881 sperans.
384 3793 487 3881 Atque
503 3793 571 3859 haec
587 3793 714 3878 quidem
730 3794 769 3857 ab
786 3793 975 3862 hominibus.
996 3799 1081 3864 Deus
