2616 4620
647 251 671 289 s.
697 249 722 288 P.
750 249 779 290 ll·
807 247 975 290 'l'flBOl'fflU

303 470 479 490 summust
486 468 754 488 nutuumnuu
758 465 990 484 ΜΜΕΜἎὶΜ
995 462 1125 482 ἈὶὶὶΜὶ
1129 463 1224 480 fflfflwn

564 651 747 738 LIBER
775 649 1058 740 TERTIUS.

720 917 891 929 ...ιι-σι..-

346 1099 370 1162 Ι.
394 1097 587 1166 Tauornmus
605 1102 760 1190 Autolyco
779 1101 922 1168 salutem.
950 1100 1039 1178 Quia
1059 1090 1219 1184 plurimoslif

302 1206 468 1292 scriptores
489 1232 676 1298 componere
698 1221 802 1274 a'munt
824 1209 865 1273 ad
885 1210 1021 1274 inanem
1048 1203 1169 1292 gloriam,
1184 1198 1225 1258 aii,

303 1312 359 1377 diis
376 1327 407 1378 et
421 1315 511 1382 bellis
525 1331 578 1382 aut
593 1321 798 1408 temporibus,
818 1317 868 1382 ulii
886 1318 925 1382 de
941 1313 1061 1380 sabulis
1076 1307 1224 1375 inutilibus!

302 1423 437 1511 terisque
452 1428 587 1515 operosis
602 1429 705 1516 nugis,
721 1429 833 1516 quihus
845 1438 881 1492 tu
892 1426 1055 1492 hactenus
1070 1420 1184 1485 addimus
1193 1415 1227 1476 h.

302 1543 350 1596 ter
364 1533 450 1599 hunc
465 1537 581 1624 perfers
596 1537 749 1612 lahorem,
768 1561 806 1602 ac
820 1548 890 1624 post
908 1556 1076 1600 sermones
1091 1524 1228 1594 mecumin-

302 1649 349 1704 tos
367 1641 471 1708 adhuc
487 1668 546 1731 pro
565 1644 673 1712 delirio
691 1645 786 1710 hahes
804 1645 985 1708 doctrinam
1008 1638 1148 1708 veritatis,
1164 1645 1228 1694 mm*

302 1747 473 1814 admodum
484 1773 550 1817 esse
563 1751 679 1818 litteras
691 1765 810 1818 nostras
822 1751 1023 1819 existimatum
1043 1748 1121 1812 hane
1132 1741 1162 1804 ob
1172 1755 1227 1798 eus:

301 1877 361 1919 nee
380 1879 438 1944 ego
458 1860 610 1944 gravabor
630 1858 687 1923 tibi
707 1859 923 1945 antiquitatem
943 1856 1121 1920 litterarum
1135 1855 1226 1910 rustum

300 1960 339 2026 ab
362 1963 480 2050 origine
499 1977 531 2028 et
552 1966 653 2052 capite
673 1967 849 2053 repetitam,
868 1963 935 2028 Deo
953 1969 1226 2036 annominemus

300 2079 331 2130 et
346 2070 452 2154 paucis
467 2072 522 2134 tihi
541 2072 603 2137 hoc
622 2074 849 2136 monimentum
866 2069 1051 2141 conficiam,
1069 2077 1101 2128 ut
1118 2058 1225 2141 illatra-

298 2195 371 2259 gcre
388 2197 452 2239 non
465 2177 608 2264 pigraris,
628 2201 665 2244 ao
680 2179 811 2266 ineptius
830 2187 1020 2241 ceterorum
1037 2171 1224 2258 scriptormfd·

298 2281 419 2367 spicios.

340 2387 379 2452 ll.
402 2389 463 2452 Eos
477 2392 561 2456 enim
577 2395 740 2481 oportebat
755 2405 810 2457 aut
823 2394 885 2458 suis
901 2391 1003 2457 oculis
1018 2413 1057 2454 ea
1074 2373 1225 2458 adtuleri-

295 2497 356 2560 hus
375 2495 543 2573 affirmant,
568 2512 621 2563 aut
641 2512 786 2566 accurate
806 2502 845 2565 uh
866 2501 902 2563 iis
921 2500 972 2585 qui
990 2483 1222 2564 vidissentdihts

297 2603 375 2668 Nam
391 2605 443 2692 qui
459 2607 576 2672 incerta
592 2609 745 2683 scribunt,
766 2609 787 2672 ii
805 2607 1041 2695 quodammodo
1057 2593 1219 2670 aeranem-tt*

297 2711 381 2790 Quid
396 2715 480 2778 enim
494 2717 666 2780 Homerum
680 2716 759 2804 juvit
771 2716 856 2804 quod
867 2715 984 2781 bellum
995 2715 1156 2801 Trojauum
1166 2699 1224 2782 sup

294 2818 334 2882 rit
355 2844 392 2886 nc
413 2821 526 2887 multos
547 2823 578 2888 in
593 2847 732 2887 errorem
752 2824 928 2888 induxerit?
948 2837 1002 2886 aut
1022 2818 1179 2888 Hesiodum,
1191 2821 1225 2890 tt*

295 2949 405 3012 eorum
420 2952 497 3016 quos
513 2942 602 2995 vocat
617 2931 749 2996 deorum
767 2930 953 3018 genealogias
969 2931 1082 2994 seriem
1097 2909 1218 2990 recensutsi

294 3048 347 3100 aut
369 3036 545 3124 Orpheum,
564 3038 650 3126 quod
668 3050 824 3103 trecentos
842 3051 874 3102 et
895 3040 1052 3127 sexaginta
1075 3035 1183 3122 quisqu
1194 3019 1223 3080 lt*-

294 3147 516 3221 numeraverit,
535 3169 613 3234 quos
628 3145 712 3210 idem
727 3147 784 3210 sub
800 3145 917 3210 exitum
933 3147 1002 3208 ritae
1019 3139 1144 3210 sustulit,
1160 3133 1180 3195 iu
1190 3126 1226 3188 lu·

294 3251 391 3338 ceptis
417 3252 479 3316 suis
509 3274 607 3314 unum
632 3273 698 3314 esse
721 3251 822 3314 Deum
849 3250 1006 3314 asserens?
1027 3245 1107 3326 Quid
1122 3241 1224 3305 Aratumt

293 3356 541 3446 sphaerographia
558 3355 639 3443 cycli
651 3356 801 3421 mundani
818 3355 934 3428 retulit,
949 3367 1004 3419 aut
1019 3355 1069 3442 qui
1082 3329 1227 3414 ademarii·

293 3466 455 3540 dixerunt,
472 3476 585 3553 praeter
601 3464 770 3528 humanam
785 3463 927 3550 glorium,
944 3485 1038 3550 quam
1052 3483 1088 3525 ne
1100 3477 1145 3520 suo
1156 3442 1225 3551 quidm

291 3575 402 3638 merito
422 3574 607 3658 consequuti
627 3573 722 3636 sunt?
742 3571 826 3648 Quid
845 3572 908 3635 veri
931 3566 1090 3634 dixerunt?
1107 3557 1172 3639 Quid
1185 3552 1227 3614 lut

289 3681 394 3768 pidum
409 3694 440 3744 et
456 3679 645 3770 Sophoclem
661 3692 850 3766 caeterosque
868 3679 1022 3766 tragoedos
1042 3666 1170 3760 tragedia
1183 3658 1225 3741 jue·
1241 3667 1242 3690 ¹

288 3800 374 3864 runt,
390 3801 443 3852 aut
458 3789 665 3854 Menandrum
681 3799 712 3854 et
727 3787 966 3874 Aristophanem
983 3797 1152 3864 caetemsque
1163 3777 1226 3832 cunt·
