2640 4622
243 327 392 370 nranoous
415 327 477 370 cuu
499 325 662 368 rsrrnoue
685 325 799 366 sunno
961 303 1033 384 *loq

8 443 73 494 tem
92 430 162 496 haec
180 432 245 516 pati
264 453 328 495 non
350 430 476 517 refugit,
497 430 584 514 quasi
604 430 630 493 is
649 427 834 492 maledictus
853 425 974 498 fuisset,
992 427 1034 490 ita

7 535 188 622 loquimini,
205 557 320 600 eonon
331 537 435 621 potius
447 536 652 625 vosmetipsos
666 533 800 621 lugetisi
814 533 881 597 Etsi
895 532 981 596 enim
995 535 1034 596 ah
1103 567 1105 572 ·

8 644 77 728 ipso
93 643 191 707 etiam
206 641 288 707 illius
302 642 394 707 Putre
410 643 585 730 perlectum
600 652 660 715 est,
684 653 718 706 ιιι
733 642 801 706 hese
819 664 879 728 pro
897 639 1037 703 humano

7 771 128 834 genere
143 757 317 834 pateretur,
335 770 533 836 nequaquem
548 769 602 812 ros
622 747 656 810 id
674 747 788 812 lecistis
810 757 844 810 ut
858 745 916 810 Dei
932 745 1038 810 consi-

8 854 54 917 lio
70 854 283 919 inserviretis:
300 877 401 942 neque
416 855 501 920 enim
515 853 679 941 Prophetis
694 853 873 918 occidendis
888 853 1037 940 pietatem

9 958 164 1026 coluistis.
184 961 249 1026 Nec
263 962 426 1048 quisquam
437 983 477 1025 ex
486 962 574 1026 vohis
586 960 690 1025 dicut:
711 960 745 1024 Si
756 959 854 1024 voluit
865 959 956 1024 Peter
968 959 1038 1024 haec

9 1091 87 1132 eum
102 1069 179 1156 pati,
203 1081 237 1134 ut
256 1071 325 1156 ejus
343 1066 440 1133 livore
458 1091 556 1156 genus
573 1069 749 1132 humanum
769 1078 943 1139 sanaretur,
960 1064 1037 1130 nihil

9 1197 70 1240 nos
88 1173 186 1260 iniqui
207 1175 350 1241 fecimus.
376 1175 470 1253 Quod
486 1177 511 1240 si
530 1175 599 1240 haec
619 1177 661 1240 ita
683 1173 793 1239 dicetis
813 1186 848 1237 ut
864 1197 916 1238 vos
929 1193 1039 1237 eorum

10 1303 82 1366 qum
99 1282 251 1366 peccastis
267 1283 430 1368 poeniteat,
451 1293 545 1369 etque
559 1283 647 1348 huno
665 1281 827 1346 Christum
842 1282 909 1346 esse
926 1302 1039 1368 agnos-

11 1387 106 1462 catis,
129 1389 259 1474 ejusque
281 1387 427 1453 mandata
451 1389 595 1462 servetis3
621 1391 686 1475 jam
707 1388 771 1452 dixi
790 1387 930 1452 futurum
953 1385 1040 1450 vohis

9 1504 218 1580 peccatorum
233 1497 456 1562 remissionem.
478 1497 542 1561 Sed
557 1497 581 1561 si
601 1510 634 1561 et
649 1498 751 1584 ipsum
766 1495 854 1561 illum
870 1506 902 1558 et
917 1517 971 1558 eos
988 1493 1042 1578 qui

12 1603 46 1664 in
69 1599 157 1665 illum
173 1601 319 1678 credunt,
340 1603 414 1666 diris
429 1602 541 1690 agatis,
558 1613 590 1666 et
607 1624 681 1666 cum
695 1599 826 1664 facultas
842 1600 943 1662 aderit
962 1596 1044 1662 occi-

14 1709 111 1780 detis;
133 1710 291 1794 quomodo
308 1733 371 1776 nun
389 1712 486 1775 etiam
501 1712 542 1773 oh
559 1708 658 1774 illatas
673 1711 703 1773 ei
718 1731 830 1772 manus
844 1729 975 1794 poenaea
991 1727 1044 1768 vo-

13 1818 76 1889 his,
91 1829 126 1880 ut
137 1818 177 1882 eh
189 1819 311 1905 injustis
322 1830 355 1882 et
365 1820 586 1906 peccatoribus
601 1829 634 1880 et
650 1819 745 1882 corde
762 1817 891 1880 omnino
902 1813 1042 1878 obduru-

13 1925 55 1988 tis
67 1934 99 1987 et
113 1924 343 2010 insipientibus,
356 1924 561 2012 repetentur?
609 1939 611 1946 '

60 2029 176 2094 XCVl.
196 2031 275 2096 Nem
286 2031 373 2118 quod
387 2033 418 2095 ia
431 2031 499 2118 lege
512 2032 704 2107 dictumest,
722 2031 928 2096 «Maledictus
942 2028 1043 2091 omnis

15 2167 29 2196 s
45 2137 99 2221 qui
112 2137 228 2223 pendet
239 2139 271 2201 in
284 2136 368 2224 ligno
379 2138 426 2213 ¹,»
443 2162 506 2203 non
518 2141 604 2224 quod
614 2139 698 2203 Deus
709 2138 876 2202 maledicat
886 2136 961 2199 huie
974 2157 1043 2198 eru-

16 2243 124 2318 cifixo,
147 2267 236 2331 spem
253 2255 392 2310 nostram
410 2269 449 2309 ex
468 2247 532 2310 hoc
550 2245 676 2310 Christo
694 2243 845 2314 crucilino
862 2263 1043 2329 suspensum

16 2351 197 2426 confirmat,
215 2350 270 2414 sed
286 2352 371 2436 quod
386 2353 537 2438 praedicet
551 2352 636 2415 Deus
655 2352 687 2415 id
702 2351 787 2437 quod
803 2373 856 2416 ros
873 2371 998 2442 omnes,
1012 2357 1045 2409 et

16 2456 72 2540 qui
92 2457 185 2519 vestri
205 2455 320 2520 similes
338 2466 423 2530 sunt,
448 2456 534 2521 hunc
553 2479 621 2522 esse
640 2456 695 2540 qui
714 2455 911 2522 anteomnia
930 2464 989 2527 est,
1013 2465 1045 2516 et

16 2575 153 2632 aeternus
165 2563 222 2626 Dei
234 2563 380 2628 sacerdos
394 2575 427 2628 et
437 2585 492 2628 rex
503 2576 534 2627 et
548 2563 692 2628 Christus
703 2575 763 2637 est,
777 2565 966 2650 ignorantes,
984 2559 1046 2622 see·

17 2671 81 2734 turi
101 2671 204 2740 erasis.
229 2670 325 2748 Quod
343 2672 472 2758 quidem
490 2671 565 2738 licet
585 2671 633 2734 vel
653 2672 727 2758 ipsis
746 2669 846 2735 oculis
865 2670 985 2734 suetum
1004 2666 1046 2728 vi-

18 2779 128 2844 deatis.
153 2778 217 2843 Vos
231 2775 320 2844 enim
335 2779 367 2842 in
386 2779 551 2866 synagogis
567 2779 678 2842 vestris
697 2776 884 2842 maledicitis
898 2775 1046 2839 omnihus

19 2885 74 2972 qui
97 2887 136 2949 ab
158 2909 196 2950 eo
219 2885 293 2951 secti
314 2897 388 2950 sunt
408 2884 592 2950 christiani:
617 2883 765 2968 idemque
785 2883 905 2947 laciunt
926 2892 1047 2944 caeterae

19 3003 141 3078 gentes,
159 3015 227 3077 quae
241 2993 341 3081 ipsam
351 2991 607 3056 maledictionem
619 2990 652 3053 in
664 3013 731 3054 rem
744 2989 924 3062 conserunt,
936 3007 1048 3052 necem

20 3100 203 3172 inferentes,
230 3101 347 3186 siquis
375 3111 499 3164 tantum
521 3099 656 3162 latentur
681 3122 714 3161 se
736 3120 803 3162 esse
829 3097 1044 3161 christianum.

24 3207 150 3284 Quibus
161 3209 307 3274 omnihus
319 3209 453 3274 dicimus
468 3234 475 3272 :
494 3209 622 3273 Fratres
635 3208 733 3271 nostri
745 3208 818 3270 estis
833 3231 840 3270 :
857 3207 933 3294 quin
946 3205 1049 3292 potius

22 3312 82 3376 Dei
106 3312 269 3377 veritatem
291 3315 481 3400 cognoscite.
510 3314 591 3378 Cum
614 3325 721 3377 sutem
744 3335 880 3378 necros
902 3307 1051 3376 necillos

22 3417 202 3490 flectamus,
225 3417 281 3482 sed
295 3417 422 3504 utrique
443 3442 460 3482 s
483 3420 573 3504 nohis
590 3418 791 3484 dimicatione
806 3416 1003 3484 contendatis
1019 3425 1053 3478 ut

24 3549 141 3590 nomen
158 3526 275 3590 Christi
292 3549 456 3613 negemus,
475 3540 610 3592 mortem
625 3529 729 3614 potius
745 3527 890 3615 eligimus
907 3537 939 3589 et
952 3523 1051 3612 perie-

24 3635 135 3708 rimus,
148 3635 278 3700 minime
287 3635 375 3700 dubii
383 3637 459 3724 quin
471 3638 556 3701 Deus
567 3659 774 3723 quiscumque
786 3639 869 3701 bonu
882 3656 938 3722 per
949 3633 1051 3698 Chris'

26 3757 95 3806 tum
109 3744 263 3830 promisit,
281 3767 317 3810 ea
335 3745 426 3810 nohis
446 3744 640 3831 praestiturus
657 3745 705 3808 sit.
727 3745 776 3810 Ad
790 3745 859 3808 haeo
872 3740 977 3806 omniu
994 3762 1050 3826 pro

61 3868 134 3916 ¹0³1.
150 3889 187 3927 ιιι,
204 3873 241 3918 13.
