2492 4632
337 349 458 392 cosras
483 348 633 394 mansas.
934 304 997 410 lod

15 551 985 574 ΜΜὶἈΜἈΩΙἏΜΜΜΜΜΜΜΜΜΜΜΜΜΜΜ

204 731 396 834 uranu
431 730 764 866 QUARTUS.

417 978 542 1000 ἡ

329 1153 331 1160 ·
360 1123 611 1192 PRAEFATIO.

15 1291 38 1356 Ι.
55 1293 149 1357 Hunc
160 1303 310 1382 quartum
327 1293 457 1370 librum,
472 1283 687 1370 dilectissime,
699 1292 915 1360 transmittens
930 1293 1000 1370 tibi,

15 1401 75 1465 eris
90 1401 178 1490 quod
196 1415 244 1469 est
266 1403 305 1469 de
323 1404 501 1473 detectione
516 1417 548 1472 et
566 1405 729 1470 eversione
748 1401 831 1468 salsae
847 1403 1002 1494 cognitio-

18 1559 28 1584 ,
47 1511 318 1598 quemadmodum
336 1514 551 1602 promisimus,
568 1537 626 1604 per
643 1513 771 1580 Domini
789 1535 950 1578 sermones
966 1537 1002 1578 ea

15 1644 36 1684 e
48 1621 252 1710 praediximus
264 1622 526 1692 confirmabimus
541 1647 548 1688 ε
564 1623 609 1691 uti
621 1633 653 1688 et
664 1633 712 1698 tu,
729 1620 810 1686 sicut
826 1619 1002 1708 postulasti,

15 1727 110 1816 dique
124 1752 142 1794 a
157 1729 248 1794 nobis
264 1730 399 1817 accipias
415 1729 597 1800 occasiones
612 1727 654 1792 ad
669 1728 879 1796 confutandos
895 1751 1004 1806 omnes

15 1835 150 1912 reticos,
167 1849 199 1902 et
219 1860 273 1902 eos
296 1836 480 1904 omnimodo
501 1848 625 1904 retusos
645 1858 709 1901 non
727 1833 851 1926 longius
871 1835 1005 1903 sinesin

15 1945 88 2010 oris
105 1946 279 2036 procedere
295 1947 502 2038 profundum,
522 1970 626 2036 neque
643 1947 828 2038 ignorantie
843 1946 1005 2037 prefocari

15 2053 100 2144 lago;
119 2053 175 2120 sed
190 2069 378 2126 convertens
389 2081 444 2128 eos
456 2057 489 2127 in
504 2058 642 2124 veritatis
652 2067 795 2148 portum,
807 2057 903 2123 lacius
915 2079 1004 2123 suam

15 2164 135 2252 reipere
150 2163 294 2232 salutem.
616 2230 619 2241 ,

15 2273 55 2340 ll.
71 2275 268 2342 Eumautem
277 2275 332 2365 qui
344 2273 418 2342 velit
427 2297 481 2344 eos
493 2285 692 2354 convertere,
700 2286 826 2366 oportet
838 2273 1006 2368 diligenter

17 2406 53 2447 re
70 2381 194 2472 regulas
213 2385 277 2450 sive
293 2397 478 2475 argumenta
497 2386 647 2476 ipsorum.
667 2385 734 2454 Nec
751 2383 837 2451 enim
855 2383 1004 2474 possibile

16 2541 17 2552 ,
35 2491 131 2560 alicui
147 2517 260 2562 curare
276 2497 431 2585 quosdam
445 2494 527 2564 male
543 2497 709 2574 habentes,
723 2499 776 2588 qui
793 2499 917 2588 ignorat
931 2519 1005 2587 pas·

16 2629 98 2670 mem
113 2629 225 2677 eorum
236 2609 290 2698 qai
304 2607 387 2676 mele
399 2609 512 2678 valent.
528 2609 731 2702 Quapropter
748 2610 781 2676 hi
793 2611 845 2699 qui
859 2619 933 2674 ante
945 2631 1003 2674 nos

16 2728 111 2792 trunt,
132 2730 164 2782 et
183 2719 311 2808 quidem
326 2719 427 2789 multo
442 2721 534 2790 nobis
549 2720 707 2796 meliores,
729 2744 795 2788 non
810 2731 918 2786 tamen
932 2719 1005 2785 setis

16 2837 144 2891 tuerunt
157 2829 376 2896 contradicere
392 2829 440 2896 his
452 2831 506 2918 qui
522 2841 595 2894 sunt
606 2852 623 2894 a
635 2827 816 2904 Valentino,
830 2829 902 2916 quia
914 2829 1006 2918 iguo-

17 2946 86 3000 ›aut
106 2933 248 3022 regulam
271 2937 425 3026 ipsorum,
446 2959 542 3026 quam
562 2960 620 3002 nos
643 2961 718 3005 cum
738 2938 825 3002 omni
846 2935 1005 3028 diligentia

20 3044 125 3131 primo
140 3041 222 3108 libro
238 3046 294 3110 tihi
310 3046 512 3122 tradidimuss
532 3048 642 3136 inquo
654 3059 686 3114 et
701 3048 909 3126 ostendimus,
928 3047 1006 3114 doc-

17 3175 90 3216 nam
105 3155 523 3244 eorumlrecapitulaticnem
534 3181 603 3224 esse
613 3158 756 3224 omnium
769 3157 1002 3224 hereticorum.

17 3273 182 3349 ropropter
192 3275 224 3328 et
235 3265 267 3330 in
279 3267 420 3334 secundo
431 3279 582 3356 tanquam
594 3266 758 3358 speculum
770 3267 939 3334 habuimus
952 3290 1005 3331 eos

17 3373 73 3437 :ius
98 3371 278 3440 eversionis.
310 3375 373 3456 Qui
398 3376 483 3444 enim
510 3376 558 3441 his
580 3376 804 3442 contradicunt
830 3375 1005 3442 secundum

18 3479 61 3544 od
72 3493 210 3568 oportet,
227 3485 449 3552 contradicunt
465 3487 612 3554 omnibus
627 3486 680 3576 qui
697 3497 770 3552 sunt
782 3483 871 3550 malae
884 3497 1006 3550 senten·

18 3634 41 3682 ες
61 3605 161 3696 etqui
177 3603 235 3670 hos
250 3609 404 3671 everterat,
421 3607 567 3664 evertunt
583 3619 710 3664 omnem
722 3595 876 3687 haeresim.

18 3718 73 3786 ΙΙΙ.
90 3717 192 3805 Super
212 3733 322 3780 omnes
333 3723 380 3778 est
394 3709 480 3776 enim
499 3707 683 3797 blasphema
705 3707 814 3798 regula
830 3707 972 3796 ipsorum
990 3729 997 3770 :

19 3827 234 3916 andoquidem
245 3824 397 3892 lactorem
408 3831 439 3888 et
448 3819 683 3896 fabricatorem,
696 3819 804 3908 quiest
816 3841 897 3886 unus
905 3819 1003 3894 Deus,

18 3939 150 4008 :undum
172 3936 258 4026 quod
273 3934 481 4011 ostendimus,
498 3930 537 4030 dc
559 3930 630 3998 labe
651 3931 714 3998 sive
736 3929 912 3998 desectione
930 3953 1004 3997 eum

772 4043 822 4106 eti.
