2648 4598
587 747 860 818 ATflnNtltltsls
881 751 1120 830 rfflnosotffl.

359 968 433 1056 DE
465 971 947 1068 RESURRECTIONE
979 977 1243 1070 Mortuost

744 1213 986 1251 -ΦΟΦ-

401 1386 427 1452 Ι.
441 1385 631 1457 Sarrastras
642 1395 729 1460 omni
741 1416 778 1462 ac
789 1395 953 1472 doctrinar,
966 1418 1034 1485 que
1044 1396 1243 1486 quidemcaorrs

359 1497 487 1562 veritate
508 1503 694 1578 consentiat,
717 1503 897 1570 adnascitur
918 1505 1038 1594 aliquid
1060 1503 1183 1570 mendatii.
1197 1499 1244 1564 tto

359 1603 440 1670 citur
460 1619 577 1683 autem,
601 1633 665 1676 non
684 1635 724 1677 ex
744 1615 887 1702 subjecto
900 1613 1008 1704 aliquo
1026 1613 1154 1703 principio
1167 1607 1245 1674 scarb

359 1723 502 1779 naturam
524 1717 727 1804 productum,
744 1732 798 1786 aut
818 1745 856 1786 ox
875 1725 1004 1812 propria
1026 1718 1244 1811 eujuqoretoo:

358 1820 412 1886 sed
433 1824 471 1887 ab
491 1823 528 1889 iis
548 1827 601 1912 qui
617 1851 723 1894 semen
742 1829 956 1899 adulterinum
977 1831 1020 1898 ad
1040 1817 1246 1918 corruptionem

357 1929 428 1994 tatis
444 1930 531 1996 cordi
545 1932 676 2011 habent,
692 1937 732 2003 de
747 1937 898 2004 industria
913 1939 1124 2030 excogitatum
1138 1925 1246 2020 Λὶῳῑθὶᾶἀι

356 2038 552 2126 prehendere
567 2055 627 2121 ost,
642 2047 744 2135 primo
759 2048 887 2135 quidem
900 2071 940 2114 ex
955 2050 994 2114 iis
1009 2049 1067 2138 qui
1079 2031 1247 2124 oliminejuud

357 2150 450 2215 robus
470 2153 688 2243 investigandis
710 2157 822 2222 versati
843 2167 928 2232 sunt,
948 2169 1045 2245 atque
1059 2179 1096 2221 ex
1113 2157 1248 2218 eoruottcum

357 2258 583 2345 antiquioribus
603 2275 726 2331 etcum
748 2265 919 2354 aequalibus
934 2249 1247 2336 dissensioneuotiffl

356 2377 461 2429 autem
480 2391 518 2434 ex
536 2372 602 2460 ipsa
618 2397 726 2441 earum
740 2398 846 2442 rerum
864 2399 933 2464 quae
948 2377 982 2441 in
997 2375 1101 2442 medio
1114 2373 1251 2439 mutet·

356 2475 544 2544 turbatione.
560 2481 684 2547 Nullam
699 2486 783 2549 enim
800 2486 936 2552 veritatis
950 2499 1074 2574 partem
1088 2462 1250 2547 adonidis

355 2607 423 2652 rom
441 2585 646 2678 reliquerunt,
661 2616 728 2659 non
745 2596 911 2661 essentiam
931 2595 1005 2670 Dei,
1029 2616 1093 2660 non
1108 2590 1160 2676 ojus
1172 2573 1250 2645 stiffi

355 2717 418 2761 non
431 2699 655 2784 operationem,
668 2724 732 2767 non
744 2726 812 2790 quae
827 2727 865 2768 ex
879 2703 927 2768 his
943 2715 1017 2791 apta
1030 2701 1106 2768 serie
1119 2691 1253 2792 coustttffl‘

354 2815 386 2870 et
401 2807 524 2894 pietatis
545 2808 675 2877 sormam
693 2813 785 2877 nobis
802 2813 992 2898 exprimunt.
1020 2811 1083 2876 Sed
1096 2805 1140 2871 alii
1151 2797 1253 2906 vertebat

354 2915 509 3001 ejusmodi
532 2917 625 2982 rebus
643 2919 773 2984 omnino
790 2918 969 3008 desperant,
989 2915 1043 2982 alii
1062 2915 1101 2980 ad
1116 2930 1172 2976 suas
1185 2899 1254 2987 stibi*

353 3022 553 3110 detorquent,
568 3024 619 3090 alii
635 3027 674 3091 de
687 3027 843 3092 industria*
856 3049 906 3092 res
921 3037 993 3091 anto
1011 3023 1116 3092 oculos
1127 3006 1255 3108 pssimi*

353 3131 442 3198 bium
453 3147 577 3201 vocant.
591 3137 674 3202 Hinc
684 3137 720 3202 iis
728 3138 782 3225 qui
791 3159 918 3225 operam
928 3136 960 3201 in
972 3157 1023 3200 res
1034 3124 1170 3222 ejusmodi
1176 3115 1252 3185 insuat*

353 3242 470 3333 duplici
482 3269 560 3333 opus
574 3247 711 3311 arbitror
725 3270 792 3312 esse
811 3268 966 3320 sermone,
979 3241 1077 3308 altero
1090 3261 1143 3327 pm
1152 3227 1256 3332 terimi

353 3366 421 3419 tero
438 3355 477 3420 de
494 3355 622 3422 veritato
635 3379 643 3420 ε
658 3381 716 3445 pro
732 3357 861 3422 veritate
873 3355 999 3444 quidem
1015 3351 1152 3417 adsersus
1164 3327 1255 3454 incedo

353 3476 408 3527 eut
423 3464 614 3537 dubitantes3
630 3464 668 3529 de
680 3465 809 3530 veritate
820 3464 861 3529 ad
875 3487 929 3529 cos
941 3461 994 3551 qui
1005 3481 1093 3548 equo
1110 3462 1171 3520 sunt
1181 3449 1255 3547 annas

354 3573 516 3638 veritatem
526 3571 661 3639 libenter
671 3572 853 3660 suscipiunt.
870 3571 1084 3651 Quamobrem
1094 3561 1141 3651 qui
1153 3547 1259 3622 hisdem·

354 3701 493 3763 quaerere
506 3680 627 3758 volunt,
646 3693 787 3770 spectare
798 3680 915 3745 debent
929 3675 1005 3766 quid
1021 3693 1139 3764 quoquo
1152 3664 1257 3766 ῑθῐῑῑΡθῗὓ

353 3785 470 3872 pediat,
485 3811 586 3877 coque
603 3788 781 3878 disputandi
799 3789 953 3852 rationem
969 3783 1084 3858 metiri,
1098 3789 1127 3845 et
1144 3769 1260 3885 ditpflfflif

353 3895 546 3962 ordinemad
561 3898 594 3963 id
609 3899 695 3985 quod
711 3898 803 3964 dccet
816 3894 1068 3968 accommodare,
1084 3909 1149 3959 noc.
1161 3861 1261 3946 utoni»
