2492 4632
361 311 485 358 coarat
508 311 658 356 uaaasas.
959 293 1024 376 459

26 415 260 508 desuper¹3
277 445 291 481 ι
310 418 506 486 concedente
524 417 595 485 Deo
615 439 739 508 semper
760 419 895 508 justum,
916 417 954 484 'ut
973 418 1027 484 bic

16 549 90 593 em
118 551 176 596 ex
195 528 333 618 hisquae
352 551 461 618 passus
479 540 528 596 ost
545 539 579 596 et
598 529 759 607 sustinuit,
778 531 931 619 probatus
949 528 1029 596 reci·

16 661 76 712 trs
107 641 183 730 qui
197 651 306 708 autem
321 639 509 733 malignatus
523 653 584 720 est,
601 665 641 708 ex
658 640 707 708 his
723 664 793 729 quaa
807 641 883 730 egit,
899 640 1029 728 adjudi-

16 771 35 814 s
65 747 288 839 expellatur.
313 748 414 840 igitur
435 772 500 818 nou
522 747 677 818 sacrificia
700 749 900 817 sandtilicaut
922 748 1029 814 bomi—
1065 823 1066 826 Ἴ

24 881 38 930 3
75 881 173 925 non
193 859 281 926 enim
299 858 420 949 indiget
442 859 597 929 sacrificio
619 858 733 927 Deus:
759 858 815 925 sed
836 857 1028 925 conscicntia

54 968 138 1054 qui
167 966 262 1036 offert
284 965 462 1036 sanctificat
484 966 693 1044 sacrificium,
717 989 797 1056 pura
819 967 973 1042 existens,
996 977 1029 1030 et

16 1087 96 1142 stat
119 1089 299 1168 acceptare
310 1078 513 1168 Deumquosi
524 1081 566 1146 ab
581 1078 696 1147 amico.
715 1077 892 1144 «Peccator
906 1087 1028 1152 autem,
1092 1070 1096 1076 ’

16 1185 121 1272 parit,
139 1186 201 1274 qui
213 1185 330 1253 occidit
342 1187 421 1253 mibi
436 1185 584 1266 vitulum,
601 1185 691 1275 quasi
706 1185 833 1253 occidat
848 1183 1019 1253 canem¹.s

16 1292 60 1360 v.
102 1293 281 1374 Quoniam
307 1293 403 1382 igitur
428 1315 504 1361 cum
525 1292 727 1384 simplicitate
753 1291 895 1361 Ecclesia
921 1293 1027 1370 ollert,

16 1417 48 1466 te
70 1423 212 1468 munus
231 1403 301 1491 ejus
319 1423 437 1492 purum
457 1401 649 1469 sacrificium
668 1401 753 1491 apud
770 1400 875 1469 Deum
893 1401 1022 1492 deputa·

16 1522 135 1578 nest.
171 1509 454 1591 Quemadmodum
479 1522 512 1576 et
537 1509 653 1578 Paulus
674 1509 929 1600 Philippensibus
951 1510 1023 1575 ait:
1087 1491 1092 1498 ’

16 1617 176 1710 lepletus
202 1642 273 1688 sum
298 1619 440 1710 acceptis
466 1621 506 1686 ab
532 1619 769 1710 Epaphrodito,
796 1643 909 1710 quasa
937 1621 1028 1686 vobis

16 1729 102 1794 aissa
130 1741 227 1806 snut,
253 1727 387 1795 odorem
412 1727 589 1804 suavitatis,
616 1726 753 1796 bostiam
779 1725 1026 1820 acceptabilem,

16 1835 199 1906 lucentem
212 1837 314 1905 Dco⁴.
330 1865 343 1901 s
357 1836 494 1928 Oportet
507 1838 593 1904 enim
607 1858 666 1906 nos
682 1835 875 1906 oblationem
891 1837 959 1904 Deo
977 1835 1028 1903 sa·
1111 1906 1116 1927 Ι

16 2057 80 2122 ntia
104 2079 190 2148 pura
213 2068 246 2122 et
267 2055 330 2123 lide
351 2057 419 2122 sine
437 2055 611 2146 hypocrisi,
633 2057 666 2124 in
683 2080 740 2148 spe
757 2054 863 2133 lirma,
879 2057 912 2122 in
927 2053 1029 2122 dilec-

16 2189 71 2231 oao
99 2165 250 2242 lementi,
270 2165 425 2256 primitias
448 2189 559 2232 aarum
582 2188 652 2254 quae
670 2179 743 2234 sunt
761 2167 843 2256 ejus,
864 2177 1028 2236 creatura-

16 2299 60 2342 rm
81 2277 263 2345 offerentes.
288 2279 329 2345 Et
348 2277 432 2344 hanc
450 2275 645 2344 oblationem
663 2275 805 2345 Ecclesia
828 2275 891 2344 sola
911 2300 1026 2367 puram

16 2383 88 2450 ffert
107 2383 302 2461 fabricatori,
325 2381 461 2450 oll'erens
487 2383 518 2449 ei
544 2405 619 2452 cum
640 2385 813 2474 gratiarum
836 2383 962 2451 actione
988 2407 1027 2450 ex

16 2505 143 2558 matura
165 2493 242 2581 ejus.
275 2491 379 2560 Judaei
403 2503 597 2563 autemnon
620 2491 787 2561 oll'oruntt
810 2514 923 2560 manus
942 2491 1028 2557 enirn

19 2621 111 2666 orum
129 2600 277 2690 sanguiue
294 2599 396 2690 plauae
418 2614 519 2668 sunt:
544 2625 609 2670 nou
629 2603 716 2670 onim
735 2615 925 2689 receperunt
945 2597 1027 2666 Vor-

16 2731 91 2785 tum,
120 2709 205 2798 quod
232 2708 366 2778 offertur
395 2709 473 2777 Deo.
506 2710 571 2778 sod
596 2733 701 2799 neque
726 2731 837 2775 omnes
866 2707 1029 2774 baeretico-

16 2841 70 2884 um
84 2842 256 2910 synagoga.
276 2817 337 2888 Alii
351 2819 437 2888 enim
454 2819 590 2887 alterum
604 2830 721 2908 praeter
738 2814 961 2884 fabricatorem
977 2816 1028 2882 di·

16 2940 105 2995 ·antes
114 2929 250 3006 Patrem,
258 2952 295 2996 ea
306 2952 377 3020 quae
387 2927 633 2995 secuudumnos
644 2937 750 2994 creata
763 2937 849 3003 sunt,
858 2924 1027 2994 offerentes

16 3037 46 3112 ri,
63 3039 209 3129 cupidum
223 3037 317 3106 alieni
332 3039 504 3106 ostendunt
521 3061 609 3114 eum,
628 3047 663 3103 ot
680 3033 782 3104 aliena
798 3037 1028 3126 concupiscen-

16 3161 75 3216 tem.
94 3150 156 3231 Qui
175 3173 248 3216 vero
262 3173 301 3216 ex
315 3149 505 3224 desectione,
522 3161 555 3214 et
567 3147 755 3237 ignorantia,
771 3158 804 3214 et
818 3148 963 3238 passione
979 3146 1028 3212 di-

16 3272 79 3324 cunt
91 3260 170 3326 sacta
187 3281 223 3326 ea
240 3281 310 3348 quae
325 3269 400 3326 sunt
415 3256 592 3325 secundum
604 3279 674 3334 nos,
697 3255 893 3346 ignorantias,
931 3255 1029 3322 assio-

16 3367 65 3444 uis,
87 3381 118 3437 et
137 3369 318 3438 delectionis
339 3366 461 3444 fructus
484 3366 665 3445 offerentes,
688 3375 824 3456 peccant
846 3366 878 3432 in
900 3279 1026 3432 latrem

16 3500 108 3557 suum,
124 3477 344 3548 contumeliam
358 3477 508 3545 facientes
522 3477 622 3566 magis
632 3477 674 3552 ei,
691 3497 786 3565 quam
803 3473 917 3565 gratias
929 3497 1027 3566 agen-

16 3597 64 3654 tes.
83 3591 243 3671 Quomodo
253 3602 362 3658 autem
376 3587 534 3656 constabit
548 3587 605 3663 cis,
618 3609 693 3654 eum
709 3583 868 3675 ponamin
884 3607 947 3674 quo
959 3606 1029 3674 gra-

20 3695 61 3762 tiae
73 3700 223 3775 aotaesint,
241 3721 356 3787 corpus
371 3719 439 3764 csse
451 3695 578 3764 Domini
594 3695 655 3771 sui,
672 3705 705 3760 et
718 3691 852 3762 calicem
867 3693 1027 3783 sanguinis

21 3807 90 3895 ejus,
104 3809 127 3876 si
136 3831 195 3877 non
206 3809 310 3900 ipsum
321 3806 519 3878 fabricatoris
530 3805 642 3876 mundi
653 3802 771 3873 Filium
785 3803 905 3883 dicant,
921 3802 954 3871 id
964 3812 1025 3876 est,

52 3931 129 3984 'laam
141 3950 188 3996 ιιι,
203 3950 238 3986 ιι.
251 3956 283 3974 ν-
292 3931 304 3968 ¹
314 3933 381 3985 Esai.
396 3947 462 3994 ιιιι,
474 3933 499 3983 b.
510 3959 540 3972 -
551 3929 561 3967 ⁸
572 3930 664 3998 Philip.
677 3945 712 3994 rr,
727 3929 764 3980 18.
