2640 4622
255 265 403 312 nrnuoaos
427 265 488 311 cun
512 263 674 308 rarruoan
697 263 812 306 suono.
983 241 1042 327 5⁹¹

21 383 169 440 ·.ornata
181 383 213 440 et
225 373 415 464 amplificata
425 373 435 408 ¹
443 397 452 447 ;
467 371 737 462 quemadmodum
747 368 895 438 Ezechiel
903 381 935 436 ot
943 371 1048 436 Esaias

21 503 29 544 ;
52 481 173 546 caeteri
189 481 354 570 Prophetae
369 482 568 570 promittunt.

49 587 217 656 LXXXI.
236 589 289 656 Sio
304 591 389 656 enim
403 591 509 658 Esaias
525 591 564 656 de
586 590 648 656 laoo
669 587 754 656 mille
776 609 932 654 annorum
948 585 1048 676 spatio

20 707 171 784 ›quntus
186 709 250 764 est:
272 697 365 763 «Erit
380 700 464 765 enim
476 697 592 765 ooelum
603 721 733 774 norum,
750 709 782 762 et
795 706 879 762 terra
894 717 976 760 nora
991 717 999 759 ε
1015 705 1049 758 at

31 828 111 870 non
134 807 388 874 recordabuntur
405 809 547 897 priorum
566 819 623 874 :et
644 831 709 873 non
726 807 853 872 veniant
871 827 967 895 super
990 825 1047 869 cor

37 935 179 986 eorum;
205 915 261 980 sed
275 915 424 1004 gandium
439 927 471 982 et
484 915 725 982 exsultationem
739 914 899 980 invenient
914 913 947 977 in
965 913 1045 1002 ipsa,

26 1023 116 1110 :quae
135 1045 196 1112 ego
208 1047 292 1090 creo.
313 1024 394 1104 Quia
410 1047 486 1092 ecoe
502 1047 561 1114 ego
574 1025 657 1090 saoio
668 1021 907 1089 exsultationem
917 1020 1047 1086 Jerusa-

32 1129 119 1206 lem,
132 1141 166 1196 et
177 1131 331 1220 populum
342 1155 449 1199 meum
459 1131 598 1198 laetitiam
610 1155 618 1196 r
632 1143 665 1197 et
672 1130 836 1196 exsultabo
848 1152 941 1222 snper
952 1129 1047 1195 Jeru-

37 1236 158 1312 salem,
171 1249 204 1304 et
214 1235 343 1304 laetubor
350 1261 444 1327 super
455 1237 573 1328 populo
583 1261 666 1303 meo.
681 1239 722 1302 Et
733 1259 797 1302 non
810 1235 891 1300 ultra
902 1233 1048 1300 audietur

35 1347 73 1412 in
90 1367 129 1412 ea
146 1369 207 1412 vox
222 1347 314 1413 ssetus
330 1371 431 1436 neque
454 1371 514 1414 vox
527 1346 685 1414 clamoris.
705 1346 745 1434 Et
760 1367 825 1411 non
840 1345 900 1409 erit
915 1343 1048 1432 amplius

37 1457 86 1520 ibi
103 1457 272 1522 immatura
287 1456 398 1545 aliquis
409 1467 513 1533 astato,
525 1467 558 1523 at
569 1479 676 1532 senex,
689 1455 820 1544 quinon
832 1449 961 1542 impleat
973 1464 1049 1517 tem·
1153 1451 1157 1466 '

34 1589 100 1653 pus
116 1587 220 1632 suum.
240 1567 309 1632 Erit
322 1568 408 1633 enim
422 1566 605 1633 adolescens
619 1565 703 1631 filius
719 1573 849 1630 eentum
866 1585 1044 1628 annorum:

37 1675 184 1740 moriens
198 1697 273 1741 vero
287 1686 438 1762 peooator
449 1674 531 1740 filius
546 1683 675 1740 eentum
690 1695 859 1747 annorum,
871 1671 968 1736 etium
981 1693 1047 1745 ma·

20 1821 22 1834 ›
39 1781 181 1849 lediotus
196 1784 265 1848 erit.
280 1783 320 1848 Et
330 1782 533 1849 adunabunt
548 1782 672 1860 domos,
684 1794 717 1846 ot
732 1782 791 1870 ipsi
807 1781 1046 1846 inhabitabunt:

20 1903 76 1956 ·ot
96 1892 286 1980 plantabunt
307 1895 425 1970 vineas,
440 1904 473 1958 et
491 1894 549 1983 ipsi
568 1893 737 1960 comedent
751 1893 908 1982 genimina
923 1913 1045 1967 earum,

20 2029 27 2060 s
47 2011 83 2065 et
97 2002 208 2066 vinum
226 2003 355 2070 bibent:
370 2027 434 2070 non
451 2003 666 2080 aedificabunt,
681 2013 714 2069 et
732 2002 785 2080 alii
801 2003 1043 2069 inhabitabunt:
1143 1993 1146 2000 ’

19 2141 29 2172 a
45 2123 80 2176 et
91 2135 157 2179 non
168 2112 367 2201 plantabunt,
379 2113 430 2180 alii
444 2137 517 2182 varo
533 2113 710 2182 comedent.
730 2115 856 2180 Etenim
871 2113 1048 2181 seeundum

19 2252 27 2282 s
45 2221 114 2286 dies
126 2221 200 2310 ligni
213 2224 282 2288 vitae
293 2235 386 2290 erunt
395 2223 460 2289 dies
467 2222 574 2312 populi
586 2225 666 2289 mei:
677 2246 773 2312 opera
785 2221 928 2289 laborum
935 2227 1046 2288 eorum

19 2359 27 2390 s
44 2327 350 2418 multiplicabuntur.
369 2330 470 2397 Eleoti
484 2332 546 2396 mei
562 2353 627 2396 non
646 2328 835 2399 laborabunt
852 2330 885 2395 in
901 2351 1017 2394 vanum
1034 2350 1042 2392 ε

19 2459 151 2524 tneque
168 2435 248 2503 filios
267 2439 464 2527 generabunt
486 2440 518 2506 in
537 2437 793 2508 maledictionem
814 2463 822 2503 ε
842 2438 915 2526 quia
937 2459 1044 2504 semen

19 2573 31 2604 u
47 2545 169 2630 justum
183 2558 215 2611 at
229 2547 431 2614 benedictum
441 2572 460 2613 a
471 2548 608 2614 Domino
619 2541 775 2624 erenaei
789 2557 920 2637 nepotes
932 2569 1045 2612 eorum

19 2675 119 2716 »oum
134 2654 188 2718 ais.
210 2655 250 2720 Et
267 2655 339 2732 erit,
360 2668 531 2744 antequam
546 2655 605 2745 ipsi
624 2655 761 2722 clament
776 2679 835 2744 ego
851 2655 1016 2720 exaudiam
1033 2677 1041 2718 ε

19 2761 153 2829 »adhue
171 2762 372 2851 loquentibus
392 2765 464 2842 illis,
488 2766 606 2842 dicam,
630 2766 718 2845 Quid
735 2765 806 2830 esti
820 2763 904 2828 Tum
925 2761 992 2852 lupi
1013 2774 1045 2830 ot

19 2872 116 2959 »agni
130 2884 298 2960 pascentur
313 2872 419 2948 simul,
434 2883 467 2938 et
485 2871 548 2950 leo,
565 2874 654 2960 quasi
672 2876 744 2948 bos,
760 2869 907 2939 comedet
925 2869 1043 2961 paleas,

21 3007 34 3040 ι
50 2989 83 3042 et
101 3001 227 3066 serpens
244 2991 375 3054 terram,
397 2981 485 3068 quasi
504 3003 633 3069 punem.¹
651 2981 918 3056 Nonuocebunt,
940 3001 1044 3070 neque

25 3114 37 3146 s
53 3099 252 3174 corrumpent
267 3087 299 3153 in
318 3097 426 3154 monte
442 3099 563 3164 saneto,
579 3089 657 3154 dicit
670 3089 834 3154 Dominus.
850 3089 974 3170 »Quod
989 3090 1044 3178 igi·

27 3205 76 3256 tur
91 3192 137 3257 his
151 3193 183 3258 in
198 3194 300 3259 verbis
311 3193 449 3262 dieitur:
468 3197 574 3264 «Na'm
592 3197 767 3264 seeundum
786 3197 852 3264 dies
870 3197 959 3288 ligni,
978 3198 1044 3264 dios

26 3297 156 3388 »populi
170 3301 231 3364 mei
251 3311 345 3366 erunt
362 3326 370 3367 ε
388 3325 481 3392 opera
498 3303 642 3372 laborum
657 3327 768 3370 eorum
784 3301 1044 3393 multiplicabun-

26 3437 37 3470 ι»
53 3405 226 3484 tur‚»milla
237 3431 335 3474 annos
348 3431 461 3477 meane
473 3413 627 3502 designari
638 3411 849 3502 intelligimus.
863 3413 946 3477 Cum
958 3413 1043 3478 enim

29 3517 97 3583 tldae
116 3517 236 3584 dictum
256 3515 377 3594 luisset,
397 3543 460 3608 quo
479 3520 530 3587 die
549 3521 589 3586 de
611 3521 696 3610 liguo
712 3521 839 3598 adisset,
856 3543 894 3586 eo
910 3521 1044 3588 moritu-

30 3647 110 3699 rum;
126 3621 209 3690 mille
225 3623 315 3690 illum
326 3647 426 3694 annos
437 3651 501 3694 non
512 3627 687 3718 implevisse
700 3629 824 3695 scimus.
840 3627 923 3695 lllud
933 3630 1040 3706 etiam,

29 3735 91 3800 dias
108 3735 243 3801 Domini
259 3751 422 3822 tanquam
438 3737 529 3803 milla
543 3736 658 3814 anni²,
682 3737 795 3806 eodem
813 3739 969 3830 pertinere
991 3741 1042 3806 in-

61 3863 68 3896 ¹
81 3863 136 3914 Vide
145 3872 199 3929 port
212 3863 329 3916 Iudicem
342 3867 443 3917 tertiam
453 3865 655 3926 adnotationem.
668 3895 698 3906 -
708 3867 719 3901 ²
728 3867 791 3918 Pral.
803 3885 901 3928 uarix,
910 3869 934 3928 l.
