2648 4598
266 278 305 321 ott
329 275 578 321 RESURRECTIONE
602 271 797 318 HORTUORllll·
982 263 1037 305 121

40 384 123 464 Quod
136 384 159 450 sl
172 385 334 473 utriusque
346 385 416 450 linis
427 399 486 458 est.
499 385 586 473 isque
602 407 660 450 nec
671 381 730 448 illis
742 379 847 447 edhuc
858 373 1042 467 degentibus

37 495 65 559 in
80 495 133 560 hae
146 495 207 560 vito
224 495 353 584 reperiri
367 506 483 584 potest,
495 507 623 582 propter
634 515 742 559 causes
757 512 838 578 sepe
849 485 969 561 allatas,
984 503 1043 548 nec

36 604 65 668 iu
78 605 174 670 anima
191 627 208 668 e
223 625 357 691 corpore
371 615 524 691 seperate,
537 625 576 667 eo
588 601 672 688 quod
687 600 756 666 talis
771 599 867 666 homo
883 619 946 662 neu
961 591 1043 659 exis-

36 725 89 788 tet,
108 711 256 779 dissoluto
275 727 329 778 nut
348 737 474 802 prorsus
489 713 584 777 etiam
599 710 746 800 dissipato
762 731 906 798 corpore,
922 701 1043 770 etiamsi

35 823 130 886 enimn
144 845 201 910 per
222 845 254 886 se
271 823 335 910 ipse
354 832 551 910 permoneat:
572 843 700 888 necesse
715 831 762 884 est
784 818 911 884 omnino
929 815 962 879 in
984 809 1043 877 elin

37 930 189 1018 utriusque
204 953 242 997 ec
261 931 403 1018 ejusdcm
421 929 563 996 animalis
582 931 804 997 constitutione
824 927 988 993 hominum
1004 921 1044 986 fi-

34 1060 103 1102 nem
116 1039 255 1126 reperiri.
275 1041 343 1105 lloc
358 1051 463 1104 eutem
478 1062 551 1104 cum
565 1039 740 1106 necessario
756 1046 976 1122 consequetur,
993 1054 1044 1096 ne·

34 1167 115 1211 cesse
129 1169 255 1234 prorsus
269 1160 316 1212 est
328 1160 527 1212 mortuorum
538 1158 592 1212 eut
603 1146 732 1212 omnino
743 1141 965 1210 dissolutorum
977 1163 1043 1206 cor

33 1277 141 1342 porum
166 1255 234 1320 fieri
260 1243 536 1330 resurrectionem,
564 1278 601 1322 nc
622 1253 751 1319 eosdem
770 1251 914 1317 homines
938 1271 1044 1314 rursus

32 1365 180 1428 existere:
196 1365 221 1428 si
236 1365 363 1452 quidem
375 1365 472 1430 l'mem
481 1386 547 1430 non
558 1363 752 1451 simpliciter,
765 1384 824 1428 nec
836 1356 1046 1448 quorumlihet

32 1473 206 1548 hominum,
225 1474 274 1540 lex
293 1487 412 1540 unturae
429 1475 604 1549 constituit,
624 1474 678 1539 sed
699 1475 838 1560 ipsorum
852 1468 978 1535 illorum
993 1467 1046 1554 qui

32 1580 258 1666 precedentem
279 1583 375 1649 vitum
401 1583 617 1648 traduxerunt.
644 1581 744 1648 lidem
770 1592 876 1645 eutem
904 1578 1047 1644 homines

32 1711 136 1755 rursus
151 1691 282 1756 existere
294 1715 358 1756 non
369 1705 512 1779 possunt,
525 1692 583 1757 nisi
596 1690 707 1756 eudem
718 1713 849 1778 corpora
861 1687 971 1753 iisdem
983 1685 1046 1751 eni-

30 1799 141 1863 mabus
156 1798 336 1863 reddentur.
354 1800 394 1863 Ut
408 1812 515 1865 nutem
532 1801 616 1866 idem
631 1823 745 1887 corpus
760 1797 871 1862 eedem
886 1797 988 1861 enimc
1000 1819 1047 1859 re·

30 1906 138 1993 cipiet,
162 1905 251 1972 aliter
269 1905 336 1971 lieri
357 1930 421 1972 non
439 1920 554 1995 potest,
578 1932 673 1997 quum
694 1930 751 1996 per
771 1905 1044 1972 resurrectionem.

29 2015 98 2078 Hac
113 2013 197 2077 enim
212 2013 364 2100 perfecte,
379 2013 568 2081 conveniens
582 2029 700 2081 nature
711 2014 875 2081 hominum
887 2014 1050 2101 consequi·

29 2134 83 2185 tur
97 2120 177 2185 linis.
196 2119 274 2187 Vitae
290 2134 394 2188 nutem
408 2123 574 2209 prudentia
586 2136 618 2187 et
629 2121 771 2188 rationali
782 2123 901 2210 judicio
912 2122 1049 2211 praeditae

27 2251 94 2294 non
108 2230 258 2294 erraverit
270 2231 294 2294 si
309 2230 378 2317 quis
394 2231 480 2298 hunc
494 2231 591 2296 finem
606 2254 672 2296 esse
688 2230 784 2306 dicet,
795 2231 828 2297 i'n
844 2231 880 2294 iis
897 2243 1048 2318 perpetuo

26 2339 96 2405 sine
123 2337 372 2428 interpellatione
395 2340 523 2415 versari,
547 2340 662 2428 quihus
690 2339 823 2402 maxime
848 2348 881 2402 et
901 2338 1049 2426 primerio

25 2448 175 2534 congruit
191 2447 340 2512 naturalis
353 2449 446 2523 ratio,
464 2459 496 2514 et
509 2449 542 2514 in
554 2447 819 2536 contemplatione
829 2445 911 2511 illius
923 2448 975 2534 qui
988 2461 1047 2523 est,

23 2557 162 2643 ejusque
178 2555 252 2644 legis
272 2556 484 2622 indesinenter
497 2556 622 2645 gloriari
640 2580 648 2620 :
668 2555 809 2643 quemvis
830 2554 970 2643 plerique
989 2557 1049 2622 ho-

21 2665 131 2732 mines
146 2664 277 2729 terrenis
292 2666 385 2730 rebus
400 2662 564 2731 libidinose
576 2689 614 2731 eo
629 2664 832 2731 vehementer
847 2663 950 2730 ell'ecti
965 2665 1052 2731 hunc

21 2775 128 2840 finem
136 2794 199 2837 nou
207 2785 420 2859 assequentur.
430 2772 593 2839 Nenenim
605 2793 806 2839 communem
815 2781 932 2835 sortem
940 2772 1052 2836 evertit

21 2880 201 2947 multitudo
213 2902 323 2946 eorum
335 2880 389 2967 qui
401 2889 594 2966 congruente
606 2878 665 2943 illis
675 2879 738 2944 fine
752 2877 917 2944 excidunt:
936 2879 1051 2969 quippe

20 3013 106 3058 cum
122 2989 276 3076 ejusmodi
292 3011 398 3052 rerum
410 3009 541 3052 examen
556 2999 587 3052 et
602 2987 761 3074 inquisitio
776 2988 815 3053 ed
832 2987 967 3077 singulos
982 3013 1052 3078 per-

20 3099 144 3170 tineat,
167 3107 199 3159 et
222 3095 291 3160 vitae
313 3097 394 3159 bene
417 3105 471 3156 eut
492 3092 573 3158 mele
594 3105 672 3159 actae
694 3117 814 3161 merces
835 3109 890 3162 eut
904 3118 995 3185 poeua
1011 3097 1050 3161 ed

22 3225 292 3292 unumquemque
307 3200 573 3268 accommodetur.
604 3189 609 3202 '
