2772 4620
268 269 417 314 ericodes
442 268 504 312 carr
527 263 691 310 anrrnoxe
713 262 828 304 ranno.
1001 237 1063 323 559

42 393 79 444 et
98 377 217 444 vovisti
233 377 276 442 ibi
292 388 413 443 votnm.
429 373 524 440 Nunc
535 372 632 462 igitur
641 371 704 446 exi,
717 380 750 433 et
761 385 917 454 consurge
929 364 969 430 de
978 376 1063 430 terra
1137 441 1140 448 Ι

42 491 129 564 hac,
147 502 181 554 et
196 487 247 553 abi
262 487 295 551 in
310 498 428 551 terram
444 481 654 572 generationis
669 492 731 544 tuae
748 501 756 542 :
776 489 808 542 et
822 497 878 542 ero
892 474 1028 542 tecnm¹.
1043 499 1067 536 r

42 610 135 684 tque
150 598 269 662 iterum
285 592 347 658 alio
361 590 434 659 loco
450 591 490 656 de
503 591 625 658 Jacobo
640 589 784 678 loquens,
797 585 839 650 ita
851 585 949 651 dicit:
967 583 1068 649 asuru

49 729 141 794 gens
158 716 267 770 autem
282 714 376 769 nocte
392 695 443 767 ilia
458 699 580 788 accepit
596 697 674 764 duas
690 719 814 770 uxores,
830 703 863 760 et
879 693 957 759 duas
972 691 1069 758 ancii-

46 815 118 890 ias,
136 826 170 880 et
187 813 338 880 undecim
353 809 498 901 parrulos
514 833 587 876 scos
604 833 612 875 ι
631 821 664 874 et
679 807 820 874 transivit
834 805 1002 871 transitum
1011 803 1070 869 Ja-

51 926 139 1000 cob,
165 936 198 989 et
218 923 340 1011 accepit
360 945 426 997 eos,
450 933 482 987 et
505 920 647 986 transivit
669 929 853 991 torrentem,
875 927 907 982 et
928 912 1072 982 traduxit

55 1033 173 1099 omnia
192 1055 258 1097 aaa.
276 1030 438 1098 Remaneit
452 1042 559 1096 autem
579 1029 680 1095 Jacob
701 1023 786 1092 solus
806 1037 867 1092 :et
888 1023 1069 1092 luctabatur

52 1140 194 1229 angelus
210 1163 284 1206 cum
298 1163 337 1206 eo
354 1163 452 1228 usque
467 1161 570 1208 mane.
588 1137 675 1204 Vidit
690 1149 809 1211 autem,
823 1136 897 1225 quia
911 1157 975 1200 non
987 1131 1070 1200 vaiet

58 1273 141 1337 erga
158 1271 257 1314 eum:
277 1259 308 1312 et
329 1249 431 1338 tetigit
450 1246 649 1313 latitudinem
671 1245 798 1312 semoris
814 1245 896 1332 ejus,
912 1255 944 1308 et
959 1244 1070 1308 obtor-

58 1359 136 1446 puit
154 1355 287 1422 latitudo
307 1356 435 1422 femoris
455 1357 569 1430 Jacob,
586 1355 663 1420 dum
685 1353 825 1420 luctatur
843 1354 910 1441 ipse
928 1374 1001 1418 cum
1018 1373 1067 1416 eo.

59 1467 105 1531 Et
122 1467 202 1533 dixit
221 1467 250 1532 ei
270 1489 277 1530 :
301 1466 431 1533 Dimitte
454 1488 506 1530 me
525 1488 534 1527 ε
553 1464 695 1530 ascendit
710 1464 797 1528 enim
817 1459 1004 1528 diluculum.
1032 1459 1074 1526 At

42 1574 240 1642 illedixit:
263 1573 334 1640 Non
350 1587 382 1640 te
403 1573 580 1648 dimittam,
601 1572 660 1638 nisi
682 1595 734 1638 me
753 1570 963 1638 benedixeris.
989 1569 1075 1634 Dixit

42 1719 44 1736 ·
66 1696 179 1748 autem
194 1684 223 1748 ci
241 1706 249 1746 :
265 1681 362 1760 Quod
376 1695 425 1746 est
444 1704 559 1746 nomen
583 1681 698 1746 tuum?
714 1679 754 1746 At
770 1678 822 1745 iile
838 1679 915 1744 dixit
932 1702 940 1742 ι
959 1677 1070 1744 Jacob.

42 1793 111 1855 ‚Et
136 1791 215 1856 dixit
232 1791 262 1856 ei
286 1812 294 1852 ι
320 1789 391 1856 Νοιι
414 1791 579 1856 vocabitur
602 1785 682 1853 nitra
704 1805 821 1856 nomen
843 1800 936 1853 tuum
956 1785 1075 1863 Jacob,

42 1931 51 1960 ι
72 1899 131 1964 sed
152 1895 249 1962 lsrael
264 1897 325 1962 erit
345 1919 461 1963 nomen
480 1910 596 1962 tuum:
624 1899 695 1985 quia
715 1895 872 1963 invaluisti
897 1919 972 1963 cum
989 1896 1075 1971 Deo,

42 2039 57 2069 ι
72 2019 107 2072 et
129 2029 204 2073 cum
225 2005 407 2072 hominibus
425 2019 536 2093 potens
559 2007 630 2072 eris.
656 2006 757 2072 Jacob
778 2018 884 2070 autem
907 2007 1078 2095 interroga·

42 2147 57 2178 ι
75 2117 134 2192 vit,
160 2129 193 2181 et
215 2116 292 2181 dixit
316 2139 324 2178 ι
353 2115 512 2180 Annuntia
533 2114 610 2180 mihi
633 2137 749 2180 nomen
777 2125 878 2180 tuum.
905 2117 945 2180 Et
968 2114 1075 2180 dixit:

42 2257 57 2285 n
79 2223 121 2287 Ut
141 2223 217 2312 quid
237 2223 299 2290 hoc
320 2223 493 2312 interrogas
515 2235 549 2286 to
571 2245 687 2288 nomen
710 2223 839 2288 meumi’
859 2225 900 2288 Et
918 2224 1079 2288 benedixit

42 2364 56 2394 ,‚
75 2357 152 2398 eum
173 2333 227 2398 ibi.
246 2335 285 2400 Et
306 2333 430 2399 vocavit
449 2333 549 2398 Jacob
569 2313 686 2398 nomen
707 2331 768 2397 loci
790 2331 885 2408 illius,
904 2331 989 2399 Visio
1005 2333 1074 2398 Dei.

44 2475 58 2505 ιι
76 2443 149 2510 Vidi
165 2445 249 2510 enim
269 2444 374 2510 Deum
396 2443 475 2510 faeie
497 2442 670 2508 adfaciem
691 2465 699 2504 ε
725 2454 758 2506 et
779 2443 882 2529 gavise
905 2454 952 2507 ost
974 2441 1078 2508 anima

49 2583 62 2614 ι
78 2551 181 2618 mee².
201 2581 213 2613 ι
226 2553 267 2616 Et
282 2553 358 2618 item
372 2551 446 2617 aiibi
462 2552 501 2616 de
516 2551 629 2616 eodem
640 2549 740 2616 Jacob
757 2552 852 2616 verba
867 2549 999 2624 iaciens,
1012 2551 1081 2615 haec

47 2662 153 2728 dicit:
172 2659 293 2726 «Venit
308 2674 414 2727 autem
426 2661 527 2728 Jacob
544 2663 576 2726 ia
593 2660 690 2735 Luna,
704 2683 774 2748 qum
790 2672 838 2724 est
854 2659 886 2724 in
902 2670 986 2724 terra
1000 2659 1081 2724 Cha-

47 2802 62 2833 »
79 2795 172 2847 nean,
190 2795 259 2858 quae
274 2784 322 2837 est
337 2769 461 2845 Bethei,
475 2783 507 2836 et
529 2771 608 2858 ipse,
628 2782 661 2834 et
675 2771 780 2834 omnis
794 2767 932 2858 populus
946 2767 1001 2854 qni
1015 2779 1084 2834 erat

51 2913 64 2944 ι
79 2903 153 2948 cum
173 2903 235 2946 eo:
255 2892 286 2946 et
308 2878 476 2946 edificavit
496 2879 540 2945 ibi
561 2901 649 2944 aram
667 2901 674 2940 ι
694 2885 727 2942 et
749 2877 873 2942 vocavit
887 2899 1004 2942 nomen
1021 2874 1083 2942 ioci

52 3023 65 3050 „
84 2987 212 3060 Retheh
232 2986 296 3052 illic
309 2987 395 3052 enim
416 2987 562 3075 apparuit
577 2987 606 3050 ei
625 2987 724 3064 Deus,
741 3007 816 3050 cnm
834 2985 901 3073 ipse
920 2984 1044 3073 ingeret
1066 3010 1083 3050 a

55 3128 68 3157 ι
86 3097 163 3160 facie
175 3096 258 3160 Esau
274 3095 377 3160 fratris
393 3097 451 3160 aui.
472 3095 595 3160 Mortua
611 3106 659 3158 est
679 3105 786 3160 autem
805 3094 961 3170 Deborra,
978 3095 1085 3160 nutrix

58 3235 71 3266 »
86 3204 251 3278 Rebeccae,
262 3214 295 3266 et
310 3202 429 3291 sepulta
444 3216 492 3268 eat
503 3204 583 3269 infra
599 3201 709 3269 Bothe!
723 3205 781 3270 sub
797 3209 935 3293 queroti:
950 3217 983 3270 et
995 3227 1087 3300 roca·

58 3343 72 3374 »
90 3312 132 3376 vit
145 3311 246 3378 Jacob
262 3333 377 3376 nomen
392 3313 474 3401 ejus,
491 3335 646 3400 quercum
661 3313 789 3378 Luctus.
805 3314 961 3402 Apparuit
978 3325 1087 3379 autem

60 3452 73 3482 ι
88 3421 171 3485 Deus
184 3419 350 3508 ipsiJacob
361 3420 468 3486 adbuc
478 3421 509 3486 in
518 3420 614 3496 Luna,
624 3421 752 3508 quando
763 3421 891 3486 advenit
902 3420 1089 3510 debiesopo-

61 3561 73 3594 ιι
91 3530 182 3594 tamin
198 3528 309 3616 Syriae.
328 3531 369 3594 Et
384 3529 545 3596 benedixit
556 3553 651 3595 eum:
667 3541 699 3594 et
713 3529 791 3596 dixit
802 3530 830 3596 ei
842 3529 948 3596 Deua:
965 3529 1086 3596 Nomen

62 3651 175 3704 »tuum
195 3639 260 3727 jam
284 3661 348 3704 non
371 3639 537 3705 vocabitur
557 3638 658 3706 Jacob
679 3662 686 3702 ι
710 3640 766 3704 sod
786 3637 956 3706 lsrael-erit
969 3662 1086 3710 nomen

64 3781 76 3811 ι
93 3749 205 3816 tuum‘.
222 3748 334 3814 »Deus
350 3759 482 3814 vocatur
496 3758 529 3813 et
543 3747 629 3814 Deus
639 3759 687 3814 est
702 3760 734 3812 et
749 3748 809 3813 erit
825 3759 879 3812 eet
894 3770 968 3814 cum
984 3748 1088 3837 capite

98 3877 105 3910 ¹
117 3877 176 3926 Gen.
187 3893 255 3936 xxxx,
270 3893 306 3926 ro.
318 3875 370 3916 --²
381 3879 447 3926 Gan.
458 3891 535 3934 xxxo,
548 3893 587 3926 aa.
598 3903 630 3912 -
640 3875 649 3908 ²
661 3875 727 3926 (iou.
741 3890 815 3934 xxxv,
825 3876 849 3924 6.
