2772 4620
488 295 640 338 arotoara
665 261 793 365 antuus
1083 275 1141 338 uda

7 437 9 439 >
100 425 190 470 mus.
207 405 309 471 Nemo
324 417 374 470 est
389 405 476 470 euim
491 405 547 493 qui
562 428 682 470 nomeu
697 405 804 470 dicere
819 427 884 470 non
895 395 1068 469 ‘enarrabili
1081 389 1148 468 Deo

99 513 207 600 possit
216 537 226 586 t
245 528 302 578 aut
318 515 343 580 si
360 515 431 603 quis
447 499 556 580 dicere
573 513 690 581 audeat
704 535 821 579 nomeu
841 512 885 579 illi
901 514 1016 589 inesse,
1035 512 1061 578 is
1075 533 1150 602 per-

102 623 176 686 dite
194 624 323 690 insanit.
338 623 483 690 Vocatur
494 637 602 689 autem
618 623 780 690 lavacrum
796 621 873 690 illud
891 621 1094 697 illuminatio,
1111 645 1149 690 ao

104 732 200 819 quod
218 746 328 798 mente
347 731 568 800 illuminentur
589 737 643 823 qui
663 735 731 800 haec
751 735 887 800 discunt.
907 733 972 799 Sed
993 747 1027 798 et
1040 721 1150 799 inuo—

107 844 203 908 mine
218 843 296 909 Jesu
311 844 427 911 Christi
443 849 500 913 suh
515 847 628 912 Pontio
644 845 743 911 Pilato
758 845 915 918 crucifixi,
928 858 961 910 et
972 845 1005 910 in
1017 845 1149 911 nomine

103 949 252 1040 Spiritus
268 953 379 1026 sancti,
392 956 444 1043 qui
459 979 516 1043 per
526 933 816 1043 Prophetasomnia
828 954 869 1019 ad
879 953 991 1019 lesum
1003 966 1149 1048 spectan-

7 1105 8 1108 ,
110 1060 156 1125 tia
171 1051 413 1150 praenuntiavit,
423 1065 449 1129 is
464 1066 518 1152 qui
532 1063 742 1140 illuminatur,
759 1064 906 1130 abluitur.
1014 1095 1016 1100 ’

154 1169 254 1237 LXll.
280 1172 384 1261 Atque
404 1171 468 1238 hoc
483 1172 644 1239 lavacrum
660 1173 821 1238 daemones
836 1196 911 1240 cum
926 1197 983 1262 per
1002 1173 1147 1265 Prophe-

110 1290 180 1342 tam
195 1280 400 1368 praedicatum
415 1281 588 1356 audissent,
605 1279 823 1370 perfecerunt,
840 1291 877 1344 ut
892 1304 947 1368 qur
938 1281 1080 1369 templa
1095 1305 1158 1396 eo-r

109 1411 186 1452 rum
206 1389 474 1478 ingrediunturff
454 1412 555 1477 usque
578 1387 784 1478 supplicaturi
800 1400 875 1466 sunt
897 1399 931 1454 et
945 1379 1158 1455 libamina
1110 1413 1149 1456 ac

108 1497 239 1564 nidores
255 1497 401 1575 delaturi,
415 1501 534 1590 seipsos
546 1522 636 1590 aqum
653 1500 833 1589 aspersione
845 1497 1042 1566 lustrarent.
1056 1510 1150 1587 atque

109 1603 192 1671 illud
205 1609 301 1673 etiam
315 1608 499 1697 perficiunt,
516 1621 553 1674 ut
566 1607 806 1698 proficiscentes
821 1609 947 1698 penitus
959 1606 1079 1684 lavent,
1092 1629 1151 1672 an·
1200 1619 1222 1662 ἱ

108 1729 244 1806 tequam
258 1718 390 1806 templa,
407 1720 463 1784 ubi
484 1720 582 1785 iidem
598 1720 758 1784 daemones
781 1717 928 1784 collocati
952 1729 1038 1791 sunt,
1056 1716 1152 1784 dere-

110 1826 216 1891 niant.
240 1827 322 1892 Nam
340 1839 373 1892 et
392 1818 481 1916 quod
495 1828 675 1894 sacerdotes
693 1829 821 1915 jubent,
836 1839 872 1892 ut
889 1824 1013 1894 calceos
1030 1825 1153 1893 saltant

6 2001 8 2004 ,
113 1935 174 2020 qui
188 1934 307 2022 templa
321 1936 545 2026 ingrediuntur
566 1948 599 2001 et
614 1937 727 2002 iisdem
741 1939 837 2004 rebus
853 1937 1012 2002 daemones
1027 1937 1149 2015 colunt,

113 2042 150 2106 id
177 2043 338 2112 demones
359 2069 397 2111 ex
418 2046 559 2133 his-quae
581 2047 764 2135 supradicto
781 2047 945 2136 prophetae
960 2046 1059 2136 Moysi
1078 2071 1153 2114 ere-

109 2164 248 2228 uerunt,
270 2153 436 2242 cognitum
455 2155 568 2221 imitati
586 2168 669 2220 sunt.
694 2155 767 2234 Quo
783 2156 869 2220 enim
889 2169 1035 2244 tempore
1047 2157 1150 2224 Moses

107 2262 143 2327 in
159 2260 335 2351 AEgyptum
351 2263 544 2338 descendere
559 2275 592 2329 et
605 2262 759 2353 populum
771 2262 980 2330 lsraeliticum
995 2267 1039 2330 ibi
1057 2289 1149 2333 com·

107 2375 289 2438 morantem
304 2372 467 2439 educere
455 2395 561 2477 jussus
582 2385 646 2446 est3
670 2385 855 2462 pascentem
870 2372 990 2442 illum'
981 2399 1013 2441 ιιι
1030 2376 1148 2443 Arabia
1249 2393 1258 2402 ·

113 2499 189 2542 ores
200 2476 342 2545 avunculi
355 2481 491 2545 materni
501 2479 648 2547 Christus
660 2493 768 2547 noster
779 2481 813 2546 in
824 2482 930 2571 speeie
941 2483 1023 2572 ignis
1035 2487 1149 2580 erube

114 2584 294 2674 alloquutus
308 2602 368 2666 est,
383 2613 422 2656 ac
438 2589 542 2656 dixit:
562 2589 681 2656 ‹Solve
695 2589 911 2658 calceamenta
927 2605 995 2669 tua,
1012 2607 1045 2660 et
1060 2618 1151 2661 acce·

113 2696 220 2762 »dens
242 2699 348 2765 audi¹.
371 2697 484 2764 »Tam
505 2697 558 2764 ille
581 2697 806 2766 calceamentis
827 2699 979 2790 depositis
994 2703 1150 2770 accedens

109 2806 232 2873 audivit
240 2809 467 2874 descensurum
478 2832 512 2874 aa
520 2809 553 2873 in
561 2806 749 2897 AEgyptum,
759 2809 866 2895 ibique
877 2813 1152 2901 commorantipo

107 2917 188 3006 pulo
200 2916 374 3000 Israelitico
385 2917 501 2984 ducem
516 2918 647 2982 abeunti
657 2917 819 2981 laturum:
830 2939 970 3006 cumque
980 2942 999 2985 a
1010 2919 1150 2998 Christo,

109 3025 217 3112 quiin
232 3027 339 3114 specie
353 3026 433 3113 ignia
447 3024 599 3112 loquutus
614 3047 690 3089 cum
705 3024 906 3111 ipso-luerat,
921 3050 1070 3117 magnam
1087 3033 1152 3098 vir-

114 3144 221 3196 tutem
235 3134 419 3220 accepisset,
438 3129 603 3198 descendit
618 3143 650 3195 et
664 3131 829 3221 populum
840 3134 960 3212 eduxit,
981 3142 1103 3228 magnis
1120 3151 1152 3209 et

115 3240 316 3307 admirandis
331 3242 425 3306 rebus
446 3241 550 3315 editis,
570 3263 650 3329 quas
665 3265 690 3306 st
680 3239 800 3308 'vultis
814 3243 955 3321 discere,
971 3269 1011 3311 ex
1025 3250 1095 3336 ejus
1112 3249 1152 3316 li-

110 3353 182 3419 bris
198 3363 351 3418 accurate
367 3350 503 3416 discetis.
601 3389 604 3398 .

157 3462 278 3528 txflt.
298 3459 402 3526 Judaei
418 3472 526 3526 autem
540 3483 650 3528 omnes
665 3465 841 3530 etiamnum
856 3466 974 3533 docent
992 3481 1150 3540 carentem

109 3574 243 3640 nomina
258 3572 366 3656 Deum
382 3593 459 3637 cum
476 3569 563 3636 llose
577 3569 806 3660 colloquutum.
827 3573 917 3641 Un'de
932 3575 1001 3644 illos
1015 3579 1149 3670 Spiritus

112 3695 240 3750 sanctus
261 3705 320 3772 per
334 3681 564 3771 supradIctum
576 3681 766 3771 prophetam
783 3683 933 3751 Esaiam
922 3711 1087 3778 increpans
1102 3695 1148 3760 sic

109 3793 264 3882 loquitur,
279 3805 315 3860 ut
330 3805 422 3860 antea
439 3793 654 3882 scripsimus:
673 3821 686 3854 ι
699 3791 852 3884 Cognovit
865 3798 922 3865 bos
936 3823 1148 3928 possessorem

144 3919 287 3974 ¹llxodu
261 3941 298 3983 ιιι,
312 3925 334 3973 5.
