2516 4636
178 211 243 300 576
454 307 456 312 Ι
497 239 612 286 cancri
635 237 749 288 rmum
770 237 834 286 mr.
861 239 902 284 m

178 341 363 433 ignorantes
377 355 485 412 autem
499 369 576 414 eum
589 347 644 436 qui
658 369 698 414 ex
716 345 848 436 Virgine
860 355 913 412 est
934 342 1166 416 Emmnnnd,
1185 345 1231 432 pi

179 468 293 532 vantur
307 479 439 524 munere
453 458 536 546 ejus,
553 459 639 548 quod
654 471 703 526 est
716 459 780 525 vita
791 470 912 525 eterna
926 481 936 522 t
951 481 1026 525 non
1044 457 1232 546 recipiente

178 580 286 632 eutem
301 565 443 634 Verbum
465 567 726 658 incorruptionis,
745 580 953 656 perseverant
970 567 1009 632 in
1025 588 1136 632 carne
1157 587 1231 629 mur-

178 673 247 749 tuli,
259 686 291 742 et
301 683 376 740 sunt
386 673 548 740 debitores
561 676 687 752 mortis,
698 674 879 744 antidotum
893 676 971 742 vitm
988 699 1064 742 non
1079 675 1229 762 accipiar

178 798 236 854 tes.
259 784 310 852 Ad
328 807 410 874 quos
423 781 569 852 Verbum
595 787 651 862 ait,
672 787 765 852 sutum
785 809 903 853 munus
921 787 1045 876 gratim
1069 807 1229 851 namus:

187 899 282 985 «Ego
301 895 379 970 dini,
401 893 453 960 Dii
475 895 563 973 estis,
582 907 616 962 et
633 895 689 962 titii
710 895 862 964 ditissimi
878 919 997 962 omnes
1018 921 1028 959 ε
1048 919 1111 961 vos
1132 907 1228 959 auten

179 1003 288 1070 »sieut
301 1002 448 1075 homines
467 999 647 1072 moriemini
656 1005 678 1070 ¹.
699 1033 712 1067 ι
734 1005 854 1072 Adeon
873 1004 1067 1071 indubitate
1083 1005 1172 1072 dicit
1189 1005 1229 1091 cpi

178 1137 243 1180 non
258 1114 439 1204 percipiunt
458 1137 574 1184 munus
594 1115 786 1204 adoptionis,
805 1115 863 1180 sed
877 1127 1113 1204 contemnunt
1135 1117 1227 1180 incer·

178 1225 340 1292 nationem
351 1248 440 1315 puras
451 1224 768 1315 geuemtionisVerbi
779 1225 1058 1303 Dei,irnudantes
1069 1225 1224 1291 hominen

177 1337 218 1402 ab
234 1357 272 1402 ea
287 1336 471 1404 ascensione
481 1358 551 1425 quae
566 1349 615 1402 est
624 1335 666 1402 nd
676 1336 863 1412 Dominum,
877 1349 912 1402 et
922 1337 1048 1426 ingrati
1061 1338 1223 1404 existente

177 1444 284 1514 Verbo
298 1445 370 1522 Dei,
385 1446 440 1536 qui
461 1445 644 1514 incarnatus
662 1458 713 1512 est
730 1456 861 1535 propter
882 1446 980 1534 ipsos.
1004 1446 1160 1536 Propter
1176 1449 1220 1513 bu

178 1557 266 1624 enim
276 1554 421 1624 Verbum
436 1555 494 1624 Dei
510 1555 621 1632 bomo,
639 1567 672 1622 et
686 1557 740 1645 qui
755 1555 854 1626 Filius
868 1556 927 1622 Dei
944 1569 1011 1632 est,
1027 1555 1125 1623 filius
1137 1559 1220 1624 bom

179 1665 227 1733 nia
242 1666 345 1732 lactus
365 1673 426 1741 est,
443 1663 635 1730 commixtus
649 1663 756 1731 Verbo
775 1665 847 1740 Ilei,
865 1676 901 1730 ut
921 1665 1147 1754 adoptionem
1162 1692 1216 1756 per·

177 1772 297 1862 cipiunt
308 1770 364 1838 fiat
374 1769 458 1836 libus
471 1770 541 1837 Dei.
562 1769 634 1838 Non
648 1771 735 1838 enim
746 1784 928 1862 poteramm
943 1770 1046 1838 aliter
1062 1777 1215 1865 incon-rap
1256 1816 1257 1837 ,

178 1881 275 1950 telum
290 1892 323 1948 et
337 1877 608 1950 immortalitatem
622 1881 799 1970 percipere,
819 1880 880 1946 nisi
899 1881 1039 1949 adunati
1059 1883 1213 1951 fuissemus
1256 1874 1257 1883 ¹

115 2034 121 2052 ·
178 1991 400 2086 incorruptelae
418 2004 452 2060 et
469 1991 709 2060 immortalitati.
734 1993 1023 2074 Quemadmodum
1045 2003 1158 2064 autem'
1173 1998 1210 2062 nd·

179 2107 270 2174 unani
281 2127 446 2196 possemus
456 2101 679 2194 incorruptelae
691 2115 723 2168 et
738 2102 981 2181 immortalitati,
998 2107 1067 2172 nisi
1080 2109 1164 2196 prins
1175 2109 1209 2173 in

178 2213 360 2304 corruptela
374 2227 408 2282 et
421 2213 642 2285 immortalitas
657 2213 739 2281 fecta
755 2214 864 2280 fuisset
877 2214 911 2282 id
926 2215 1021 2304 quod
1040 2230 1079 2284 et
1099 2243 1160 2291 nnc·
1175 2231 1203 2282 ut
1256 2240 1257 2259 ³

177 2325 402 2390 absorberetur
427 2301 514 2411 duod
535 2335 603 2390 eret
629 2322 837 2414 corruptibile
862 2325 902 2390 ab
929 2325 1193 2420 incorruptelr,et

178 2431 265 2522 quod
283 2442 352 2499 erut
369 2429 516 2506 mortale,
536 2433 577 2500 nb
593 2431 841 2510 immortalitate,
861 2443 898 2498 ut
912 2431 1064 2504 filiorum
1081 2437 1203 2528 adoptio

176 2566 250 2610 nem
266 2540 524 2632 perciperemus?
657 2575 660 2580 ·

222 2652 355 2742 Propter
369 2651 433 2719 boc
448 2654 709 2742 «generationem
723 2656 794 2743 ejus
809 2655 880 2743 quis
893 2657 1063 2724 enarrabit
1075 2658 1210 2748 ¹?»qne

178 2763 264 2830 niam
280 2762 475 2836 «homocum
488 2771 522 2829 et
532 2763 602 2850 quis
613 2776 763 2854 agnoscet
773 2763 866 2830 eam'
876 2763 910 2828 i»
926 2764 1110 2854 Cognoscit
1120 2782 1210 2835 auten

178 2871 269 2940 illum
290 2873 317 2938 is
336 2873 389 2940 cui
403 2871 498 2938 Pater
514 2872 570 2962 qui
588 2885 637 2942 est
655 2873 688 2938 in
705 2871 794 2940 coelia
807 2870 974 2948 revelavit,
994 2875 1210 2968 utintelligrt,

177 2981 329 3071 quoniam
344 2981 370 3047 is
385 2976 440 3072 qui
464 3005 553 3050 enon
570 3005 610 3049 ex
623 2979 786 3048 voluntate
801 2982 906 3049 carnis
921 3003 1027 3071 neque
1048 3008 1093 3052 ex
1116 2988 1212 3054 volun

177 3123 191 3158 ι
207 3103 270 3160 tate
288 3092 347 3162 viri
361 3103 455 3160 natus
469 3105 541 3160 est»
558 3091 642 3158 filius
657 3092 808 3169 bominis,
825 3091 879 3160 bic
893 3105 942 3160 est
957 3093 1111 3164 Christus
1126 3099 1211 3166 Filius

175 3203 235 3270 Dei
247 3203 319 3270 vivi.
339 3202 501 3283 Quoniam
516 3200 606 3268 enim
613 3221 708 3268 nemo
720 3203 753 3268 in
766 3213 870 3270 totum
882 3225 924 3270 ex
938 3201 1012 3272 liliis
1026 3205 1123 3286 tdae,
1137 3211 1211 3276 Dens

176 3311 355 3404 appellatur
379 3311 556 3394 secundum
581 3331 671 3388 enm,
697 3324 755 3376 aut
775 3312 931 3380 Dominus
951 3315 1157 3396 nominatim,
1180 3345 1212 3386 ex

176 3423 350 3514 scripturis
373 3423 669 3492 demonstravimus.
693 3423 855 3504 Quoniam
873 3435 981 3492 autem
998 3427 1070 3516 ipse
1091 3433 1211 3521 proprie

174 3545 291 3626 'praeter
315 3557 426 3600 omnes
445 3533 500 3621 qui
516 3531 644 3600 fuerunt
657 3545 737 3602 tunc
751 3533 910 3611 homines,
936 3533 1036 3612 Deus,
1055 3550 1091 3603 et
1105 3539 1211 3606 Domi·

175 3665 248 3716 nus,
269 3652 302 3706 et
320 3639 389 3708 Iler
409 3652 559 3718 aeternus,
580 3651 614 3706 et
635 3641 833 3732 Unigenitus,
854 3656 887 3709 et
907 3643 1052 3712 Verbum
1073 3647 1209 3718 incarna-

174 3763 245 3816 tum
260 3747 450 3838 predicetur
464 3761 525 3815 ete
538 3747 704 3838 Prophetis
715 3751 877 3828 omnibus,
891 3764 923 3818 et
938 3752 1112 3842 Apostolis,
1128 3770 1160 3824 et
1174 3761 1206 3824 ab

207 3883 216 3916 ¹
228 3881 291 3932 Psal.
304 3897 385 3941 mxl,
395 3880 420 3940 6,
431 3897 455 3944 7.
467 3907 497 3918 -·
507 3879 518 3914 ²
529 3879 595 3934 litei.
608 3899 662 3945 arnt,
673 3884 696 3934 8.
708 3911 739 3922 ·-
751 3883 760 3916 ³
771 3884 866 3934 ierom.
881 3901 941 3944 xvir,
951 3902 975 3949 9.
