2648 4634
1288 152 1289 187 l

201 290 267 368 ⁴4⁰
522 311 636 364 rantra
659 313 773 363 raanan
796 313 858 360 ur.
885 313 917 358 rr

204 419 349 486 aeraitata
360 421 540 490 eerviautea.
553 448 567 483 ι
578 423 618 491 Et
629 423 734 512 siquis
745 435 790 498 te,
805 422 921 510 inquit.
934 417 1148 510 angariaverit
1158 415 1242 482 mille
1291 408 1292 488 i

205 558 218 591 ι
233 551 355 620 paraus.
367 530 447 597 vade
458 553 531 598 eum
545 555 585 599 ao
597 531 657 599 alia
671 532 736 602 duo
745 531 773 606 ¹;
793 531 867 598 ruti
882 553 948 599 non
964 529 1054 619 quaai
1071 547 1185 594 servus
1195 548 1243 591 se-

205 637 324 725 quaris.
339 636 395 704 aed
412 639 500 727 quasi
520 636 602 706 liber
616 637 789 730 pmoadaa,
805 651 918 728 aptum
933 651 966 704 te
987 639 1020 705 iu
1039 635 1194 702 omnibus
1213 647 1244 699 et

205 743 317 812 utilem
332 746 475 835 proximo
493 759 647 836 praeatuna
668 771 677 815 a
697 769 763 815 nou
785 745 913 814 illorum
930 745 1087 812 malitiam
1105 745 1240 816 intuens,

205 854 262 922 aed
276 865 363 920 tuam
374 855 549 922 bonitatem
560 854 742 945 perficient,
755 853 958 944 eeufigurana
970 854 1183 942 temetipsum
1193 849 1241 916 Pa

119 985 126 1006 0
206 961 246 1028 tri
251 1011 260 1038 ,
273 961 327 1051 qui
338 960 438 1029 solem
449 985 544 1030 suum
558 964 633 1030 oriri
646 963 723 1031 lacit
733 985 828 1052 super
839 961 938 1030 malos
950 973 983 1028 et
994 963 1112 1036 bonos,
1122 971 1157 1024 et
1168 957 1242 1048 pluit

92 1063 97 1076 ”
207 1092 302 1160 nuper
314 1071 417 1158 justos
429 1082 463 1137 et
481 1073 626 1163 injustos.
647 1073 724 1139 liaeo
738 1084 858 1148 autem,
871 1069 1150 1159 quemadmodum
1168 1089 1242 1156 pra·

207 1177 356 1257 diximus,
374 1203 440 1248 non
457 1178 654 1249 dissolventia
671 1179 904 1269 erautLagem,
920 1178 977 1244 aed
988 1173 1197 1265 adimplenti·
1216 1187 1243 1238 et
1300 1257 1301 1260 Ἴ

206 1288 405 1356 extendentis
425 1291 459 1358 in
480 1290 572 1357 nobie
591 1313 599 1355 :
616 1301 768 1378 tanquam
787 1290 814 1356 ai
833 1287 946 1377 aliquis
966 1288 1067 1363 dieat,
1090 1285 1241 1371 majorem

207 1397 361 1466 libertatis
373 1399 603 1488 operationem,
616 1409 649 1466 et
664 1397 839 1486 pleniorem
855 1419 930 1486 erga
947 1395 1157 1463 liberatorem
1174 1415 1243 1458 noa·

209 1517 298 1576 trum
312 1507 442 1574 iulixam
458 1508 549 1574 nebia
560 1507 794 1598 subjectionem
804 1516 838 1571 et
848 1503 1062 1572 allectionem.
1077 1501 1241 1570 Nonenim
1304 1517 1305 1552 l

209 1625 342 1706 propter
356 1614 419 1682 hoe
433 1612 579 1681 liberarit
591 1635 663 1690 noa,
680 1626 715 1679 ut
734 1615 774 1680 ab
789 1635 830 1678 eo
844 1612 1069 1685 usnemun
1085 1634 1151 1676 nee
1165 1611 1243 1676 enim
1305 1601 1306 1612 ’

213 1733 320 1813 potent
331 1721 495 1811 quiequam
510 1734 598 1788 extra
611 1722 769 1790 dominiea
782 1722 972 1787 constitutus
986 1722 1087 1797 bona,
1104 1719 1242 1786 sibimet·

210 1831 271 1922 ipai
286 1831 451 1921 acquirere
473 1829 581 1898 aalutia
603 1829 752 1898 alimenta
771 1853 779 1894 ε
799 1829 855 1898 aed
875 1842 910 1894 ut
931 1828 1001 1919 plus
1024 1829 1165 1919 gratiam
1181 1830 1241 1916 ejua

212 1941 332 2031 adepti,
345 1939 417 2029 plua
428 1962 503 2007 eum
515 1939 692 2031 diligamur.
704 1939 833 2020 Quanto
845 1951 951 2005 autem
962 1936 1034 2028 plur
1045 1959 1125 2003 eum
1136 1936 1241 2004 dilate

210 2050 325 2126 rimus,
341 2049 404 2116 hoe
417 2048 573 2137 majorem
587 2049 629 2114 ab
643 2071 682 2114 eo
693 2045 826 2139 gloriam
836 2046 1043 2136 accipiemus,
1057 2068 1138 2116 eum
1153 2047 1238 2114 simut

211 2181 339 2249 temper
349 2159 383 2226 in
397 2171 571 2248 eonapactu
582 2158 694 2226 Patria.

257 2267 311 2336 1v.
323 2269 405 2350 Quia
418 2270 515 2360 igitur
525 2269 680 2338 naturalia
691 2269 797 2336 omnia
808 2281 966 2360 praecepta
978 2269 1164 2337 eommunia
1175 2281 1241 2336 aunt

140 2459 144 2467 x
212 2378 305 2446 nebia
319 2389 353 2444 et
371 2374 444 2454 illia.
460 2379 493 2447 iu
509 2375 571 2446 illia
585 2379 715 2468 quidem
730 2379 857 2448 initium
871 2391 904 2446 et
918 2391 1026 2446 ortum
1046 2378 1239 2452 habuerunta

212 2488 247 2554 iu
259 2485 350 2554 nobie
364 2495 473 2552 autem
484 2498 692 2580 augmentum
702 2498 735 2555 et
749 2484 1008 2576 adimpletionem
1020 2497 1238 2576 perceperunt

213 2593 375 2665 desentire
388 2595 475 2662 anim
485 2595 566 2673 Deo,
578 2607 611 2662 et
627 2596 716 2685 aequi
730 2596 800 2686 ejus
816 2593 971 2671 Verbum.
985 2609 1017 2664 et
1034 2597 1240 2686 superomnia

213 2703 345 2793 diligere
359 2725 447 2780 eum,
461 2714 495 2770 et
505 2703 685 2792 proximum
696 2703 779 2774 sieut
793 2703 931 2793 aaipaum
946 2703 1063 2790 (homo
1073 2717 1183 2772 autem
1194 2705 1244 2772 ho·

214 2813 294 2884 mini
307 2811 506 2902 proximus),
526 2825 558 2878 et
574 2813 731 2880 abstinere
745 2814 785 2880 ab
802 2812 889 2880 omui
905 2812 986 2880 mala
1005 2814 1203 2903 operatione,
1217 2827 1246 2879 et

215 2943 425 3014 quacumque
444 2920 517 2988 talia
535 2923 716 2991 eommunia
737 2922 878 3011 utrisque
896 2921 981 2998 suut,
995 2945 1099 2990 unum
1115 2937 1149 2990 et
1166 2945 1245 2990 eum·

217 3030 292 3098 dem
307 3031 480 3098 ostendunt
492 3032 605 3100 Deum.
620 3031 680 3098 llio
694 3041 742 3096 est
755 3044 862 3098 autem
878 3030 1026 3099 dominun
1043 3045 1167 3110 noster,
1178 3033 1247 3102 Ver

215 3139 295 3208 lrum
310 3139 382 3215 Dei.
398 3139 453 3228 qui
467 3139 571 3229 primo
582 3138 711 3228 quidam
723 3163 829 3206 nervos
839 3142 968 3207 attraxit
981 3141 1063 3218 Deo.
1076 3155 1187 3231 postea
1198 3165 1246 3208 au

215 3261 283 3316 tem
297 3247 442 3314 liberavit
456 3271 511 3315 eoa
526 3249 579 3338 qui
594 3250 729 3339 subjecti
745 3262 820 3317 suut
833 3251 876 3327 ei,
893 3252 1167 3340 quemadmodum
1186 3255 1247 3344 ipse

214 3356 260 3425 ait
280 3355 442 3446 discipulis
460 3381 468 3421 a
486 3383 499 3420 ι
518 3357 592 3424 lam
608 3381 673 3425 nou
688 3359 792 3428 dioam
814 3383 869 3426 voa
891 3383 997 3428 servos
1019 3385 1028 3428 ε
1051 3363 1126 3450 quia
1143 3386 1246 3430 serrat

215 3467 344 3534 aneaeit
362 3466 439 3554 quid
456 3468 525 3555 ejus
542 3467 696 3534 Dominus
712 3468 815 3536 iaciat.
835 3467 1018 3537 Voaautem
1034 3471 1098 3538 dixi
1116 3474 1245 3550 amicat,

217 3603 231 3640 a
247 3576 398 3665 quoniam
413 3577 518 3642 omnia
533 3599 603 3666 quae
618 3578 724 3645 audiri
736 3601 754 3644 a
764 3578 869 3657 Patre,
886 3579 1083 3648 manifestavi
1094 3581 1117 3646 ².
1137 3583 1196 3648 alu
1210 3605 1246 3648 eo

217 3684 304 3752 enim
326 3685 415 3775 quod
429 3685 528 3752 dicit:
541 3683 898 3754 «Jamnondieamvoa
911 3710 1030 3765 terroe,
1044 3691 1247 3758 »manileatia-

216 3794 297 3862 aime
311 3793 497 3883 significarit
508 3816 542 3861 so
560 3815 628 3860 ease
646 3797 700 3885 qui
720 3796 824 3886 primo
843 3797 972 3887 quidem
984 3821 1055 3866 eam
1067 3801 1244 3868 territutem

29 3979 31 4025 p
249 3921 361 3996 illattlr.
373 3937 398 3984 τ,
410 3923 450 3981 da.
463 3950 494 3964 -·
505 3922 516 3958 ¹
527 3923 604 3974 ioan.
617 3939 658 3985 rr,
674 3926 711 3974 ad.
