2808 4688
585 255 765 300 trosrotus.
1171 255 1192 315 p

146 362 244 430 venit
259 385 397 434 vocure
412 363 550 457 jum,
566 360 629 434 sed
641 375 850 460 peccatores
864 357 912 430 ad
924 359 1190 454 poeniteutiam:

146 469 215 540 ubi
242 470 459 570 usurpatur
476 471 710 570 hyperbolica
725 471 881 558 locutio,
893 475 963 539 nec
981 467 1027 538 ad
1045 467 1192 538 litteram

149 579 391 677 accipienda.

203 685 240 757 5⁶
258 693 320 757 Ex
338 686 597 759 annihilatione
612 689 914 758 circumcisionis:
933 713 950 748 α
961 682 1195 753 Circumcisio

154 821 174 857 ι
187 781 309 879 enim,
326 799 365 865 in
378 817 449 892 qua
461 791 708 880 confidebant,
725 796 824 864 irrita
836 791 926 864 fucta
941 799 1005 860 est.
1024 791 1198 884 Praeccpit

159 927 179 962 n
190 901 294 968 enim
307 901 630 985 circumcisionem,
644 923 718 972 non
734 900 870 969 carnis:
884 895 936 966 iili
948 909 1071 966 autem
1086 908 1197 964 trans

158 1007 301 1097 »gressi
326 1020 425 1090 sunt,
442 1007 528 1101 quia
548 1006 664 1076 malus
684 1004 843 1101 Angelus
860 1003 1004 1100 decepit
1024 999 1115 1071 illos.
1135 1003 1197 1070 Ait

152 1137 169 1171 r
178 1109 227 1178 ad
247 1133 314 1184 eos
330 1139 339 1182 :
357 1118 448 1183 Hcec
461 1112 547 1182 dreit
556 1118 733 1184 Dominus
748 1117 847 1183 Deus
858 1126 999 1182 vester:
1015 1114 1086 1180 Hic
1102 1113 1196 1180 r'rtve·

149 1217 281 1288 »niam
316 1245 443 1290 novam
475 1219 611 1316 legem;
641 1220 750 1290 nolite
779 1242 895 1290 serere
926 1241 1035 1314 srtper
1064 1222 1193 1312 sptem.

150 1352 168 1386 υ
182 1322 491 1396 Circwncidimini
505 1329 661 1395 Domr‘rw
679 1341 810 1396 vestro.
834 1323 926 1412 (Jer.
949 1349 997 1410 lv,
1017 1321 1057 1406 3,
1077 1322 1134 1415 Δ.)
1152 1325 1198 1392 Et

151 1430 277 1525 »quid
305 1431 412 1503 dicit?
443 1431 694 1503 Circumcidt'te
721 1431 888 1502 duritiam
918 1430 1036 1500 cordis
1071 1431 1199 1512 vestri3

154 1549 223 1602 »et
247 1543 414 1606 cervicem
439 1552 597 1606 vestram
626 1559 672 1605 ne
699 1533 881 1604 induretis.
909 1530 1004 1626 (Jer.
1028 1554 1091 1614 vu,
1118 1528 1199 1624 26.)

156 1667 173 1702 s
185 1644 314 1736 Atque
331 1647 486 1712 iterum:
501 1649 616 1727 Ecce,
632 1642 717 1710 dicit
733 1644 928 1708 Dominus:
944 1639 1073 1708 Omnes
1085 1649 1201 1730 gentes

159 1771 177 1806 s
190 1748 447 1816 incircumcisae
465 1763 568 1830 sunt,
585 1769 629 1814 ac
645 1748 863 1840 proeputium
879 1739 1027 1826 habene
1043 1746 1106 1809 iste
1120 1762 1205 1808 veru

165 1877 185 1911 n
193 1849 355 1944 populus
372 1849 479 1920 corde
499 1865 551 1918 est
567 1853 835 1918 incircumcisus.
855 1847 869 1939 (
878 1851 945 1916 Jer.
959 1871 1007 1931 rx,
1022 1843 1068 1916 25
1082 1857 1118 1915 et
1131 1841 1208 1934 26.)

172 1983 193 2018 n
207 1957 257 2022 At
280 1956 422 2050 inquies
444 1959 519 2024 :Et
544 1978 629 2024 vero
650 1953 713 2022 itte
735 1951 888 2048 populus
909 1956 945 2020 iu
967 1955 1108 2048 signum
1131 1955 1199 2021 cir·

175 2089 194 2123 n
206 2060 433 2130 cumciditur.
451 2065 582 2130 Verum
595 2074 632 2129 et
645 2055 948 2128 circumciduntur
958 2061 1035 2152 Syri
1046 2081 1170 2130 omnes
1185 2057 1195 2091 ¹

167 2179 242 2235 rec
250 2165 392 2254 Arabes,
400 2190 573 2236 acomnes
581 2161 1194 2262 sacerdotesidolorum².Hincergo

163 2303 181 2336 t>
192 2274 376 2368 pertinent
389 2295 539 2369 quoque
554 2269 598 2341 ad
617 2273 763 2341 Domini
777 2269 1057 2342 testamentum?
1075 2269 1144 2344 Sed
1158 2289 1195 2344 et

161 2381 345 2475 »AEgyptii
374 2380 684 2450 circumcisionem
705 2394 893 2475 usurpant.
915 2381 1051 2452 Discite
1074 2383 1194 2476 igitur,

159 2515 178 2552 s
189 2483 273 2572 filii,
288 2484 333 2557 de
352 2485 523 2558 omnibus
541 2483 697 2556 abunde.
715 2484 954 2574 Abrahamus,
973 2491 1038 2582 qui
1056 2490 1194 2584 primus

159 2591 292 2664 »dedit
314 2596 641 2679 circumcisionem,
662 2597 699 2664 in
713 2596 843 2691 spiritu
861 2596 1086 2692 prospiciens
1099 2595 1137 2662 in
1151 2592 1194 2662 fi-

158 2729 175 2762 »
185 2698 296 2785 lium,
310 2697 551 2786 circumcidit,
572 2713 720 2796 accepto
737 2702 849 2769 trium
864 2698 1068 2779 litterarum
1084 2698 1194 2769 docu-

158 2818 337 2875 smento:
357 2820 480 2876 narrat
500 2808 597 2876 enim
620 2809 820 2902 Scriptura,
845 2803 946 2900 quod
970 2803 1195 2875 Abrahamus

159 2914 286 2982 »viros
307 2937 326 2982 e
347 2911 457 2982 domo
477 2937 543 2982 sua
563 2910 690 2982 decern
708 2927 751 2984 et.
764 2926 848 2982 octo
873 2925 910 2982 et
929 2926 1106 2984 trecentos
1130 2914 1194 2980 cir·
1296 2923 1300 2932 '

159 3017 373 3090 »cumcidit
399 3023 489 3110 Quae
511 3044 597 3116 ergo
615 3019 666 3089 illi
685 3023 721 3090 in
744 3018 815 3089 hoc
836 3017 919 3090 data
941 3033 996 3090 est
1015 3021 1196 3114 cognitio?

159 3127 326 3198 »Discite
339 3152 346 3194 :
365 3129 504 3223 primo,
519 3126 640 3198 decem
657 3141 693 3196 et
708 3142 785 3196 octo
794 3153 807 3214 ;
823 3124 923 3214 dein,
937 3141 1116 3196 trecentos.
1129 3129 1195 3249 Dg-

160 3253 269 3300 roem
294 3245 417 3334 autem
446 3246 484 3303 et
504 3246 587 3303 octo
608 3237 863 3330 exprimuntur
879 3257 944 3331 per
964 3265 990 3318 ι,
1005 3232 1145 3316 decem,
1162 3263 1195 3318 η,

159 3367 176 3400 r
186 3353 274 3410 octo
285 3365 296 3425 3
309 3337 423 3408 habes
435 3343 578 3411 initium
589 3343 749 3431 nominis
760 3346 870 3420 Ιησους
884 3364 892 3406 :
910 3343 998 3436 quia
1013 3361 1098 3408 vero
1111 3361 1194 3410 cmx

159 3449 225 3516 »in
247 3450 352 3542 signa
379 3444 506 3515 litterae
530 3451 575 3533 T,
599 3471 681 3543 qnae
703 3447 869 3543 designat
888 3470 1070 3517 numerum
1091 3448 1193 3535 CCC,

160 3582 176 3614 r
186 3551 365 3623 habitura
378 3567 458 3622 erat
469 3556 640 3648 gr'atiam,
651 3551 735 3623 ideo
748 3555 814 3638 ait,
832 3571 865 3624 et
877 3571 1050 3625 trecentos.
1066 3559 1194 3646 Osten-

162 3657 246 3728 »dit
261 3664 387 3756 itaque
411 3663 535 3729 Jesum
560 3663 598 3729 iu
624 3658 764 3730 duabus
785 3660 924 3750 litteris,
943 3679 979 3735 et
993 3687 1136 3734 crucem
1159 3666 1195 3731 in

163 3772 309 3838 »tertia
323 3798 340 3831 ³)

213 3875 254 3944 6⁰
278 3879 330 3944 Ex
356 3873 429 3944 fine
449 3873 707 3970 prohibitionis
728 3881 991 3952 nonnullorum
1018 3877 1202 3990 ciborunp

201 4011 210 4042 ²
222 4015 240 4042 ‘¹
253 4011 263 4042 ²
275 4011 423 4060 Generalior
435 4022 473 4062 cst
485 4013 535 4062 haec
548 4017 656 4064 auctoris
665 4015 805 4067 affirmatio.
