2674 4618
389 305 522 348 naasrre
547 305 603 346 ruo
627 306 829 350 cunrsrrsnrs.
1076 288 1117 352 55

100 409 213 474 Deum.
239 407 333 486 Quod
348 409 372 474 si
387 421 419 474 et
436 407 513 484 alios
527 412 679 500 agnoseit,
696 423 730 478 ut
744 411 854 486 solem,
872 411 979 482 lunam
994 426 1026 479 ot
1043 413 1121 482 atel.

101 515 157 590 las,
176 529 210 584 ut
225 527 346 585 creatos
360 518 519 606 agnoseit:
542 519 614 586 ‹Dii
627 518 769 594 deorum,
783 542 917 606 quorum
932 544 990 608 ego
1000 521 1114 608 opifex,

101 656 113 690 ι
129 638 162 692 et
181 637 271 714 pater
290 649 434 714 operum,
456 650 524 714 quae
543 627 668 694 dissolvi
683 652 746 696 non
762 641 892 716 possunt
912 653 965 701 mo
978 629 1112 698 nolente.

102 763 114 796 ι
130 734 291 822 Quidquid
306 747 412 808 autem
426 735 566 807 vinetum
582 750 629 805 eat
644 736 720 806 solvi
731 748 843 826 potest.
863 767 875 801 ι
893 738 926 808 Si
941 740 1035 829 igitur
1053 764 1115 806 non

104 841 210 912 etheus
223 841 312 910 Plote
327 866 426 914 unum
442 844 588 936 opilioem
602 846 743 912 omnium
758 846 932 936 intelligens
944 849 1116 937 ingenitum

102 951 217 1023 Deumt
236 975 338 1038 neque
359 976 416 1020 noa
434 951 531 1029 athei,
547 977 564 1020 a
587 977 649 1042 quo
664 956 768 1024 omnia
787 979 843 1044 per
857 955 999 1026 Verbum
1013 970 1116 1024 creata

102 1071 185 1133 suut,
201 1069 234 1128 et
249 1061 339 1147 eujus
354 1060 463 1148 spiritu
480 1063 693 1138 eontinentur,
712 1087 785 1130 eum
801 1077 1006 1154 agnoscentes
1020 1079 1052 1132 et
1069 1077 1117 1132 te-

101 1179 209 1232 nentes
216 1169 330 1234 Deum.
342 1169 522 1238 Aristoteles
530 1171 624 1257 etqui
632 1195 706 1242 eum
718 1185 892 1260 sequuntur
900 1195 997 1240 unum
1008 1197 1117 1262 agnos·

102 1287 220 1350 centes,
237 1276 332 1348 veluti
348 1280 556 1368 eompositum
568 1281 728 1367 quoddam
743 1281 870 1357 animal,
883 1305 921 1348 ex
940 1305 1071 1372 oorpore
1086 1297 1116 1348 et

102 1387 202 1460 anime
214 1399 410 1456 constantem
422 1389 576 1456 inducunt
592 1389 710 1465 Deum
725 1414 840 1479 eorpus
858 1390 938 1456 illius
956 1393 1117 1480 assignan-

101 1507 157 1570 tes,
170 1508 204 1562 at
214 1495 348 1562 lixarum
359 1498 524 1586 sphaeram
538 1523 606 1586 quae
618 1500 650 1565 in
662 1501 772 1568 orbem
783 1514 949 1568 moventur
960 1524 968 1565 ε
979 1502 1116 1568 animem

102 1626 184 1678 rere,
201 1603 452 1691 rationemque
467 1607 606 1694 eorporis
620 1607 720 1674 motui
735 1618 859 1692 preest,
879 1605 978 1694 ipsum
989 1606 1116 1694 quidem

103 1713 228 1784 minime
240 1711 402 1789 mobilem,
414 1714 469 1782 sed
480 1713 669 1781 efficientem
682 1725 717 1781 ut
728 1711 806 1778 illud
815 1727 988 1782 moveatur.
1004 1713 1114 1787 Stoici,

104 1821 157 1888 etsi
172 1820 350 1892 secundum
361 1824 497 1888 materiae
510 1823 711 1897 mutationes,
727 1845 784 1911 por
799 1845 893 1909 quam
905 1823 962 1890 Dei
974 1823 1116 1910 spiritum

104 1930 208 2002 dieunt
230 1956 404 2022 permeare,
420 1933 523 2002 Deum
545 1933 723 1998 nominibus
743 1923 963 2022 inultiplieant,
988 1956 1022 1998 re
1044 1957 1115 2000 vera

104 2043 228 2112 unicum
244 2055 384 2110 statuunt
398 2045 510 2111 Deum.
529 2041 609 2110 Nam
623 2044 648 2106 si
662 2043 747 2109 Deus
765 2042 845 2131 ignis
864 2053 911 2108 est
929 2041 1115 2110 artificiosus

104 2149 138 2214 sd
149 2151 260 2219 mundi
272 2145 487 2240 generationes
498 2152 546 2217 via
557 2150 773 2239 progrediens,
787 2173 824 2216 ae
835 2149 998 2216 seminales
1008 2175 1117 2218 omnes

103 2259 246 2336 rationes,
264 2261 439 2328 seeundum
455 2283 531 2348 quas
543 2247 727 2326 omniaft'ato
746 2259 907 2334 eveniunt,
926 2261 958 2326 in
976 2285 1009 2326 se
1028 2285 1117 2326 com-

103 2363 255 2451 plectens;
270 2367 296 2431 si
306 2367 375 2454 ejus
387 2366 512 2455 spiritus
524 2379 626 2436 totum
638 2365 792 2432 mundum
807 2365 963 2455 pervadit3
980 2391 1060 2432 unus
1071 2380 1118 2432 est

108 2474 273 2545 seeundum
284 2473 352 2540 illos
363 2475 460 2549 Deus,
473 2473 526 2560 qui
539 2473 662 2561 Jupiter
673 2485 804 2542 vocatur
818 2496 876 2560 pro
888 2473 1005 2539 fervida
1023 2487 1119 2540 mate-

1 2613 2 2668 ι
104 2579 159 2644 riae
172 2581 365 2666 putelano
381 2605 438 2669 pro
452 2603 537 2655 aere,
551 2592 583 2644 et
594 2579 660 2644 aliia
672 2581 852 2652 nominihus
864 2581 1045 2669 designetur
1059 2607 1116 2668 pro

101 2688 226 2777 singulis
238 2691 374 2756 materiae
386 2711 480 2778 quam
491 2701 643 2778 permeet,
657 2689 807 2776 partibus.

142 2797 208 2868 Vll.
225 2799 307 2864 Cum
318 2801 412 2887 igitur
423 2821 523 2866 unum
534 2821 601 2864 esse
612 2795 727 2873 Deum,
743 2809 776 2862 ut
786 2795 958 2884 plurimum
971 2796 1017 2862 vel
1031 2799 1118 2863 inviti

101 2909 255 2978 fateantur
269 2932 390 2984 omnes,
408 2909 461 2976 ubi
483 2908 523 2976 ad
542 2907 759 2974 universorum
774 2905 925 2992 principia
946 2915 1113 2978 veneruut;

1 3005 2 3066 Ϊ
100 3039 236 3104 eumque
252 3039 308 3084 nes
326 3040 400 3082 eum
419 3040 437 3083 a
460 3039 522 3104 quo
538 3015 606 3082 haeo
621 3013 803 3084 universitas
816 3023 923 3081 ornatu
940 3026 998 3088 est,
1016 3015 1117 3080 Deum

1 3121 2 3126 ¹
101 3150 164 3192 esse
179 3124 403 3194 eonfirmemus
411 3149 420 3197 ι
437 3123 513 3212 quid
527 3145 628 3189 causae
643 3133 702 3197 est,
715 3145 773 3187 eur
785 3122 849 3188 istis
861 3123 989 3211 impune
1001 3125 1040 3189 de
1052 3127 1118 3190 Deo

99 3235 203 3300 dicere
219 3235 304 3322 qued
320 3233 446 3303 libuerit
459 3245 491 3298 et
506 3231 642 3298 seribere
656 3228 760 3304 liceat,
777 3229 868 3295 nobis
890 3243 996 3298 eutem
1019 3234 1117 3321 posita

98 3345 136 3411 sit
151 3341 214 3419 lex,
230 3345 283 3431 qui
304 3343 389 3430 quod
408 3353 441 3407 et
460 3339 660 3428 intelligimus
682 3350 714 3403 et
735 3349 819 3404 reate
842 3339 1000 3405 credimus
1020 3365 1117 3406 unum

95 3478 165 3522 esse
184 3455 302 3530 Deum,
324 3454 356 3522 id
378 3451 513 3520 veritatis
535 3451 628 3539 siguis
653 3459 684 3514 et
710 3449 881 3514 rationibus
905 3448 1118 3517 demonstrare
1161 3434 1168 3444 ⁸

1 3609 2 3630 ι
96 3563 282 3652 possumus?
297 3563 376 3630 Nam
390 3573 490 3649 poete
504 3569 538 3624 et
551 3555 740 3648 philosophi,
760 3569 793 3620 ut
808 3581 858 3622 res
873 3555 959 3631 elias,
977 3557 1018 3622 ito
1035 3559 1116 3626 hene

94 3693 224 3759 quoque
241 3670 439 3758 conjiciendo
455 3668 596 3756 attigere,
618 3689 656 3730 ex
670 3665 805 3752 quadam
821 3664 916 3730 divini
933 3663 1026 3732 ssatus
1045 3691 1117 3757 eog-

95 3781 237 3856 natione,
258 3805 276 3844 e
299 3804 354 3852 sua
374 3779 506 3867 quisque
531 3787 637 3842 mente
659 3773 796 3863 impulsi,
816 3785 849 3842 ut
869 3786 1024 3842 tentarent
1040 3802 1116 3844 nunt

1 3935 2 3942 ι
95 3913 209 3956 verum
220 3889 359 3956 'invenire
371 3900 403 3954 et
415 3885 586 3974 intelligere
598 3897 732 3974 possent.
749 3884 812 3950 Sed
828 3894 951 3950 tontum
967 3885 998 3950 in
1014 3887 1058 3952 eis
1070 3887 1118 3952 su-
