2808 4688
589 251 771 296 APQSTOLUS·
1159 255 1168 296 l
1182 255 1192 296 l

164 348 574 446 »sewiatminoriffiem
584 351 751 448 xxv,sr);
761 381 778 417 n
788 373 854 424 seu
868 351 1020 424 historia
1030 354 1197 452 Ephraim

160 464 240 550 cui,
254 460 343 532 licet
354 461 514 546 minori,
524 457 710 531 benedixit
725 460 838 533 Jacob
853 485 931 558 prae
948 467 1123 552 Manasse,
1135 490 1197 536 seu

164 571 413 667 promissione
440 566 648 639 Abrahamo
668 565 781 640 lacta:
807 597 824 632 u
842 574 937 640 Ecce
950 577 1061 667 posui
1085 587 1119 642 te
1135 597 1201 670 pc·

164 694 289 747 utrem
313 680 475 772 gentiam
503 699 587 772 quce
602 699 680 772 per
699 681 919 774 praeputirun
951 676 1098 748 credam
1132 683 1202 749 Do

169 788 298 854 »mino
314 781 427 877 (Gen.
440 797 537 852 xvct
550 805 643 868 xvtt,
656 780 703 852 ad
716 788 820 854 Rom.
833 783 934 878 tv).›2

221 895 258 984 9⁰
273 892 324 958 Ex
337 887 570 984 abrogatione
586 885 745 976 sabbati,
759 888 805 958 de
816 911 892 984 quo
908 892 1078 988 praeoepit
1090 895 1202 976 Deus,

169 989 464 1062 utsanctificctur
476 991 645 1063 manibus
662 992 808 1063 mundis
824 1008 862 1064 et
878 993 989 1084 corde
1005 1017 1109 1091 puro.
1130 1023 1148 1060 a
1164 999 1200 1065 si

162 1117 278 1191 »ergo
301 1119 410 1192 quam
432 1093 529 1168 diem
549 1101 648 1168 Deus
669 1093 923 1185 sanctificavit,
946 1095 1077 1194 aliquis
1101 1121 1200 1168 nunc

160 1232 178 1268 n
190 1216 313 1298 potest
324 1219 485 1276 sanctam
499 1203 663 1292 efficere,
677 1206 746 1274 nisi
765 1206 813 1274 sit
827 1227 892 1300 per
907 1208 1030 1276 omnia
1042 1203 1202 1274 mundus

160 1337 178 1374 s
189 1305 536 1397 corde,erravimus.
552 1308 645 1381 Vide
652 1307 777 1408 igitur,
785 1309 1033 1408 ttmcpulchre
1046 1313 1204 1407 requies·

159 1445 177 1480 n
190 1437 277 1486 cens
295 1415 536 1490 sanctificabit
553 1417 670 1504 illam3
684 1417 834 1515 quando
848 1441 914 1490 nos
928 1419 1131 1514 poterimus
1147 1437 1201 1485 re·

161 1547 178 1582 r
191 1534 297 1617 cepta
312 1521 410 1615 justa
427 1524 688 1619 promissione,
704 1521 823 1594 deleta
837 1526 1046 1617 iniquitate,
1063 1519 1202 1589 novatis

162 1651 179 1686 r
192 1647 282 1695 vero
306 1629 452 1710 cunctis
466 1650 489 1697 a
504 1631 687 1713 Domino,
702 1629 921 1723 poterimus,
939 1627 1107 1718 inquam,
1120 1635 1206 1691 tunc

164 1731 372 1814 »eumdem
389 1731 490 1803 diem
509 1747 682 1804 sanctum
697 1729 865 1814 reddere,
885 1730 954 1824 ipsi
976 1729 1079 1823 prius
1099 1727 1212 1807 sancti

170 1865 188 1898 r
202 1832 340 1907 effecti.
351 1841 516 1910 Demum
526 1837 598 1908 illis
613 1836 725 1908 dicit:
742 1833 925 1905 Novilurria
938 1847 1072 1918 vestra,
1091 1829 1210 1901 etsub-

178 1971 197 2008 r
210 1939 300 2010 bata
323 1957 447 2012 uestra
466 1966 536 2014 non
545 1943 644 2031 sero.
668 1941 731 2032 (Is.
751 1965 777 2026 r,
803 1937 1039 2034 13.)Cernite
1063 1959 1136 2033 qua
1154 1959 1207 2006 ra·

179 2050 313 2136 ¹»tione
328 2047 520 2144 loquatur:
537 2051 619 2120 Non
637 2045 728 2116 milri
746 2058 888 2142 accepta
910 2060 996 2116 sunt
1018 2047 1204 2142 praesentia

173 2185 191 2220 a
201 2155 370 2244 sabbata,
385 2155 449 2227 sed
463 2156 524 2227 illa
534 2181 614 2253 quae
625 2153 712 2244 feci,
727 2153 872 2252 quando
883 2154 1018 2226 scilicet
1031 2155 1204 2225 universis
1221 2234 1227 2246 Ι

168 2261 311 2334 »finem
337 2267 541 2361 imponens,
566 2267 685 2334 octavi
709 2262 781 2334 dici
801 2260 928 2334 faciam
949 2263 1113 2346 initium,
1135 2260 1204 2332 hoc

168 2386 268 2458 sest,
286 2374 430 2454 initium
452 2371 597 2443 alterius
616 2370 757 2444 mundi.
778 2370 917 2442 Idcirco
934 2384 972 2442 et
985 2369 1086 2441 diem
1105 2384 1205 2440 octa·

169 2508 187 2542 n
200 2501 286 2548 vum
305 2481 342 2548 in
361 2479 483 2551 laetitia
499 2481 657 2578 agimus,
678 2483 719 2548 in
738 2501 814 2576 quo
837 2493 873 2550 et
892 2481 996 2549 lesus
1012 2479 1210 2548 resurrexit
1280 2534 1285 2545 .
1310 2510 1316 2520 .

168 2606 218 2653 aa
233 2586 402 2671 mortuis,
415 2600 451 2656 et
465 2597 547 2656 cum
563 2588 806 2684 apparuisset,
822 2581 984 2655 ascendit
997 2580 1043 2654 ad
1058 2579 1207 2652 coelos.»

217 2695 305 2762 Post
314 2692 389 2764 haec
399 2710 525 2765 auctor
534 2694 692 2792 probare
702 2695 1008 2764 nititurlntrasex
1019 2688 1206 2760 milliaan-

169 2821 304 2868 norum
317 2798 495 2870 mundum
510 2815 547 2872 et
559 2804 682 2871 omnia
698 2796 986 2872 consummanda
1000 2819 1095 2891 esse,
1106 2794 1208 2890 juxta

167 2927 361 2976 numerum
384 2905 525 2978 dierum
547 2909 763 2979 creationis:
791 2903 1090 3001 «Nam-inquit,
1110 2899 1207 2998 apurl

168 3040 185 3074 a
196 3010 300 3082 illum
317 3010 392 3084 dies
408 3017 681 3112 aequiparantur
695 3013 798 3084 mille
817 3015 960 3083 annis.»
975 3013 1065 3104 Quae
1083 3010 1207 3106 opinio

169 3118 303 3191 multos
312 3125 482 3218 antiquos
494 3135 786 3222 propugnatores
796 3119 938 3208 habuit,
947 3123 1006 3192 SS.
1020 3124 1209 3200 Irenaeum,

171 3228 423 3326 Hippolytum,
440 3234 640 3316 Justiuum,
660 3231 857 3316 Hilarium,
875 3233 1156 3322 Hieronymum,
1173 3239 1209 3292 et

168 3339 426 3433 Augustinum.
447 3337 518 3408 Sed
536 3338 681 3410 ridetur
703 3337 865 3410 Ecclesia
890 3335 988 3404 hanc
1008 3327 1208 3415 similitudi-

168 3463 251 3511 nem
266 3442 510 3566 improbasse,
524 3467 606 3514 cum
620 3447 659 3514 in
675 3442 833 3515 concilio
855 3440 1094 3523 oecumenico,
1110 3441 1211 3508 Late·

168 3551 315 3620 ranensi
343 3575 378 3638 v,
406 3552 564 3620 vetuerit
590 3575 636 3620 ne
662 3563 827 3621 oratores
853 3547 1033 3622 christiani
1067 3559 1211 3642 tempus

166 3654 320 3726 secundi
342 3653 525 3726 adventus
545 3653 681 3727 Christi
700 3653 880 3753 praefigere
898 3653 1083 3728 auderent.

222 3771 285 3831 ιοο
310 3767 362 3834 Ex
387 3767 492 3836 ruina
517 3763 644 3860 templi
667 3760 889 3851 Judaeorum,
911 3779 949 3835 et
970 3759 1209 3832 edificatione
1247 3794 1256 3805 ·

173 3870 300 3990 templi
321 3871 540 3978 spiritualis:
560 3899 576 3937 α
594 3877 730 3944 Iterum
746 3871 847 3971 quod
866 3869 1040 3944 tradenda
1053 3879 1146 3937 esset
1165 3866 1212 3934 ci·

174 3976 300 4046 »vitas
321 4001 394 4046 una
417 4002 499 4048 curn
518 3979 654 4077 templo
678 3996 713 4052 et
733 4006 816 4052 cum
842 3980 980 4078 populo
998 3973 1212 4088 israelitico,
