2648 4598
326 217 464 272 ttctrro
485 227 542 270 rno
566 218 766 274 cumsrrtms
1012 205 1051 274 83

125 327 164 396 tx
178 355 236 416 quc
250 335 391 396 diluvium
403 334 549 415 prioribus
560 332 723 395 hominibus
735 335 848 408 eccidit,

122 438 259 515 Regnavit
268 441 408 520 §sturnus
422 447 450 492 et
462 435 545 492 Titan
557 444 585 490 et
598 427 724 512 inpetus,

122 542 215 596 Terrae
227 529 278 593 lilii
289 532 512 613 prestantissimi
523 544 551 590 et
563 531 643 603 Coeli,
657 553 729 610 quos
740 535 780 592 sic
791 547 930 593 vocarunt
1032 573 1036 579 ι

121 637 265 706 Homines,
280 642 363 692 terrae
374 647 402 692 et
414 631 478 691 coeli
491 634 607 689 nomina
621 633 806 710 imponentes,

122 721 276 814 'Propterea
289 733 366 813 quod
382 734 466 812 primi
484 732 563 791 suere
576 732 721 791 hominum
735 732 832 813 lingua
845 733 1054 818 diversorum.)

51 849 120 916 ulios
134 863 237 916 eutem
256 853 296 916 ob
318 852 427 925 robur,
444 859 479 914 ut
497 848 665 916 Herculem
684 863 716 915 et
733 849 898 924 Perseumz
917 851 992 918 elios
1012 858 1052 921 'ob

49 969 153 1033 artem,
163 965 197 1022 ut
207 945 442 1046 AEsculepiuml'
454 956 576 1035 Quibus
589 969 695 1022 nutem
705 959 762 1044 ipsi
774 959 889 1023 subditi
900 960 1054 1026 honorem

10 1101 12 1135 :
48 1055 220 1132 detulerunt
242 1079 295 1132 eut
314 1063 371 1156 ipsi
386 1067 554 1155 principes,
577 1066 692 1131 borum
709 1061 761 1130 ulii
779 1079 878 1144 metu,
894 1067 945 1132 alii
964 1085 1054 1136 reve-

10 1231 14 1270 ,
49 1175 141 1240 rentiu
153 1199 269 1241 nomen
279 1163 462 1263 consequuti
477 1187 559 1240 sunt.
577 1175 731 1242 Antinous
746 1176 873 1263 quidem
888 1186 1054 1264 parentum

46 1287 214 1350 vestrorum
225 1286 258 1351 in
269 1286 408 1351 subditos
424 1283 615 1351 humanitate
631 1296 843 1373 consequutus
857 1297 916 1360 est,
931 1297 965 1350 ut
979 1289 1054 1353 exis·

45 1391 202 1459 timeretur
221 1395 306 1460 deus.
329 1395 391 1475 Qui
409 1409 482 1462 vero
501 1403 608 1485 postea
631 1396 696 1460 nati
717 1401 802 1472 sunt,
820 1392 1002 1483 religionem
1019 1415 1054 1461 rc
1085 1377 1088 1384 ¹

45 1519 108 1566 non
122 1501 277 1590 exploratu
293 1516 506 1592 susceperunt.

116 1634 266 1694 Mendeces
278 1651 391 1714 semper
405 1641 512 1707 Cretes,
525 1635 579 1694 tibi
591 1649 713 1712 namque
726 1621 899 1714 sepulcrum,
1047 1697 1050 1704 ⁴

10 1805 12 1816 ,
117 1725 188 1804 Rex,
204 1727 303 1792 Cretes
316 1722 458 1808 lubricati,
471 1745 500 1790 at
513 1741 544 1790 tu
558 1752 615 1790 non
628 1743 767 1806 mortuus,
989 1719 992 1724 ¹

41 1858 161 1932 Credis,
176 1857 379 1936 Callimacho,
396 1859 481 1926 Jovis
491 1857 641 1932 caulem:
660 1856 840 1945 sepulcrum
853 1868 918 1923 non
929 1842 1029 1921 credis
1043 1869 1058 1920 t.

40 1977 73 2029 et
84 1976 152 2028 tum
163 1986 237 2030 cum
250 1976 281 2029 te
293 1965 414 2031 verituti
424 1967 567 2032 tenebras
578 1964 753 2031 effusurum
763 1986 881 2052 speres,
893 1974 1054 2030 mortuum

39 2071 192 2160 praedicss
208 2073 303 2138 etiem
320 2073 540 2140 nescientibus.
560 2074 663 2162 Atque
678 2084 804 2137 antrum
819 2071 945 2160 quidem
963 2072 988 2136 si
1009 2071 1055 2136 ri·

10 2251 11 2254 ¹
37 2180 134 2256 deris,
149 2180 244 2246 Rbeee
258 2192 385 2269 partum
396 2181 429 2248 in
440 2183 624 2249 memoriam
635 2203 778 2255 revocuse
794 2181 841 2246 sin
852 2191 957 2246 eutem
969 2178 1054 2248 locu*

10 2373 11 2382 ἵ
33 2285 116 2361 lum,
125 2299 261 2352 mortem
269 2288 337 2374 ejus
350 2288 485 2354 tenebris
496 2284 641 2355 involvis:
653 2289 777 2377 ignarus
788 2273 889 2354 solum
900 2292 1053 2352 aeternum

32 2417 102 2458 esse
120 2395 293 2482 ingenitum
312 2395 425 2460 Deum.
445 2393 501 2462 Vel
518 2396 602 2462 enim
620 2395 683 2460 tide
701 2379 836 2484 iudignae
853 2418 920 2482 quae
936 2395 975 2459 de
995 2395 1053 2459 diis

32 2500 120 2588 npud
132 2496 241 2589 vulgus
250 2512 282 2566 et
293 2511 400 2589 poetes
410 2495 520 2568 lubulae
532 2501 687 2576 seruntur,
700 2502 807 2590 sicque
817 2491 934 2565 inutilis
942 2523 1052 2565 eorum

29 2606 138 2672 cultus
164 2607 282 2696 (neque
301 2609 385 2674 enim
407 2610 578 2675 iiexistuut
593 2604 631 2675 de
647 2609 762 2698 quibus
781 2609 917 2675 mendax
938 2609 1053 2696 praedi-

27 2718 132 2804 catio)
148 2739 156 2781 t
172 2715 221 2781 vel
237 2717 262 2783 si
275 2719 337 2784 veri
348 2730 449 2794 ortus,
461 2742 596 2793 umores,
609 2719 792 2792 homicidia,
809 2717 904 2790 furtu,
917 2707 1053 2782 virilium

25 2825 255 2901 exsecutiones,
271 2823 419 2899 iulmins3
436 2850 500 2892 non
510 2828 575 2914 jem
586 2836 720 2900 exstant,
733 2823 789 2889 sed
799 2846 867 2888 esse
879 2817 1051 2900 desierunt,

24 2933 53 2996 si
70 2932 204 3018 quidem
214 2929 279 2997 nuti
290 2945 375 3008 sunt,
388 2956 462 2998 curn
473 2945 564 2997 enteu
580 2955 644 2998 nou
655 2942 768 2997 essent.
784 2931 863 3009 Quae
873 2932 958 2996 euim
974 2933 1053 2998 ratio

23 3053 64 3104 ut
87 3038 151 3104 ulia
171 3040 298 3125 quidem
316 3041 497 3114 creduntur,
520 3035 578 3104 ulie
601 3053 758 3104 veronen
778 3039 958 3114 credentur,
978 3064 1053 3108 curn

22 3147 164 3212 honoris
179 3167 272 3211 cause
287 3169 398 3212 eorum
413 3140 556 3212 historias
575 3157 675 3234 poctae
693 3135 803 3212 litteris
818 3135 1051 3213 mandaverint!

21 3257 144 3346 Neque
160 3255 245 3321 enim
258 3277 315 3342 per
330 3279 407 3344 quos
421 3257 586 3322 existimati
603 3269 675 3322 sunt
687 3257 742 3331 dii,
755 3257 870 3344 quique
881 3279 992 3322 eorum
1003 3279 1052 3322 rcs

18 3377 135 3456 gestes
159 3355 389 3455 perhonorifice
408 3363 650 3454 descripserunt,
669 3367 688 3430 ii
710 3387 821 3431 eorum
838 3357 1052 3454 perpessiones
1081 3404 1090 3427 .

15 3474 156 3544 mentiti
170 3471 311 3539 luissent.
327 3473 390 3540 Nos
404 3475 497 3563 igitur
511 3490 574 3540 nou¹
585 3496 653 3538 esse
663 3470 785 3549 atheos,
799 3475 852 3560 qui
867 3473 970 3538 Deum
981 3489 1034 3540 cre'
1048 3511 1053 3524 ·

15 3583 136 3648 dimus
149 3583 365 3648 universorum
377 3583 535 3672 opificem,
547 3583 677 3671 ejusque
689 3582 841 3656 Verbum,
852 3604 910 3670 pro
922 3579 998 3647 meis
1009 3571 1050 3644 ri·

14 3691 132 3766 ribus,
150 3692 291 3779 quemvis
305 3715 369 3758 non
384 3716 441 3784 pro
457 3692 501 3758 rei
519 3692 680 3780 dignitate,
697 3690 915 3756 demonstravi.

68 3799 202 3870 XXXI.
227 3799 342 3870 Adhuc
356 3813 462 3869 sutem
478 3812 511 3868 et
526 3799 633 3890 epulas
648 3813 680 3867 et
697 3799 884 3866 concubitus
900 3800 1050 3867 nefandos

838 3905 868 3968 6.
