2772 4620
446 225 598 268 arenosis
623 223 779 268 secunus.
1065 199 1126 282 ⁹75

86 331 244 418 ignorant
258 329 432 418 loquantur
449 341 483 394 et
504 327 616 394 falsum
627 328 845 393 testimonium
861 325 977 391 dicant.
997 324 1052 390 Sin
1070 349 1128 390 au-

87 449 162 502 tem
176 435 265 526 legit,
282 461 347 504 noa
363 435 518 504 intellexit
532 436 629 522 hujus
644 436 797 500 doctrinae
812 435 1025 522 majestatem
1040 447 1094 498 aut
1105 435 1130 500 sl

88 543 266 621 intellexit,
284 570 324 612 ne
341 545 559 610 Christianum
573 567 641 610 esse
658 542 748 608 illum
759 543 901 608 homines
917 542 1131 630 suspicentur,

90 651 141 714 ita
159 673 193 716 se
209 653 304 740 gerit,
320 675 358 717 ac
374 651 475 717 multo
487 651 586 739 magis
596 651 726 740 ignavus
741 662 787 715 est
802 663 834 715 et
848 650 1014 740 pessimus,
1032 652 1134 738 utqui

92 755 247 846 populari
268 770 300 824 et
319 781 337 821 u
360 759 482 824 ratione
500 756 599 823 aliena
618 758 766 846 opinione
784 781 822 823 ac
840 769 928 822 metu
950 769 1126 845 superatur.

96 863 186 954 lllnd
203 865 288 930 enim
303 867 382 932 scire
403 888 456 930 vos
475 864 568 932 velim
586 887 650 940 me,
667 887 742 930 cum
762 863 927 930 nonnullas
944 865 974 929 ei
992 861 1130 930 iuterro-

95 972 244 1057 gationes
255 972 410 1059 ejusmodi
422 971 666 1059 proposuissem,
680 970 826 1037 didicisse
841 984 873 1106 ep
885 965 1129 1059 deprehendisse

94 1077 189 1144 illum
206 1102 311 1145 revers
329 1078 407 1146 nihil
422 1080 513 1146 scire.
531 1083 634 1169 Atque
651 1091 687 1145 ut
702 1104 813 1145 verum
832 1105 849 1144 a
865 1103 916 1144 mc
932 1080 995 1146 dici
1009 1095 1127 1170 pateat,

95 1202 228 1278 paratus
243 1215 326 1268 sum,
339 1193 368 1258 'si
383 1193 609 1282 disputationes
624 1191 685 1258 illae
697 1194 738 1259 ad
754 1217 808 1260 vos
824 1192 952 1281 perlatae
966 1216 1030 1259 non
1041 1208 1126 1269 sunt,

95 1315 213 1366 coram
235 1300 322 1366 vohis
349 1300 610 1390 interrogationes
636 1301 752 1365 iterum
777 1322 967 1388 proponere.
997 1299 1143 1390 Regium¹

95 1431 172 1473 sana
187 1408 249 1473 hoc
264 1409 358 1474 etiam
373 1431 451 1497 opus
466 1408 571 1475 luerit.
595 1407 628 1473 Si
645 1431 719 1473 vero
735 1407 776 1472 ad
790 1429 884 1472 aures
900 1419 1019 1473 vestras
1036 1409 1129 1474 inter-

96 1517 274 1604 rogationes
289 1538 367 1582 meae
383 1513 528 1604 illiusque
543 1538 693 1604 responsa
712 1527 937 1604 pervenerunt,
959 1514 1061 1604 liquet
1073 1515 1125 1582 vo'-

96 1623 146 1688 his
158 1623 236 1688 nihil
247 1647 321 1688 eum
333 1625 412 1689 scire
421 1645 528 1686 rerum
539 1634 719 1687 nostrarum
729 1644 737 1686 ε
748 1623 801 1685 aut
812 1609 837 1685 si
849 1611 911 1698 scit
922 1620 977 1686 ille
984 1623 1128 1709 quidem,

97 1731 155 1796 sed
170 1731 366 1796 audientium
381 1743 469 1794 metu
480 1753 545 1794 non
556 1730 651 1793 audet
666 1730 707 1793 ad
721 1713 901 1816 exemplum
912 1727 1050 1796 Socratis
1062 1729 1126 1797 elo-

97 1839 172 1926 qui3
195 1862 261 1903 non
279 1837 514 1926 philosophum,
536 1849 570 1900 ut
586 1837 652 1922 jam
668 1835 744 1910 disi,
764 1835 820 1900 sed
837 1836 1023 1923 opinionum
1041 1862 1130 1904 ama-

99 1958 207 2010 torem
221 1945 416 2035 deprehendi
431 1967 439 2008 :
459 1944 576 2032 quippe
592 1945 646 2030 qui
662 1942 914 2033 pulcherrimum
928 1943 1006 2010 illud
1020 1946 1131 2014 Socra-

99 2054 142 2118 tis
154 2053 278 2118 dictum
289 2053 376 2141 parvi
388 2051 493 2127 saciat,
504 2051 586 2117 «Sed
595 2050 665 2139 plus
676 2051 805 2118 honoris
816 2075 881 2116 non
891 2064 938 2117 est
947 2052 1129 2122 hahendam

99 2190 113 2221 s
128 2160 262 2234 homini,
276 2183 370 2248 quam
383 2159 514 2224 veritati.
530 2157 676 2225 »Verum
687 2159 844 2248 integrum
858 2159 977 2246 Cynico
991 2174 1125 2237 nonest,

97 2265 198 2330 linem
220 2264 365 2330 ultimum
384 2265 417 2330 in
437 2264 646 2330 indifferentia
667 2265 881 2342 constituenti,
901 2265 986 2332 aliud
1005 2270 1125 2337 honum

97 2385 214 2462 praeter
228 2374 309 2439 hanc
324 2372 566 2438 indifferentiam
581 2373 768 2439 existimare.
832 2382 835 2388 '

144 2480 198 2546 lV.
222 2480 285 2546 Sed
303 2504 343 2545 ne
362 2481 430 2567 quis
450 2482 490 2546 ita
511 2481 615 2548 dicat:
635 2482 779 2548 «Omnes
799 2485 893 2572 igitur
912 2498 1014 2551 morte
1037 2489 1125 2553 vohis

99 2620 112 2652 ι
128 2589 201 2677 ipsis
220 2587 302 2653 illata
321 2590 388 2676 jam
406 2570 492 2660 nunc
511 2590 594 2654 ahite
614 2589 656 2654 ad
672 2591 790 2666 Deum,
810 2613 870 2657 nec
890 2594 981 2658 nohis
1000 2596 1124 2681 negotia

99 2697 266 2763 »facessite
288 2698 442 2765 :sdicam
464 2699 541 2787 quid
562 2721 663 2764 causae
680 2700 720 2763 sit
742 2721 800 2765 cur
821 2700 855 2765 id
872 2724 937 2766 nou
959 2702 1123 2779 faciamus,

98 2815 130 2870 et
145 2829 202 2870 cur
212 2805 396 2894 interrogati
411 2806 568 2895 impavide
579 2805 800 2870 confiteamur.
820 2807 890 2872 Non
905 2808 1019 2872 frustra
1035 2833 1126 2877 ruun-

99 2916 204 2996 duma
215 2913 284 2979 Deo
296 2914 461 2980 conditum
473 2938 540 2980 esse
552 2915 732 2989 didicimus,
746 2915 939 3003 sedpropter
950 2916 1124 2984 humanum

99 3044 220 3110 genus:
237 3019 362 3108 placere
377 3033 484 3085 autem
503 3020 547 3086 illi
566 3021 782 3108 jem'diximus
796 3045 857 3112 ,eos
873 3023 925 3110 qui
942 3023 1031 3091 illum
1051 3029 1125 3093 imi-

100 3139 221 3202 tantur,
242 3138 351 3191 contra
370 3126 534 3215 displicere
552 3128 606 3214 qui
625 3127 780 3193 deteriora
800 3129 849 3193 vel
868 3128 954 3196 dicto
972 3131 1021 3197 vel
1041 3133 1123 3201 sacto

100 3233 346 3322 amplectuntur.
372 3231 470 3319 lgitur
496 3233 521 3297 si
548 3255 656 3298 omnes
682 3235 773 3300 nohis
796 3235 853 3322 ipsi
877 3255 990 3303 manus
1013 3239 1125 3307 affera-

100 3367 181 3418 mus,
210 3338 379 3428 quominus
407 3339 572 3425 quisquam
595 3341 751 3429 gignatur,
773 3354 828 3407 aut
850 3335 1123 3412 diviha'doctrinu

99 3451 271 3522 imhuutur,
289 3445 455 3510 autetiam
470 3446 638 3532 quominus
653 3459 752 3512 exstet
768 3447 946 3516 humanum
960 3475 1070 3539 genus,
1090 3455 1123 3522 in

99 3583 202 3634 causo,
224 3555 433 3646 quantumin
453 3555 544 3620 nohis
563 3566 623 3630 est,
644 3554 775 3632 erimus,
797 3557 856 3646 ipsi
876 3579 999 3647 quoque
1014 3577 1121 3632 contra

99 3667 153 3731 Dei
169 3663 334 3734 consilium
349 3662 524 3737 venientes,
540 3661 565 3728 si
581 3662 624 3727 ita
636 3660 795 3730 hciamus.
816 3665 999 3757 interrogati
1014 3687 1118 3740 autem

98 3797 159 3841 uon
174 3795 336 3862 negamus,
359 3782 430 3836 tom
444 3769 531 3859 quod
552 3767 669 3835 nullius
685 3768 759 3836 mali
773 3773 864 3840 nohis
879 3779 994 3844 conscii
1011 3783 1119 3862 simus,

183 3905 204 3948 1.
933 3891 968 3954 18
