2516 4636
346 331 468 378 corum
491 327 640 402 mansas.
881 289 891 306 ’
942 310 1005 376 ὅι5

10 438 258 530 apropbotavit:
279 436 433 505 «Orietur
447 435 534 504 stalla
549 459 588 504 ex
601 436 716 512 Jacob,
731 446 765 502 ot
780 448 887 526 surget
898 437 963 503 dux
974 437 1008 504 in

10 547 103 616 lsrael
113 547 136 614 ¹.
149 575 164 612 s
178 546 344 616 blatthaeus
354 558 461 614 autem
476 545 581 636 Magos
593 547 631 614 ab
647 543 778 612 Oriente
792 546 953 612 venientes
965 545 1010 612 ait

10 659 114 723 risse:
133 655 300 724 «Vidimus
311 657 397 722 euim
407 653 530 722 stellam
542 656 610 745 ejus
622 654 655 721 in
667 654 810 731 Oriente,
822 667 855 722 et
866 655 1009 724 venimus

10 765 140 831 adorare
156 763 251 831 eum²
264 788 301 838 a»
321 764 538 854 deductosque
557 785 575 828 a
597 761 685 830 stella
705 765 737 830 in
756 764 888 831 domum
906 765 1008 833 Jacob

10 875 18 939 l
34 875 236 951 Emmanuel,
254 897 312 965 per
332 897 368 940 ea
387 896 458 962 quae
475 870 660 940 obtulerunt
676 896 808 940 munera
836 873 1012 945 ostendisse

10 985 49 1050 ris
71 997 140 1050 erat
162 985 215 1075 qui
237 984 457 1051 adorabatur:
482 984 646 1073 myrrham
668 983 809 1073 quidem,
834 985 920 1074 quod
943 987 1011 1076 ipse

10 1107 48 1159 *at
63 1096 118 1185 qui
137 1119 196 1184 pro
216 1094 342 1162 mortali
365 1095 506 1161 humano
526 1115 642 1184 genere
657 1105 836 1160 moreretur
848 1107 881 1161 et
896 1094 1013 1184 sepeli·-

10 1219 87 1281 =turt
104 1227 219 1272 aurum
235 1229 323 1284 sero,
340 1207 489 1294 quoniam
508 1204 589 1282 Rex,
605 1205 723 1294 «cujus
744 1205 833 1294 regni
853 1205 924 1272 finis
947 1229 1013 1273 nou

10 1313 95 1390 est⁸3
114 1314 211 1382 »thus
226 1339 313 1392 vero,
330 1315 481 1403 quoniam
495 1312 594 1390 Deus,
610 1314 664 1402 qui
679 1323 735 1408 etp
745 1323 840 1380 notus
855 1312 1012 1381 in-Judae·

9 1423 113 1490 laetus
127 1421 209 1501 est‘,
222 1453 235 1488 s
249 1435 283 1490 et
297 1422 481 1492 manifestus
498 1421 608 1510 eisqui
622 1444 688 1488 non
703 1421 892 1511 querebant·
902 1445 989 1490 eum.

24 1532 142 1600 Adhuc
152 1533 197 1600 ait
207 1533 241 1599 in
251 1533 441 1622 baptismate
451 1530 636 1598 Matthaeus:
653 1531 783 1620 ‹Aperti
798 1531 912 1598 suntsi
928 1531 1020 1610 omli„

10 1656 40 1709 et
58 1643 137 1711 vidit
151 1643 305 1734 Spiritum
320 1643 392 1719 Dei,
413 1642 502 1731 quasi
521 1639 707 1710 columbam
722 1643 903 1708 venientem
920 1665 1015 1733 super

10 1777 94 1822 eum.
113 1755 155 1822 Et
172 1775 248 1821 eece
266 1775 327 1820 vox
341 1753 382 1817 de
397 1749 492 1830 ooelo,
509 1750 618 1818 dicens
635 1775 644 1816 a
666 1750 728 1820 Hie
745 1761 794 1816 est
810 1749 908 1818 Filius
924 1771 1015 1819 mens

10 1864 158 1940 dilectus,
170 1863 203 1929 in
215 1885 280 1951 quo
291 1861 369 1929 mihi
380 1863 463 1928 bene
476 1858 654 1951 complacui
665 1859 687 1926 ⁶.-
699 1861 801 1954 ¹allon
812 1863 898 1930 enim
910 1863 1016 1930 Chris*

10 1995 33 2036 rs
48 1983 127 2036 tuno
143 1967 307 2036 deseendit
317 1968 351 2034 in
362 1967 488 2042 lesumt
506 1987 611 2055 neque
622 1965 701 2034 alsus
714 1967 842 2055 quidem
856 1968 1012 2048 Christus,

10 2081 62 2146 ius
83 2102 159 2146 vero
179 2077 300 2145 lesus:
324 2076 380 2143 sed
400 2075 543 2144 Verbum
561 2076 633 2153 Dei,
652 2077 707 2164 qui
723 2090 771 2144 est
785 2076 930 2146 Salvator
945 2103 1016 2146 om-

10 2189 85 2266 ium,
102 2200 135 2256 et
150 2188 331 2254 dominator
344 2185 417 2254 coeli
431 2197 463 2253 et
479 2197 584 2264 terrae,
601 2187 719 2275 quiest
732 2186 824 2254 Jesus
847 2188 1016 2278 (quemad-

10 2299 117 2366 iodum
138 2310 213 2365 ante
235 2295 466 2385 ostendimus),
492 2295 547 2385 qui
570 2307 604 2366 et
628 2297 798 2386 assumpsit
817 2319 959 2375 earnem,
983 2309 1016 2364 at

10 2419 98 2475 notus
112 2421 160 2475 est
174 2431 193 2474 a
208 2406 301 2473 Patre
316 2405 450 2496 Spiritu,
466 2403 559 2471 «lesus
575 2403 720 2470 Christus
734 2405 836 2472 suctus
850 2418 914 2482 est3
932 2407 1015 2474 siout

10 2531 17 2583 t
34 2517 141 2584 Esaias
161 2516 206 2584 ait
222 2539 231 2582 t
256 2516 370 2584 ‹Exiat
386 2516 473 2604 virga
495 2514 535 2582 (le
550 2513 657 2580 radios
670 2513 774 2591 lesse,
789 2527 822 2582 et
836 2515 895 2580 llos
911 2515 951 2581 de
962 2538 1015 2582 ra-

11 2627 82 2694 diae
96 2628 166 2716 ejus
180 2626 342 2702 amandat,
357 2635 390 2690 et
400 2623 578 2714 requiesset
592 2645 688 2713 super
702 2646 777 2689 eum
793 2623 929 2713 Spiritus
943 2624 1015 2700 Dei,

11 2736 137 2825 spiritus
152 2735 312 2826 sapientise
323 2745 356 2800 et
367 2731 560 2809 intellectus,
573 2733 701 2821 spiritus
713 2729 837 2800 consilii
848 2745 880 2798 et
893 2732 1018 2798 sortitu·

10 2844 103 2921 dinis,
116 2845 243 2934 spiritus
254 2842 393 2910 scientias
404 2853 437 2906 et
448 2841 586 2930 pietatis,
599 2851 632 2906 et
645 2838 790 2928 implebit
801 2840 1015 2929 antispiritus

12 2953 132 3020 timoris
146 2953 214 3019 Dei.
234 2951 306 3018 Non
321 2946 646 3036 seeundumgloriam
660 2945 828 3034 judicabit,
846 2971 950 3036 raeque
965 2971 1015 3015 see
1059 2945 1061 2950 ’

12 3062 153 3131 eundum
166 3059 325 3149 loquelam
339 3069 465 3148 arguett
480 3057 536 3126 sed
550 3055 706 3146 judicabit
716 3055 828 3128 humill
844 3058 1013 3147 judicium,

13 3183 44 3239 et
59 3181 169 3260 arguet
182 3167 334 3259 gloriosos
345 3180 437 3234 terrae
447 3166 469 3234 ‘a
484 3195 497 3232 s
512 3169 553 3234 Et
564 3167 680 3234 iterum
694 3167 761 3256 ipse
775 3169 881 3236 Esaias
893 3171 1015 3237 unctio-

10 3307 59 3350 em
77 3283 159 3371 ejus,
177 3291 210 3346 et
227 3291 357 3370 propter
371 3277 449 3369 quid
463 3290 579 3346 unctus
598 3289 662 3356 eat,
677 3279 924 3371 praesignificans
942 3281 1011 3348 ait:

19 3393 153 3483 Spiritus
163 3391 222 3458 Dei
234 3412 329 3480 super
339 3413 404 3467 me,
417 3389 710 3480 quapropter-unxit
721 3413 786 3466 me,
801 3387 1015 3480 evangelizare

13 3501 184 3571 humilibus
202 3501 287 3568 misit
308 3523 373 3578 me,
395 3523 512 3568 aurare
528 3500 740 3568 comminutos
762 3501 871 3578 eorde,
890 3519 1015 3592 praeces

14 3635 89 3681 mre
103 3610 233 3701 captivis
248 3608 528 3685 remissionemst
542 3608 634 3679 caeeis
648 3607 814 3687 visionem,
828 3630 942 3683 venare
956 3632 1016 3676 au·

16 3745 92 3789 uum
106 3719 233 3788 Domini
247 3717 488 3809 acceptabilem,
506 3729 539 3785 et
554 3718 639 3785 diem
654 3718 882 3796 retributionis,
898 3741 1014 3787 conso-s

23 3887 113 3939 ¹lium.
125 3904 193 3949 niv,
206 3890 243 3937 1⁵.
255 3884 307 3928 -²
317 3887 407 3937 Marah.
420 3905 447 3947 ιι,
460 3902 481 3936 ι.
498 3915 529 3925 -
545 3887 629 3940 ⁸buo.
641 3907 659 3950 r,
672 3887 712 3938 bb.
727 3916 757 3928 -
766 3886 776 3921 Ι
786 3883 850 3939 Psal.
864 3900 936 3946 oxus,
947 3901 970 3936 ι.
984 3911 1015 3924 -

10 3973 99 4026 biattb.
109 3991 147 4034 ιιι,
160 3971 336 4025 16.-⁸lisai.
350 3989 386 4033 m,
399 3989 408 4022 ι
420 3981 447 4023 et
456 3987 529 4037 seqq.
