2586 4642
417 396 539 439 cossas
564 395 712 438 rrnnnsns.
1018 369 1076 435 tte

64 528 162 582 cerna
187 517 220 572 et
237 527 302 570 non
320 503 510 570 obedierunt
530 501 630 578 mihi,
644 522 748 589 neque
768 499 971 566 intenderunt
990 523 1082 566 aures

41 651 46 668 ·
66 617 228 706 ipsorum.
248 614 288 679 Et
305 612 390 678 dices
409 612 454 678 eis
474 611 561 678 hunc
577 633 777 677 sermonem:
796 610 866 676 Hoc
884 633 983 699 genus
997 611 1083 699 quod
1180 683 1182 686 ,

38 755 54 788 ι
72 749 144 793 non
163 725 302 793 obedivit
317 723 385 790 voci
397 723 538 797 Domini,
555 745 657 810 neque
671 721 792 809 recepit
803 719 1013 809 disciplinam,
1030 721 1084 787 de·

40 865 55 896 ι
74 835 156 903 lecit
168 833 246 902 [ides
258 857 297 900 ex
308 857 362 902 ore
374 831 546 922 ipsorum¹.
562 861 574 894 ι
591 832 654 910 Qui
669 831 765 920 igitur
776 853 833 897 nos
844 853 902 920 per
917 830 1084 920 Apostolos

40 945 196 1034 undique
214 942 336 1012 vocavit
353 942 521 1017 Dominus,
545 940 598 1006 bic
616 963 673 1029 per
691 939 862 1029 Prophetas
878 940 1012 1006 vocabat
1030 963 1085 1006 eos

40 1053 107 1141 qui
130 1051 207 1119 olim
230 1051 370 1126 luerunt,
394 1048 665 1139 quemadmodum
684 1071 723 1114 ex
740 1049 938 1116 sermonibus
956 1049 1086 1116 Domini

41 1162 252 1230 ostenditur:
271 1173 303 1228 et
314 1185 379 1228 non
390 1162 430 1226 ab
443 1157 504 1226 alio
518 1159 647 1247 quidem
662 1159 840 1248 Prophetae,
853 1162 892 1226 ab
904 1158 966 1226 alio
978 1173 1086 1228 autern
1118 1235 1124 1240 ,

43 1267 210 1360 Apostoli,
229 1269 350 1334 etiamsi
367 1267 459 1333 variis
475 1267 621 1356 gentibus
633 1267 874 1355 praeceaebant:
893 1269 950 1334 sed
964 1270 1005 1334 ab
1022 1293 1087 1336 uno

43 1391 83 1446 et
96 1378 226 1453 eodem,
247 1377 298 1443 alii
315 1376 443 1465 quidem
462 1374 635 1440 Dominum
645 1375 889 1450 annuntiabant,
908 1375 960 1442 alii
978 1389 1092 1473 autom.

44 1489 182 1556 Patrem
196 1485 474 1576 evangelizabant:
491 1483 587 1550 etalii
602 1485 732 1573 quidem
750 1484 921 1550 adventum
936 1509 1087 1573 praenun-

45 1598 177 1664 tiabant
188 1595 257 1662 Filii
270 1596 341 1671 Dei,
354 1593 404 1661 alii
417 1617 491 1662 vcro
503 1605 691 1682 praesentem
702 1615 776 1660 eum
787 1594 853 1682 jam
866 1593 915 1661 his
926 1595 980 1684 qui
994 1595 1087 1687 longe

43 1719 157 1784 erant,
170 1707 403 1796 praeconabant.

97 1816 152 1884 Vl.
178 1816 293 1884 Adhuc
311 1815 407 1882 etiam
424 1814 635 1882 manifestavit
655 1804 802 1906 oportere
819 1842 878 1885 nos
898 1841 973 1886 cum
993 1841 1088 1886 voca-

48 1927 142 1993 tione
153 1937 186 1992 et
198 1924 326 2014 justitiae
341 1925 491 2014 operibus
506 1925 666 2002 adornari,
681 1927 725 1991 uti
737 1928 915 2015 requiescat
926 1937 1025 2017 super
1032 1952 1089 1995 nos

50 2035 192 2127 Spiritus
204 2035 272 2101 Dei.
288 2035 357 2102 lloo
369 2045 416 2100 est
427 2034 512 2100 enirn
524 2034 749 2102 indumentum
761 2037 956 2126 nuptiarum,
975 2037 1014 2104 de
1026 2061 1090 2126 quo

9 2229 10 2232 Ἴ
50 2159 86 2216 et
98 2144 268 2235 Apostolus
283 2145 348 2211 ait:
366 2142 546 2211 «Nolumus
561 2143 740 2234 exspoliari,
757 2145 813 2212 sed
828 2147 1025 2235 superindui,
1045 2149 1090 2216 uti

51 2256 292 2322 »absorbeatur
309 2252 442 2320 mortale
459 2252 499 2318 ab
518 2252 753 2319 immortalitate
763 2254 785 2319 ².
801 2284 814 2318 ι
832 2255 896 2335 Qui
914 2269 1021 2323 autem
1039 2282 1089 2326 vo

52 2365 119 2434 eati
137 2363 266 2452 quidem
286 2360 418 2428 suntad
440 2383 565 2426 coenam
585 2361 656 2437 Dei,
675 2373 707 2427 et
721 2375 852 2453 propter
867 2365 983 2439 malam
1000 2390 1090 2434 suam

54 2474 328 2546 conversationem
339 2495 405 2538 non
420 2484 631 2561 perceperunt
647 2471 800 2562 Spiritum
811 2488 972 2553 sanctum,
989 2502 1090 2566 «pro-

55 2585 245 2674 »jicientun
267 2580 382 2670 inquit,
400 2581 432 2646 in
451 2580 597 2646 tenebras
616 2581 786 2648 exteriores
796 2582 819 2646 ⁸.
835 2612 848 2644 ι
863 2583 1025 2650 blanileste
1042 2608 1089 2651 os·

8 2761 10 2770 ,
56 2695 203 2771 tendens,
225 2691 313 2782 quod
333 2691 417 2758 idem
439 2692 506 2782 ipse
526 2691 606 2767 Rex,
628 2692 682 2780 qui
704 2694 928 2762 convocaverit
947 2694 1089 2782 undiquc

56 2801 166 2872 fideles
180 2802 221 2870 ad
232 2801 357 2891 nuptias
371 2799 443 2866 Filii
458 2800 520 2874 sui,
536 2810 569 2864 et
579 2796 820 2902 incorruptibile
837 2800 1018 2866 convivium
1035 2802 1090 2868 do-

8 2993 11 3004 ·
57 2911 191 2986 navarit,
209 2912 319 2998 jubeat
337 2909 420 2974 mitti
443 2908 477 2972 in
497 2908 644 2971 tenebras
665 2906 836 2972 exteriores
855 2929 929 2974 eum
950 2911 1004 2996 qui
1025 2935 1090 2978 non

8 3011 10 3020 ἦ
58 3021 156 3088 habet
176 3017 400 3082 indumentum
426 3013 623 3103 nuptiarum,
648 3012 711 3079 hoe
737 3027 797 3091 est,
824 3026 1086 3108 contemptorem.

62 3120 338 3206 Quemadmodum
353 3120 439 3187 enim
455 3121 488 3187 in
503 3119 601 3209 priori
611 3120 819 3190 ,Testamento
835 3149 924 3192 «non
939 3127 972 3194 in
984 3128 1090 3198 multis

8 3329 10 3332 Ι
61 3233 214 3302 »illorum
231 3233 315 3300 bene
335 3230 498 3307 sensit‘3s
519 3231 565 3298 sic
586 3243 618 3297 et
639 3230 693 3300 bic
719 3232 833 3301 «multi
856 3239 973 3317 vocati,
996 3242 1090 3329 pauci

8 3429 10 3440 y
62 3343 208 3412 selecti⁶.
224 3373 237 3408 ι
251 3342 322 3411 Νοιι
343 3343 422 3410 ιΙίιιι
443 3343 540 3434 igitur
559 3342 612 3430 qui
633 3343 756 3431 judicet
771 3345 868 3422 Deus,
891 3360 924 3416 et
939 3347 1019 3416 alius
1035 3353 1089 3440 qui

8 3457 11 3552 }
62 3467 213 3524 convocat
226 3453 268 3520 ad
282 3450 429 3529 salutem,
446 3451 540 3528 Pater
554 3475 563 3516 a
581 3474 641 3519 nec
652 3452 732 3520 alius
746 3455 800 3542 qui
811 3467 967 3524 aeternum
978 3457 1087 3530 lumen

62 3568 166 3641 donat,
182 3562 262 3630 alius
278 3586 353 3630 vero
365 3564 418 3652 qui
436 3563 527 3651 jubet
543 3563 575 3629 in
590 3563 762 3630 exteriores
773 3565 857 3632 mitti
872 3571 1019 3640 tenebras
1034 3597 1088 3641 eos

8 3669 23 3692 ''
63 3676 189 3764 quinon
204 3671 324 3739 babent
339 3672 562 3740 indumentum
574 3673 767 3761 nuptiarum.
786 3673 849 3740 Sed
862 3700 942 3744 nnsis
954 3692 987 3745 ct
1002 3681 1087 3749 idem

63 3784 212 3854 Dominus
221 3781 449 3850 Patcrllomini
458 3781 675 3872 nostrisque
683 3781 982 3875 etProphetssmissi
993 3806 1084 3859 sunt:

95 3935 206 3986 *ierom
217 3951 263 3996 ιιι,
275 3938 339 3986 abet
348 3951 419 4002 seqq.
431 3935 482 3976 --²
494 3935 575 3986 aCor.
587 3952 612 3996 v,
624 3935 646 3995 4.
660 3964 690 3975 ·-
700 3934 710 3968 ³
720 3935 812 3986 blattlr.
825 3953 885 3986 ιιιι,
904 3937 996 3987 rit-⁸
1009 3956 1016 3986 r
1028 3939 1086 3988 Cor.

66 4035 89 4079 ι,
101 4021 122 4068 t.
134 4047 162 4058 -
172 4020 182 4052 ⁵
194 4020 284 4070 blattis.
297 4037 360 4080 uu,
374 4021 410 4078 rt.

855 4109 906 4188 54.

1282 1431 1285 1512 s
