2772 4620
297 211 360 274 516
590 233 702 277 seueri
725 231 843 276 suanno
867 232 1020 276 aceruis

297 348 416 402 neunt:
442 355 506 402 non
527 344 575 400 ‘est
597 337 651 422 qui
676 335 841 424 intelligat,
864 359 929 402 non
949 349 997 402 est
1020 357 1130 426 usqne
1160 337 1214 403 nd
1241 357 1340 403 numu.

296 443 450 531 ‚Linguis
471 443 535 508 suis
560 441 666 508 doloce
691 455 846 531 egerunt:
875 441 1059 530 sepulcrum
1082 445 1223 532 patens
1247 459 1341 532 gruter

296 572 447 624 morum,
462 571 618 616 venenum
633 551 778 638 aspidum
793 553 851 616 sub
868 549 957 617 labiis
971 573 1113 616 corum:
1136 553 1338 618 coactitiae
1354 572 1356 665 p

297 687 310 718 ι
323 658 482 725 calamites
493 659 526 724 iu
537 660 594 726 viis
602 681 727 735 eorum,
735 673 768 725 et
779 662 861 726 riam
872 661 959 748 pacis
967 683 1032 726 uon
1040 674 1293 750 cognoverunt
1302 661 1330 722 ’.-

298 765 574 845 Quemadmodum
587 785 663 856 crgo
677 767 747 834 hec
760 767 799 831 ab
815 766 904 832 initio
918 781 1050 856 propter
1065 767 1275 856 nequitiam
1290 791 1333 830 re
1355 804 1356 843 ι

297 874 617 962 trampraescripeeret
625 895 635 946 ς
649 873 694 939 sic
705 874 801 939 etiem
812 875 1136 960 proptervestremin
1145 897 1190 940 ea
1204 891 1332 962 μωσιν

300 980 445 1056 cantiam,
457 980 507 1046 vel
517 982 621 1068 potius
633 980 728 1046 enimi
740 980 961 1056 intensionem,
974 999 1034 1068 per
1045 981 1176 1047 ecdem
1189 999 1257 1046 vos
1268 982 1330 1047 Dee:

299 1089 339 1184 ad
354 1089 605 1158 recordationem
620 1088 667 1154 sui
682 1099 714 1152 et
728 1088 942 1176 cognitionem
952 1099 1054 1154 voest.
1072 1087 1150 1155 Vos
1165 1102 1285 1156 antem
1294 1114 1328 1176 pt·

299 1197 390 1286 pulus
405 1197 475 1263 duri
490 1197 595 1264 cordis
612 1207 644 1260 et
661 1195 822 1283 insipicna,
842 1208 874 1260 ct
889 1215 991 1262 cecus
1005 1207 1037 1259 at
1053 1191 1223 1272 claudus,
1246 1211 1276 1260 et
1290 1197 1326 1259 iili

298 1306 412 1393 quibue
427 1328 491 1372 non
506 1316 554 1369 eet
568 1303 647 1368 iidcs
662 1303 694 1368 in
709 1304 795 1392 ipsis,
812 1302 1084 1390 quemadmodum
1100 1304 1180 1392 ipse
1198 1304 1247 1368 eit
1259 1303 1324 1378 ²,ie

299 1413 358 1482 biis
372 1425 495 1478 tontum
506 1409 595 1476 illum
609 1411 812 1486 honorantes,
831 1411 926 1476 corde
936 1422 1043 1475 antem
1059 1409 1169 1500 longe
1186 1415 1232 1478 ah
1249 1435 1322 1476 eore-

298 1520 410 1596 moti⁸,
430 1520 589 1608 propriam
608 1527 755 1594 vestrum,
777 1539 841 1584 non
863 1517 945 1583 iilius
962 1519 1153 1584 doctrinam
1171 1508 1319 1586 doemtrs

299 1627 473 1714 Siquidem,
496 1626 591 1692 dicite
609 1626 699 1700 mihi,
722 1625 860 1691 voluitne
878 1625 963 1692 Deus
986 1625 1165 1714 pontificee
1189 1648 1318 1716 pectere

300 1736 375 1802 dum
393 1733 530 1800 sabbatis
548 1753 680 1798 munere
696 1731 848 1806 oss'erunte
869 1744 924 1797 ant
941 1734 1065 1820 eosqui
1083 1735 1317 1801 circumcidun-

299 1855 352 1906 tur
364 1853 397 1905 et
412 1839 643 1906 circumcidunt
658 1837 709 1903 die
724 1839 858 1914 sabbati,
871 1839 947 1904 dum
963 1840 1054 1927 jubet
1065 1841 1211 1908 omnino
1222 1844 1273 1907 die
1282 1865 1318 1906 oc·

299 1960 370 2014 tave
390 1959 479 2013 natos
497 1964 609 2034 pueros
628 1944 745 2032 petitor
761 1945 958 2021 circumcidi,
979 1946 1104 2011 etiamsi
1121 1947 1197 2012 dies
1212 1949 1315 2014 saeue
1355 1950 1356 1955 ’

300 2055 413 2122 fueriti
428 2053 477 2120 'An
491 2077 554 2119 nun
571 2064 693 2141 poterat
709 2068 773 2118 uno
788 2064 861 2118 ante
876 2051 925 2118 vei
939 2064 1011 2140 post
1022 2055 1204 2119 utentum
1219 2056 1268 2120 dic
1278 2077 1315 2118 ne-

300 2172 347 2224 tos
360 2181 475 2247 pueros
489 2158 729 2231 circumcidere,
747 2158 772 2222 si
787 2157 819 2221 id
835 2157 920 2224 nefus
935 2181 1003 2224 esse
1019 2159 1072 2224 die
1087 2161 1313 2228 mutauere
1355 2143 1356 2158 ¹

301 2267 376 2331 bet?
390 2266 453 2334 Aut
468 2267 521 2353 qui
536 2266 610 2352 justi
627 2255 699 2332 ente
713 2264 844 2352 Moysen
857 2277 890 2330 et
900 2265 1062 2332 Abraham
1076 2267 1232 2354 appellati
1243 2283 1313 2336 aunt
1355 2335 1356 2364 ,

302 2373 394 2458 eique
411 2373 531 2460 accepti
550 2373 694 2446 extitere,
713 2393 788 2437 cum
802 2395 862 2438 nce
880 2368 1059 2458 circumcisi
1075 2387 1185 2440 essent
1200 2398 1313 2464 praepu

158 2517 161 2522 -
303 2481 359 2553 tio,
377 2499 438 2548 ccc
456 2481 583 2545 sabbata
602 2483 816 2554 observarent,
836 2503 894 2546 cur
909 2503 962 2546 σοι
976 2481 1046 2550 haec
1064 2482 1170 2550 facere
1185 2505 1251 2550 nen
1265 2485 1313 2549 dc
1355 2529 1356 2561 ι

302 2585 415 2652 cebet?

344 2691 493 2760 XXVIII.
512 2693 562 2760 Ad
572 2694 641 2760 haec
650 2693 800 2783 Trypho:
819 2694 891 2760 Jam
903 2708 984 2761 exte
995 2696 1181 2772 audivimus,
1199 2717 1274 2765 cum
1286 2701 1313 2765 id
1355 2726 1356 2757 ι

301 2821 504 2889 proponeres,
519 2813 551 2866 et
565 2804 706 2866 animum
721 2803 928 2875 adver-timum
947 2803 1043 2890 digna
1054 2806 1131 2870 enim
1142 2827 1189 2868 res
1201 2820 1261 2881 cst,
1278 2823 1315 2872 ut

303 2931 375 2974 vere
390 2909 506 2982 dicum
521 2909 799 2974 animadversione.
818 2910 928 2997 Neque
937 2911 1024 2976 idem
1035 2911 1120 2987 mihi,
1133 2914 1214 2998 qnod
1228 2915 1311 2979 nani·
1355 2920 1356 2951 ¹

303 3017 355 3090 tie,
371 3016 541 3082 dicendum
552 3015 688 3090 videtur,
704 3017 747 3080 itu
759 3015 803 3081 illi
814 3016 915 3080 vuum
926 3036 1010 3090 essee
1029 3019 1091 3084 hoe
1101 3019 1181 3084 enim
1191 3039 1313 3111 semper

202 3130 207 3136 '
303 3121 454 3212 effugium
468 3135 516 3189 eet
530 3123 567 3188 iis
581 3123 635 3209 qui
648 3124 694 3187 rei
706 3123 841 3210 quaesitae
856 3125 1046 3212 respondere
1063 3149 1128 3192 non
1141 3141 1277 3215 possunt.

347 3232 406 3298 Hie
419 3255 477 3320 ego
492 3255 500 3296 ι
519 3221 784 3316 Quandoquidem
796 3253 835 3294 ex
850 3229 1021 3318 scripturis
1035 3244 1069 3297 et
1084 3257 1124 3298 cx
1138 3235 1210 3322 ipsis
1224 3240 1310 3304 rebus

305 3336 539 3410 demonstrandi
556 3346 590 3400 ct
603 3335 775 3401 disserendi
795 3337 948 3402 rationem
966 3338 1104 3414 deduco,
1124 3341 1259 3415 aiebam
1276 3369 1309 3412 ue

304 3445 466 3520 differetis,
485 3467 564 3510 neve
579 3443 727 3509 dubitetis
742 3444 833 3518 mihi,
854 3444 973 3510 homini
993 3447 1226 3528 incircumciso,
1249 3477 1308 3518 cre-

306 3552 389 3618 dere.
411 3551 511 3616 Breve
527 3549 612 3616 enim
631 3550 693 3615 hoc
710 3550 798 3615 robis
817 3549 1002 3636 relinquitur
1016 3553 1056 3616 cd
1075 3574 1134 3620 noe
1152 3561 1308 3626 accedendi

306 3670 439 3745 tempus.
461 3658 495 3723 Si
511 3658 654 3724 Christus
669 3659 775 3724 venire
790 3659 1001 3746 occupaverit,
1023 3660 1136 3727 frustra
1153 3685 1206 3732 vos
1218 3671 1307 3756 pieni-

339 3781 421 3832 ιΙίιιΙ.
432 3797 486 3842 xiu,
496 3783 521 3840 4.
532 3809 562 3821 -
573 3782 584 3816 ²
595 3785 668 3832 Dent.
683 3799 761 3844 arari,
775 3799 812 3832 su.
824 3783 872 3821 -2
881 3783 945 3833 lissi.
959 3799 1025 3844 xxix,
1038 3784 1075 3832 ιδ.
