2688 4626
460 331 613 374 aronoorn
636 330 743 376 rotun.
1056 311 1116 395 ⁹⁵7

71 441 159 506 urbe
170 437 283 514 Roma,
297 447 333 504 ut
345 439 412 525 jam
423 435 501 513 dixi,
514 437 692 526 imperante
707 433 843 502 Claudio
859 435 996 511 Caeoare,
1009 435 1118 504 Simon

71 563 272 627 versaretur,
292 562 325 618 et
345 570 474 615 suornm
495 559 641 614 senatum
657 557 691 612 ot
705 543 863 636 populum
880 545 1061 616 Romanum
1076 548 1119 614 ita

69 661 292 728 admiratione
306 657 475 751 perculsit,
493 669 529 724 ut
544 658 623 723 deus
637 657 882 734 existimaretur,
899 669 932 723 et
947 669 1050 723 statua
1065 683 1121 726 ve-

71 768 129 836 lut
150 769 217 847 alii,
239 772 294 860 qui
314 795 333 834 a
354 769 443 843 uobis
463 767 625 845 coluntur,
645 768 689 834 dii
708 767 891 834 donaretur.
917 766 1123 857 Quapropter

77 901 229 954 oramus,
245 891 281 943 ut
296 888 329 944 et
341 899 470 944 eaerum
484 888 676 944 senetumet
689 873 845 964 populum
858 875 1040 945 Romanum
1056 902 1133 946 una·

77 989 251 1056 vobiscum
265 988 362 1076 hujus
377 988 476 1054 nostri
492 985 641 1076 supplicis
656 983 754 1051 libelli
770 969 949 1076 cognitores
964 987 1120 1056 adscisco-

73 1097 134 1172 tis,
154 1107 189 1161 ut
205 1097 230 1162 si
246 1096 317 1184 quis
332 1097 402 1185 ejus
416 1095 559 1162 doctrina
569 1093 750 1182 implicatus
764 1094 816 1170 sit,
832 1095 965 1162 veritate
975 1099 1118 1186 cognita,

75 1227 222 1272 errorem
243 1205 345 1293 possit
366 1203 529 1293 effugere:
552 1213 585 1267 et
607 1214 761 1277 statuam,
784 1202 810 1267 si
829 1202 873 1268 ita
892 1203 981 1270 vobis
998 1191 1118 1294 planet,

79 1317 219 1406 rejicio.
433 1299 435 1306 ’

123 1423 220 1492 LVN.
239 1424 347 1513 Neque
361 1426 447 1494 enim
459 1424 582 1492 nussam
597 1447 665 1492 esse
675 1425 722 1517 ad
736 1425 911 1520 impiorum
927 1426 1123 1515 supplicium·

75 1533 360 1624 conflagrationem
386 1534 525 1624 improbi
556 1534 717 1600 daemoues
744 1533 939 1622 persuadere
969 1548 1121 1622 possunt,

76 1643 354 1732 quemadmodum
378 1666 440 1710 nee
465 1643 621 1732 perficere
645 1654 822 1731 potuerunt
850 1654 886 1706 ut
917 1641 1037 1712 Christi
1062 1646 1122 1711 ad-

75 1752 338 1827 venustatem:
358 1774 472 1818 verum
486 1751 521 1818 id
531 1773 634 1818 unum
644 1749 749 1816 moliri
763 1763 911 1845 ponunt,
927 1763 963 1816 ut
977 1752 1034 1840 qui
1043 1775 1122 1842 prn-

76 1876 130 1928 ter
149 1865 309 1929 rationem
328 1863 440 1928 vivunt
454 1873 487 1926 et
504 1859 659 1950 flagitiose
674 1861 707 1926 in
721 1861 826 1950 pravis
843 1861 994 1928 institutis
1010 1866 1125 1930 nutriti

79 1982 172 2046 sunt,
189 1983 223 2034 et
236 1969 425 2058 opinionum
435 1980 593 2035 amatores
604 1979 691 2044 sunt,
704 1969 852 2036 occidant
863 1993 921 2036 nos
931 1983 964 2036 et
974 1970 1118 2040 oderint:

77 2101 166 2168 quos
182 2101 249 2144 non
265 2076 362 2144 modo
373 2100 439 2160 non
450 2077 588 2154 odimus,
604 2077 780 2152 sedetiam,
798 2088 833 2142 ut
844 2078 1047 2146 manifestum
1057 2094 1119 2158 est,

72 2189 300 2256 misericordia
317 2188 470 2286 commoti
490 2187 681 2276 persuadere
696 2185 758 2254 illis
773 2188 934 2276 cupimus,
950 2202 985 2256 ut
999 2191 1119 2258 immu-

71 2310 188 2364 tentur
199 2309 232 2364 et
244 2308 482 2366 convertantur.
498 2296 608 2384 Neque
618 2297 704 2362 onim
715 2307 853 2362 mortem
864 2297 1026 2375 timemus,
1040 2323 1116 2367 oum

72 2407 209 2474 omnino
223 2406 427 2472 moriendum
442 2427 511 2474 ease
526 2416 664 2480 constet,
685 2404 936 2495 necquidquam
950 2408 1037 2484 novi,
1060 2409 1117 2476 sed

75 2516 192 2582 eadem
213 2518 246 2584 in
265 2516 327 2582 hae
346 2537 456 2582 rerum
476 2513 760 2582 administratione
769 2529 954 2592 occurrant,
967 2540 1115 2604 *quarum

74 2625 204 2692 satietas
225 2626 251 2692 si
272 2625 320 2692 vel
343 2645 464 2694 anuum
485 2632 588 2692 unum
602 2626 809 2716 perfruentes
830 2627 929 2715 capit,
952 2627 1072 2695 debent
1093 2629 1116 2694 ii

73 2748 113 2802 ut
130 2747 284 2810 aeternam
298 2749 331 2804 et
348 2738 560 2828 perpessionis
575 2749 755 2826 expertem,
775 2755 814 2803 ao
832 2735 951 2804 nullius
967 2738 1014 2802 rei
1032 2738 1117 2802 indi·

73 2858 203 2935 gentem
225 2846 322 2912 vium
343 2858 593 2934 consequantur,
615 2845 760 2911 animum
780 2845 822 2910 ad
842 2843 987 2910 instituto
1007 2856 1115 2910 uestra

72 2955 262 3046 adjungere.
283 2955 319 3030 si
339 2979 415 3022 vero
435 2954 516 3022 nihil
535 2953 696 3041 reliquum
714 2975 784 3018 esso
803 2965 874 3040 post
890 2965 1027 3023 mortem
1043 2977 1116 3020 ore-

73 3064 170 3137 dunt,
194 3075 290 3151 atquo
308 3065 345 3134 in¹
361 3075 481 3131 statum
502 3085 613 3128 sensus
630 3053 795 3149 expertem
812 3063 984 3130 morientes
999 3063 1115 3130 eadere

71 3173 301 3260 pronuntiant;
318 3173 400 3240 hene
416 3171 457 3237 de
471 3173 563 3238 nohis
578 3183 756 3247 merentur,
768 3173 855 3260 quod
865 3195 924 3240 nos
935 3173 1031 3262 hujus
1041 3176 1115 3241 ritae

71 3279 391 3369 perpessionibuoao
408 3280 591 3352 neeessariis
611 3280 972 3354 muneribustibemnu
995 3285 1113 3372 seipsos

71 3401 188 3456 autem
199 3389 364 3477 improbos
378 3399 411 3452 et
422 3387 611 3454 inhumanos
621 3400 654 3453 et
665 3389 854 3476 opinionum
868 3402 1027 3456 amatores
1037 3413 1114 3478 pra,e

70 3501 161 3566 hent
182 3498 296 3586 Neque
312 3497 399 3564 enim
419 3496 570 3574 occidunt
585 3509 622 3562 ut
639 3496 797 3573 tiberem·
808 3497 865 3566 sed
880 3510 916 3562 ut
932 3498 995 3564 rita
1009 3512 1044 3564 et
1054 3524 1114 3567 ro-

70 3609 193 3702 luptnte
207 3607 357 3698 spolient.

116 3719 226 3788 Lvffl.
259 3717 458 3786 Marcionem
477 3715 573 3782 etium
591 3713 775 3792 Ponticum,
798 3728 833 3782 ut
854 3716 999 3795 diximus,
1020 3724 1108 3810 pravi

73 3832 232 3897 daemonea
246 3824 463 3903 immiserhnu
480 3826 534 3916 qui
550 3838 729 3894 creatorem
743 3825 920 3894 ooelestium
938 3851 975 3898 ac
990 3843 1108 3898 terres-
1158 3899 1161 3905 ,

71 3941 168 4016 trium
188 3941 332 4008 omnium
346 3939 452 4009 Deum
467 3950 499 4006 et
513 3939 763 4030 prenuntiatum
782 3963 800 4006 a
814 3939 980 4032 Prophetis
996 3942 1107 4012 Chris-
1149 3983 1152 3988 ι

162 4073 186 4116 ι.
594 4106 599 4114 .
889 4077 926 4137 ¹7
