2772 4620
266 253 329 334 ⁹74
565 269 677 314 arncrt
700 270 818 314 rusrrnr
842 271 995 314 usnrrnrs

264 389 332 442 tom
349 377 436 464 quod
452 378 584 465 impium
598 377 812 441 existimemus
833 379 997 442 veritatem
1015 379 1049 442 iu
1070 377 1235 442 omnibus
1251 397 1316 438 nno

177 563 179 572 ,
267 483 387 558 dicere,
404 506 479 550 cum
494 482 526 547 irl
541 482 608 548 Deo
624 494 750 568 gratum
764 503 832 548 esse
847 483 998 556 sciamus:
1017 495 1089 548 tum
1107 483 1217 548 etiam
1230 481 1313 567 qnod

268 616 322 658 ros
337 591 485 679 opinione
498 591 603 678 inique
620 589 788 677 anticipata
804 613 893 655 nunc
907 589 1041 656 liberare
1057 590 1267 654 studeamus.

311 699 351 766 V.
373 699 407 764 Si
427 720 522 786 quem
538 709 645 764 autem
664 697 733 762 baec
748 697 897 784 cogitatio
917 699 1040 774 subest,
1057 698 1205 763 minime
1220 719 1308 761 cren

250 821 254 828 '
269 823 391 882 turum,
407 807 432 872 si
447 807 552 874 Deum
568 806 748 892 adjutorem
762 805 998 894 profiteremur,
1014 819 1051 870 ut
1066 805 1193 893 iniqui,
1207 827 1311 892 qnem-

269 916 444 982 admodum
464 915 612 988 dicimus,
632 914 795 980 ‹lominatu
815 937 873 980 suo
892 937 948 980 nos
967 926 1160 1003 premerent
1179 933 1223 977 ac
1241 933 1312 998 sup-

271 1019 371 1108 pliciis
392 1017 573 1090 afficerem
603 1019 635 1084 id
656 1041 781 1106 quoque
803 1043 823 1083 a
844 1041 896 1084 me
919 1017 1119 1084 dissolvetur.
1148 1017 1242 1083 Dens
1261 1017 1312 1104 qni

269 1127 429 1218 mundum
449 1128 629 1193 universum
644 1129 775 1202 creavit,
794 1151 869 1194 cnm
888 1140 1012 1192 terrena
1027 1127 1224 1193 bominibus
1239 1127 1311 1188 snb-

272 1237 409 1324 jecisset,
427 1258 465 1301 oo
479 1235 617 1302 coelcstia
635 1235 804 1311 elementa,
826 1259 896 1322 qnae
915 1249 948 1301 et
965 1238 1033 1325 ipsa
1051 1235 1200 1302 bominis
1220 1255 1309 1300 causa

272 1346 311 1408 nb
331 1367 373 1408 eo
391 1356 496 1410 create
511 1366 579 1408 esse
595 1341 705 1430 liquet,
724 1343 764 1408 ad
785 1343 911 1432 frugum
923 1356 1115 1432 proventum
1130 1355 1168 1407 et
1191 1355 1310 1429 tempo

276 1475 346 1516 rum
368 1452 589 1518 conversiones
609 1451 803 1525 adornasset,
825 1463 918 1538 etque
940 1451 1023 1516 banc
1043 1451 1191 1516 divim
1211 1448 1308 1536 legem

276 1558 440 1634 sanxisset,
456 1557 624 1622 bominum
642 1579 681 1622 ac
698 1579 805 1622 rerum
824 1559 882 1622 sub
902 1556 983 1622 eoelo
1001 1559 1184 1646 positarum
1201 1579 1307 1624 curam

276 1663 407 1754 angelis,
429 1687 509 1753 quos
523 1664 599 1729 huic
614 1664 754 1750 praefecit
770 1666 906 1739 muneri,
924 1667 1093 1732 commisit.
1120 1665 1240 1754 Angeli
1255 1691 1306 1728 ao-

276 1787 342 1840 tcm
361 1771 506 1838 ordinem
525 1773 703 1838 institutum
722 1775 946 1860 praetergressi,
964 1773 997 1840 in
1014 1787 1125 1860 stupra
1141 1797 1221 1840 cum
1241 1797 1307 1838 mu-

275 1883 405 1950 lieribus
420 1879 556 1969 prolapsi
572 1892 699 1950 suntne
714 1879 794 1946 lilios
811 1895 1017 1968 susceperunt
1031 1905 1100 1954 eos,
1116 1883 1174 1970 qui
1191 1883 1306 1948 dmm

278 2013 334 2058 nes
349 1987 532 2078 appellati¹3
548 2001 643 2078 atque
654 1989 748 2054 etiam
763 2002 870 2076 postes
890 2013 988 2078 genus
1005 1991 1189 2057 humanum
1205 1993 1307 2056 aibiiu

279 2098 463 2164 servitutem
477 2096 679 2171 addixerunt,
695 2097 811 2183 purtim
823 2097 945 2184 scriptis
960 2099 1104 2186 magicis,
1122 2099 1241 2187 partim
1253 2111 1308 2162 ter-

280 2207 405 2274 roribus
420 2219 452 2270 et
468 2205 628 2294 suppliciis
640 2205 951 2294 inferendis,·partim
961 2207 1138 2282 sacrificiis,
1152 2207 1309 2272 suffimen

282 2317 320 2381 tis
332 2325 364 2380 et
374 2313 577 2378 libaminibus
588 2313 774 2385 edocendis:
791 2314 906 2401 quibus
917 2315 1012 2380 rebus
1024 2339 1117 2404 ogere
1129 2329 1308 2403 ceperunt.

282 2443 402 2507 exque
422 2418 632 2506 cupiditatum
653 2422 773 2486 morbis
791 2422 980 2510 emancipati
1000 2436 1096 2488 sunt:
1117 2423 1257 2509 deniqne
1278 2424 1309 2486 in

283 2529 459 2596 humanum
483 2551 583 2616 genus
608 2530 726 2603 caedcs,
754 2529 852 2606 bella,
878 2529 1049 2605 adulteria,
1076 2531 1190 2620 flagitio
1214 2545 1309 2617 atquc

284 2661 378 2705 omne
393 2637 541 2702 vitiorum
560 2661 659 2725 genus
674 2638 939 2726 proseminarunt.
957 2639 1042 2706 llinc
1054 2651 1148 2726 poctae
1162 2651 1194 2700 et
1208 2637 1309 2702 fabu-
1382 2639 1383 2642 ’

286 2746 387 2812 lorum
400 2745 581 2832 scriptores,
597 2768 672 2811 cum
682 2744 811 2833 angelos
825 2745 1007 2834 ignorarent
1017 2745 1246 2834 progenitosque
1260 2767 1301 2809 rx

285 2853 345 2920 illis
361 2853 520 2918 demones
534 2875 571 2918 ea
587 2854 619 2918 in
635 2851 792 2918 masculos
807 2865 840 2918 ct
851 2853 995 2927 seminas,
1011 2855 1038 2918 in
1052 2851 1138 2915 mbos
1152 2851 1305 2916 otnatio-

287 2985 342 3027 nes
357 2973 566 3049 perpetrasse,
585 2984 655 3048 qun
669 2959 782 3026 litteris
797 2961 1007 3034 mandabants
1027 2961 1166 3048 inipsum
1180 2957 1304 3034 Deum,

287 3088 325 3134 ac
339 3068 372 3132 in
388 3091 442 3133 eos
458 3071 512 3156 qui
532 3082 602 3134 tum
616 3067 712 3156 ipsius
727 3081 796 3134 satu
815 3069 924 3157 geniti,
945 3083 1013 3135 turn
1026 3093 1066 3134 en
1079 3070 1145 3156 eius
1157 3067 1311 3132 iratribus

290 3174 436 3261 Neptuno
462 3187 495 3240 et
520 3157 670 3252 Plutone,
693 3198 867 3264 eorumque
890 3177 961 3242 liliis
983 3177 1141 3266 procreati
1166 3175 1314 3240 tereban-

290 3296 354 3358 tur,
370 3305 407 3348 ea
422 3281 620 3348 transtulere.
641 3283 737 3362 Quod
756 3284 842 3348 euim
853 3307 969 3350 nomon
984 3284 1203 3372 unusquisque
1221 3305 1315 3370 ange-

290 3391 395 3460 lorum
410 3391 469 3458 sibi
484 3403 517 3458 ct
533 3390 604 3458 filiis
619 3393 683 3458 suis
698 3393 903 3480 imposuerat,
918 3417 957 3460 co
972 3395 1131 3480 quemqbe
1146 3390 1317 3480 appellare

291 3513 376 3566 runt.

335 3607 389 3674 Vl.
414 3608 535 3676 Nomen
555 3620 663 3677 nutem
683 3610 902 3676 universorum
917 3608 1055 3684 Petenti,
1075 3632 1116 3674 eo
1130 3610 1220 3697 quod
1235 3611 1322 3696 inge·

324 3736 334 3767 ¹
347 3737 422 3788 llaec
433 3741 500 3788 eirca
511 3739 612 3805 angelos
627 3755 735 3790 eranum
751 3743 775 3788 ia
792 3743 891 3805 scriptis
906 3740 1051 3791 ludaeorum
1067 3739 1149 3788 hausit
1159 3747 1264 3789 auctura
1274 3739 1324 3787 les-

210 3843 213 3850 *
294 3821 369 3870 tinus.
