2516 4636
300 285 363 364 584
539 357 541 361 ,
613 305 726 350 saxeas
748 305 863 352 sununs
888 307 949 350 ιιι.
975 307 1008 348 ιιι

300 421 401 484 tiones
414 415 532 492 faeere,
545 415 673 504 quando
687 439 727 482 ox
738 416 812 504 ipsis
827 415 1206 508 seripturisugumtuauls

298 540 331 596 et
345 528 380 594 in
392 526 490 594 lidem
503 525 659 614 adventus
672 525 744 593 Filii
758 527 817 594 Dei
833 525 1064 594 concludantur.
1078 525 1152 592 Fisus
1161 540 1207 588 ssa

298 649 378 714 tom,
394 649 502 702 etnon
512 633 601 712 lioba,
613 647 646 700 et
659 633 725 702 sola
737 657 824 714 vera,
835 657 907 725 quse
919 633 1208 708 seeundumnosestib

298 745 498 812 manifestam
513 745 728 812 ostensionem
741 744 863 812 babens
877 768 920 812 ex
933 745 982 810 bis
997 743 1144 832 Scriptum,
1155 743 1208 828 quai

297 865 476 944 terpretatae
502 866 577 920 sunt
599 852 654 920 illo
676 854 772 921 modo
793 877 859 942 quo
878 853 1086 945 praediximms
1106 865 1131 918 et
1144 849 1209 916 usta

295 964 495 1032 annuntiatio
511 965 579 1032 sine
593 962 847 1053 interpolatione.
867 964 997 1030 Etenim
1006 960 1134 1052 Apostdi,
1144 960 1209 1026 mni

294 1075 344 1144 bis
365 1075 515 1144 omnibus
538 1074 739 1152 vetustiores,
764 1087 943 1142 consonant
964 1073 1106 1164 predicta
1122 1071 1210 1154 intepet

294 1184 385 1262 tioni,
412 1197 446 1250 et
473 1184 694 1274 interpretatio
722 1197 876 1254 eonsonat
901 1181 1111 1273 Apostolorum
1129 1175 1210 1242 traditu

293 1295 421 1362 Etenim
432 1293 558 1374 Petrus,
570 1308 602 1362 et
615 1296 770 1372 Joannos,
780 1307 814 1362 et
827 1295 1009 1371 blattbaeus,
1020 1305 1051 1358 et
1063 1288 1160 1362 Paulus,
1169 1281 1210 1350 stri

291 1405 348 1496 qui
367 1404 529 1494 deinceps,
547 1417 581 1472 et
599 1405 719 1474 borum
736 1417 922 1484 sectatores,
946 1401 1118 1494 prophetica
1132 1397 1211 1463 smum

291 1515 580 1592 annuntiaverim,
610 1513 881 1602 quemadmodum
911 1514 1077 1584 Seniorum
1097 1511 1211 1593 nummu

291 1625 445 1694 eontinet.

337 1733 424 1800 Unus
440 1734 526 1800 enim
543 1743 576 1800 et
597 1733 685 1802 idem
699 1733 836 1824 Spiritus
854 1735 929 1812 Dei,
949 1735 1005 1824 qui
1022 1732 1054 1798 in
1071 1724 1210 1815 Prupbtlll

291 1843 365 1912 dom
387 1841 580 1933 presumsit
594 1843 665 1931 quis
686 1855 719 1910 et
734 1843 836 1932 qualis
858 1856 944 1911 osset
964 1829 1206 1910 adventusltmtt:

289 1953 475 2022 Senioribus
489 1966 598 2022 autem
612 1953 837 2042 interpretatus
852 1963 900 2022 est
915 1956 1076 2040 beneque
1088 1949 1152 2014 bene
1161 1961 1208 2028 pop*

289 2075 354 2130 tata
369 2062 514 2136 fuerants
533 2061 600 2150 ipse
610 2073 644 2126 et
658 2061 692 2128 in
705 2061 865 2150 Apostolis
878 2059 1077 2134 annuntiavit
1088 2047 1208 2146 plenitus

246 2237 252 2245 ,
288 2181 471 2260 temporum
489 2169 667 2258 adoptionis
687 2171 822 2247 venisse,
844 2181 878 2238 et
892 2172 1083 2261 proximasse
1097 2175 1205 2251 mguuttl

287 2274 405 2351 lorum,
425 2287 459 2342 et
478 2274 656 2342 inhabitare
671 2274 754 2340 intra
768 2274 914 2342 homines
930 2276 1091 2346 eredentes
1105 2269 1131 2334 in
1145 2275 1206 2338 sunl·

286 2407 326 2452 ex
341 2382 470 2472 Virgine
483 2395 649 2460 natusest,
665 2381 867 2461 Emmanuel,
879 2379 1134 2474 quemadmodum
1143 2370 1211 2460 ipsiu

286 2493 438 2568 beantur,
455 2491 607 2580 qnoniam
621 2492 808 2582 priusquam
822 2497 1024 2562 convenisset
1038 2469 1211 2576 tossphcul·

285 2605 332 2672 ris
346 2603 518 2691 (manente
530 2601 627 2692 igitur
637 2625 675 2670 es
686 2603 720 2670 in
732 2605 910 2695 virginitate
919 2607 947 2694 ),
963 2633 977 2668 s
992 2607 1110 2674 inventa
1119 2591 1212 2694 mittut

286 2715 434 2782 »babens
449 2713 489 2780 de
504 2710 625 2801 Spiritu
640 2724 751 2780 saneto
768 2712 799 2789 ’ς
814 2742 828 2777 s
843 2726 876 2780 ot
889 2716 1042 2804 quoniam
1055 2710 1122 2778 dixit
1131 2680 1206 2807 illul

285 2824 446 2916 Angelus:
468 2821 632 2914 «Spiritus
647 2835 776 2892 sanetus
790 2824 938 2892 adveniet
951 2825 987 2893 in
1002 2839 1046 2901 te,
1065 2833 1095 2888 et
1109 2797 1209 2884 ,pullu

284 2935 384 3004 ssimi
398 2933 611 3002 'obumbrabit
632 2946 664 3000 te
688 2957 697 2998 ι
724 2948 918 3026 quapropter
943 2935 1031 3025 quod
1055 2912 1215 3020 „musti

283 3057 470 3122 vernetum,
484 3043 651 3112 vocabitur
665 3041 765 3112 Filius
777 3043 836 3110 Dei
853 3043 886 3120 ’ς
902 3071 915 3108 s
931 3056 964 3112 et
975 3042 1116 3138 quoniam
1124 3017 1215 3113 ΜΨ

284 3156 402 3224 somnis
418 3154 495 3222 dixit
510 3155 552 3222 sd
565 3153 686 3244 loseph
703 3177 711 3218 s
735 3155 833 3222 slloe
844 3168 951 3222 autem
963 3155 1083 3224 foetum
1092 3125 1215 3246 estulill

282 3266 449 3356 »ploratur
467 3264 554 3354 quod
572 3264 694 3332 dietum
706 3276 754 3332 est
769 3267 808 3332 ab
821 3267 913 3334 Esaia
927 3267 1079 3358 propbeta
1094 3282 1102 3323 ι
1116 3255 1172 3320 Eotu
1182 3253 1215 3315 lli

282 3377 344 3444 sin
364 3389 455 3444 utero
481 3375 640 3465 concipiet
661 3375 696 3440 ⁸.
720 3375 896 3444 »seniores
918 3389 1026 3444 autem
1048 3374 1089 3441 sie
1110 3355 1215 3440 iultflrel

282 3500 355 3554 sunt
368 3487 480 3554 dixisse
491 3485 618 3554 Essiam
633 3509 640 3551 :
659 3487 720 3552 «Et
731 3485 848 3575 adjeeit
860 3487 1016 3555 Dominus
1031 3478 1107 3570 loqui
1118 3457 1214 3540 ,dictu

281 3625 294 3660 s
311 3596 387 3662 Pete
402 3595 460 3662 tibi
474 3594 599 3684 signum
620 3616 638 3658 a
654 3593 792 3660 Domino
807 3593 876 3662 Deo
893 3607 949 3661 tuo
964 3596 997 3663 in
1010 3583 1168 3685 protundum
1178 3565 1215 3674 deu

281 3727 391 3783 nsum,
414 3715 470 3770 aut
489 3704 523 3770 in
542 3701 742 3773 altitudinem
762 3727 899 3775 sursum.
922 3705 963 3771 Et
983 3703 1059 3772 dixit
1077 3691 1159 3766 debut
1172 3671 1215 3797 :tlt

281 3843 295 3880 v
310 3811 490 3904 postulabo,
502 3836 563 3882 neo
575 3815 706 3881 tentabo
717 3813 900 3882 Dominum.
915 3815 957 3886 Et
968 3815 1043 3884 dixit
1055 3836 1063 3878 :
1075 3777 1215 3885 llu¹¹l¹llll

314 3942 426 3994 ¹blattb·
440 3961 458 4002 ι,
471 3943 510 4026 ιδ.4
522 3971 552 3982 -
562 3941 574 3980 ²
584 3943 647 3994 bue.
660 3964 677 4006 ι,
690 3946 731 3994 ts.
741 3944 791 3984 -Ι
802 3945 894 3996 blattb.
910 3966 928 4008 ι,
940 3963 979 3998 sa.
