2636 4648
244 335 308 399 530
565 356 677 400 sanum
701 357 815 400 inruat
841 359 903 401 nm.
931 359 964 400 rr

241 463 345 529 »alios
369 464 498 552 quidem
520 463 748 530 contumeliose
770 477 1004 541 tractaverunt,
1028 464 1110 530 alios
1134 489 1195 532 vero
1208 491 1245 533 u·

240 573 424 639 sciderunt.
452 571 519 638 Rex
545 584 652 639 autem
677 596 753 640 cum
778 573 934 648 audisset,
956 573 1060 639 iratus
1081 585 1141 647 est.
1159 587 1187 638 et
1201 577 1244 639 nit-

165 678 170 688 ’
241 698 339 751 »tens
357 685 513 752 exercitus
532 708 618 760 suos,
634 684 774 773 perdidit
791 685 1012 752 interfectores
1031 683 1119 760 illos,
1132 698 1161 749 et
1174 687 1245 752 einu-

240 824 252 854 s
268 807 332 860 tem
348 816 459 859 eorum
470 794 648 869 succendit,
665 803 698 858 et
710 793 788 859 dixit
797 795 895 859 servis
906 794 970 859 suis
985 818 994 858 :
1015 793 1143 882 Nuptiae
1153 796 1245 882 quiden

240 913 383 990 »paratae
410 912 496 978 sunt,
523 902 626 968 vocati
656 924 731 967 vero
753 925 818 967 non
837 901 967 968 luemnt
985 902 1089 992 digni.
1120 904 1246 992 lixiteig'L

239 1027 318 1079 »tur
337 1013 377 1078 ad
399 1013 502 1078 exitus
526 1013 661 1088 viarum,
683 1024 716 1076 et
741 1024 898 1101 quotquot
922 1013 1125 1087 inveneritis,
1150 1037 1248 1102 congre

238 1136 335 1213 »gnte
354 1124 394 1189 ad
418 1124 554 1212 nuptias.
580 1124 621 1188 Et
638 1133 789 1188 exeuntes
812 1125 893 1188 servi
911 1122 983 1210 ejus
1006 1139 1251 1212 congregaverant

237 1255 374 1299 somnes
394 1243 553 1320 quotquot
571 1231 773 1305 invenerunt,
790 1233 891 1298 bonos
907 1243 940 1297 et
955 1229 1076 1304 malos;
1100 1244 1134 1296 et
1148 1231 1253 1320 impleta

236 1355 337 1408 »sunt
356 1341 475 1430 nuptiae
494 1363 512 1406 a
532 1339 816 1406 discumbentibus.
839 1339 998 1404 lutroiens
1020 1350 1137 1406 autem
1158 1366 1204 1406 rra
1221 1345 1252 1408 si

236 1451 339 1517 »dere
355 1453 589 1524 recumbentes,
607 1449 684 1515 vidit
700 1449 743 1514 ibi
759 1449 922 1514 hominem
939 1471 1003 1515 non
1017 1451 1173 1516 vestitum
1186 1451 1254 1516 inda

236 1591 250 1624 s
265 1574 411 1628 mentum
426 1559 621 1648 nuptiarum,
638 1569 670 1622 et
686 1557 763 1623 dicit
775 1558 803 1622 ei
818 1581 826 1622 τ
846 1557 969 1634 Amice,
986 1561 1160 1648 quomodo
1172 1565 1252 1626 reniti

237 1700 250 1732 s
265 1670 343 1747 buo,
355 1693 420 1736 non
432 1668 552 1734 babens
564 1667 787 1732 indumentum
799 1668 1008 1758 nuptiarum?
1023 1669 1087 1736 lllo
1099 1685 1205 1738 antem
1215 1673 1254 1736 ab

237 1791 474 1854 »mutesccnte
495 1778 573 1844 dixit
591 1799 647 1842 rex
666 1776 843 1843 ministris:
864 1776 979 1844 Tollite
1001 1803 1083 1846 eum
1107 1806 1128 1846 a
1150 1783 1254 1872 pedibu

236 1903 295 1957 »et
309 1889 469 1964 mnibus,
485 1899 517 1952 et
532 1887 648 1953 mittite
666 1886 788 1951 eumin
803 1889 952 1954 tenebras
966 1911 1042 1978 quae
1057 1903 1138 1956 sunt
1152 1895 1254 1956 exter

236 2029 249 2064 s
264 2023 314 2066 res
332 2023 340 2064 ε
365 1999 408 2064 ibi
429 1998 489 2064 erit
509 1995 603 2062 fletus
621 2008 654 2063 et
671 1996 788 2062 stridor
806 1997 962 2064 dentium.
987 1999 1082 2066 blulti
1105 2003 1194 2068 enim
1207 2015 1254 2068 sur

236 2107 379 2183 avocati,
394 2106 487 2196 pauci
506 2124 581 2172 uero
602 2103 694 2170 electi
705 2103 756 2170 ¹.»
780 2103 944 2173 blanileste
965 2108 1054 2174 enim
1075 2122 1113 2174 et
1133 2134 1191 2198 per
1211 2112 1256 2175 bar

236 2213 334 2280 verba
349 2237 405 2278 sua
421 2211 561 2278 ostendit
577 2211 732 2278 Dominus
750 2213 869 2290 omnia,
890 2225 922 2280 et
938 2217 1099 2304 quoniam
1117 2243 1201 2286 unus
1213 2220 1256 2284 br.

235 2336 267 2388 et
280 2322 434 2388 Dominus
449 2321 594 2386 omnium
609 2319 715 2398 Pater,
731 2321 770 2388 de
785 2345 850 2410 quo
865 2334 897 2389 et
912 2335 1004 2396 antea
1021 2325 1130 2393 dixit:
1149 2329 1256 2418 «Nape

235 2465 249 2499 ι
263 2435 295 2499 in
304 2431 520 2520 Hierosolyma
533 2433 632 2521 jures,
646 2433 797 2524 quoniam
809 2434 917 2502 civitas
929 2449 977 2502 est
990 2441 1103 2528 magni
1117 2439 1213 2531 Regis
1220 2443 1254 2504 ’.ι

235 2545 277 2610 Et
287 2541 436 2631 queniam
449 2542 488 2606 ab
502 2539 592 2606 initio
607 2541 734 2630 nuptias
749 2545 934 2632 praeparavit
949 2545 1034 2613 Filio
1048 2573 1129 2626 suo,
1144 2565 1179 2617 et
1193 2577 1259 2640 pap

235 2664 285 2720 ter
302 2652 491 2717 immensam
508 2649 736 2740 benignitatem
754 2674 811 2740 per
826 2675 932 2720 servos
947 2679 1022 2722 suos
1042 2661 1189 2726 voeabat
1203 2664 1260 2750 pris

235 2783 285 2826 res
297 2758 338 2825 ad
349 2758 530 2825 convivium
545 2757 745 2846 nuptiarum
763 2769 797 2825 et
811 2760 866 2825 ubi
882 2761 927 2828 illi
941 2763 1124 2833 noluerunt
1138 2771 1262 2835 obedir.

236 2891 345 2934 rursus
360 2866 436 2934 alios
451 2891 558 2934 servos
574 2865 659 2932 misit
673 2889 853 2936 convocans
868 2894 938 2947 eos,
961 2895 1066 2960 neque
1084 2879 1138 2944 sic
1153 2881 1264 2944 obeds

235 2991 310 3045 runt
325 2978 367 3054 ei,
388 2977 444 3043 sed
462 2989 495 3043 et
512 3000 566 3042 eos
581 2977 635 3066 qui
650 2979 851 3047 vocationem
866 2983 1105 3050 annuntiabant
1121 2987 1254 3078 lapidea

236 3099 312 3154 runt
327 3099 359 3152 et
374 3086 561 3154 occiderunt
576 3109 584 3152 ε
603 3085 672 3152 illos
687 3087 815 3175 quidem
827 3090 965 3178 perdidit
976 3092 1114 3162 mittens
1125 3101 1265 3164 exercit:-

236 3219 321 3273 suos,
334 3207 367 3261 et
382 3195 542 3261 civitatem
556 3193 685 3261 illorum
701 3197 881 3272 succendit;
900 3212 933 3265 et
947 3223 986 3266 ex
1000 3204 1165 3271 omnibus
1184 3223 1258 3272 arna

235 3306 305 3381 viis,
322 3304 355 3371 id
369 3316 430 3379 est,
445 3327 484 3370 ex
499 3304 651 3370 universis
667 3305 815 3394 gentibus
832 3306 872 3372 ad
889 3310 1069 3378 convivium
1094 3317 1267 3404 napum,

234 3412 305 3481 Filii
325 3413 373 3480 sui
389 3413 587 3489 convocavit,
605 3412 875 3501 quemadmodum
890 3427 922 3484 et
938 3441 996 3506 per
1009 3417 1208 3490 Jeremiam
1222 3429 1257 3490 ait

245 3523 309 3588 «Et
326 3522 397 3588 misi
413 3521 454 3587 ad
474 3543 529 3587 vos
549 3543 653 3588 servos
670 3545 758 3588 meos
776 3523 962 3616 Prophetas,
983 3529 1094 3597 dioere
1119 3556 1129 3598 ε
1159 3536 1271 3602 Area

235 3660 248 3692 s
263 3630 340 3695 mini
353 3629 596 3719 unusquisquea
607 3630 656 3696 via
667 3632 870 3721 nequissima,
882 3647 915 3700 et
925 3635 1057 3704 meliora
1068 3640 1183 3710 facite
1196 3649 1274 3734 opu}

234 3769 250 3802 s
261 3737 425 3804 vestra⁸.»
447 3739 487 3803 Et
504 3761 612 3806 rursus
633 3763 690 3830 per
709 3740 880 3808 eumdem:
909 3745 973 3810 «Et
990 3746 1074 3836 misi,
1098 3750 1261 3840 inquim

234 3871 317 3914 »vos
339 3869 449 3913 omnes
464 3870 571 3914 servm
592 3871 681 3914 meos
695 3847 869 3939 Prophetas
883 3851 966 3918 inter
981 3852 1069 3922 diem
1086 3871 1125 3923 et
1141 3873 1231 3928 ante
1249 3861 1274 3923 a

264 3977 376 4027 'blattb
390 3993 451 4036 uu,
463 3993 475 4024 a
485 3985 510 4028 et
521 3991 595 4042 arqq.
609 4005 638 4016 -
649 3976 758 4028 ’Masta
773 3997 796 4040 v,
808 3979 848 4030 55.
862 4009 892 4020 -
902 3979 911 4015 ¹
923 3983 1018 4033 Jcrem.
1029 4001 1116 4049 uxr,
1128 3991 1177 4040 tS.
