2772 4620
493 229 644 273 srouoetn
669 229 772 284 ιιιιιιι.
1086 206 1147 270 ι65

109 368 127 402 ι
146 337 207 406 lios
221 335 434 404 rosetoveritt
450 364 463 398 ι
476 333 603 401 Patrem
618 335 713 424 igitur
725 335 946 400 universorum
955 333 1057 399 lutlaei
1070 358 1150 400 sern-

109 473 175 538 per
194 473 270 516 oum
289 447 376 516 llose
398 444 621 536 colloquutum
642 445 869 520 existimantes,
889 468 965 510 oum
986 444 1082 532 isqui
1101 443 1149 510 lo-

108 573 239 648 quutus
250 572 299 626 est
309 558 409 626 Filius
419 559 479 624 Dei
493 571 590 633 esset,
607 558 706 645 quiet
720 556 859 646 Angelus
874 567 906 622 et
921 553 1090 644 Apostolus
1103 579 1153 622 ro·

112 682 212 737 octus
225 681 287 745 est,
300 669 414 734 merito
428 679 460 732 et
471 691 489 732 ιι
501 667 688 756 prophetico
705 657 823 756 Spiritu
839 678 871 731 et
884 667 924 731 ab
941 664 1010 753 ipso
1027 665 1154 744 Christo

114 790 316 868 nrguuntur,
339 777 425 864 quod
442 800 503 842 uec
522 776 648 841 Patrem
666 799 726 842 nec
748 777 774 842 F
777 776 864 842 ilium
886 777 1042 842 noverint.
1071 775 1153 842 Nam

119 889 179 978 qui
195 887 312 952 Filium
325 886 449 952 Putrem
462 909 530 952 esse
546 887 667 960 dicum,
683 884 717 950 hi
732 897 908 976 arguuntur
922 884 1007 972 quod
1023 907 1084 950 nec
1095 883 1153 950 Pa-

120 1011 209 1064 trem
220 997 332 1071 sciunt,
344 1019 406 1064 nec
413 994 528 1062 Filium
538 1018 606 1060 esse
618 996 837 1060 universorum
847 995 931 1060 Patri
942 1006 1148 1082 cognoscant.

120 1105 187 1186 Qui
203 1129 277 1172 eum
293 1103 434 1172 Verbum
454 1107 494 1170 sit
515 1106 762 1195 primogenitum
780 1105 851 1180 nei,
871 1105 957 1170 Deus
971 1103 1068 1170 etism
1088 1116 1148 1168 est.

120 1213 170 1282 hc
185 1215 271 1302 prins
287 1215 416 1300 quidem
431 1213 510 1279 lllosi
530 1227 562 1280 et
580 1215 702 1281 caeteris
725 1214 892 1304 Prophetis
907 1215 940 1278 in
955 1213 1057 1302 specie
1072 1210 1152 1302 ignis

121 1333 157 1387 et
170 1321 304 1409 imagine
320 1321 506 1408 incorporee
519 1320 602 1386 visus
613 1333 661 1386 est
675 1345 683 1386 :
695 1344 785 1387 nune
801 1333 910 1386 nutem
922 1319 1016 1385 vestri
1030 1319 1154 1408 imperii

118 1431 315 1521 temporibus
328 1456 367 1498 ex
377 1433 510 1520 virgine,
527 1443 563 1498 ut
577 1435 643 1520 jam
659 1432 808 1508 diximus,
821 1432 919 1498 homo
931 1430 1034 1496 sactus
1045 1453 1157 1496 secun-

120 1542 201 1608 dum
216 1541 316 1611 Putris
330 1539 541 1615 voluntatem,
557 1565 617 1628 pro
632 1563 745 1608 eorum
760 1540 860 1606 soluto
876 1541 931 1628 qui
946 1538 990 1606 illi
1006 1539 1155 1614 eredunt,

119 1664 154 1718 ot
169 1675 227 1739 pro
242 1647 342 1718 nihilo
356 1648 468 1714 hoheri
482 1661 515 1713 et
530 1649 596 1738 pati
611 1650 772 1725 sustinuit,
787 1664 822 1714 ιιι
837 1663 983 1715 mortuus
1002 1673 1041 1716 sc
1054 1673 1159 1714 resur·

120 1785 201 1851 gens
224 1772 362 1826 mortem
384 1759 536 1824 vinceret.
562 1759 659 1837 Quod
680 1771 788 1826 eutem
809 1785 849 1826 ex
870 1761 950 1826 ruho
970 1759 1092 1826 dictum
1111 1769 1158 1824 est

122 1873 220 1948 Morti,
231 1873 318 1960 «Ego
330 1895 401 1936 sum
412 1872 549 1950 existens
559 1869 624 1948 ille,
636 1873 724 1938 Deus
736 1874 909 1952 Abraham,
921 1887 953 1940 et
962 1874 1048 1940 Deus
1057 1873 1158 1948 lsoac,

127 2011 143 2044 s
156 1993 190 2046 et
203 1981 289 2046 Deus
304 1979 418 2057 Juoob,
434 1993 467 2046 et
481 1980 566 2046 Deus
576 1991 703 2069 petrum
714 1982 873 2060 tuorum²,
887 2011 900 2047 ι
914 1997 1100 2074 augumento
1111 1995 1159 2049 est

124 2115 185 2158 eos
208 2093 304 2158 otium
318 2104 542 2180 postmortem
557 2116 698 2170 munere,
717 2106 749 2160 et
764 2095 860 2182 ipsius
882 2091 1000 2171 Christi
1013 2095 1157 2162 homines

121 2225 206 2268 esse.
231 2202 271 2268 lli
294 2201 379 2267 enirn
397 2201 492 2290 primi
522 2181 670 2268 omniom'
687 2204 720 2269 in
743 2203 800 2270 Dei
824 2205 1024 2293 inquisitione
1043 2205 1156 2270 versuti

119 2321 211 2383 sunt,
228 2307 390 2376 Abrohom
406 2307 536 2395 quidem
551 2321 641 2397 poter
655 2309 767 2385 lsoaci,
786 2311 875 2378 Isaeo
896 2323 1004 2378 autem
1026 2310 1154 2383 Jocohi,

122 2415 394 2504 quemadmodum
410 2427 443 2481 et
458 2415 559 2482 Moses
573 2417 766 2508 perscripsit.

173 2523 283 2594 LXIV.
303 2527 406 2614 Atque
423 2538 459 2591 ιιι
473 2525 568 2602 illius,
585 2552 657 2616 quae
672 2528 802 2606 (licitur,
813 2528 929 2596 Puellae
948 2529 1158 2597 simulacrum

123 2636 167 2702 ad
189 2636 290 2704 fontes
308 2661 463 2726 equorum
478 2639 667 2728 erigeretur,
688 2640 722 2706 id
741 2663 867 2730 quoque
887 2641 1069 2707 daemonum
1088 2663 1160 2704 mo-

122 2747 244 2824 litione,
262 2749 317 2836 qui
331 2748 418 2816 illam
433 2749 520 2818 toris
533 2749 631 2816 liliam
642 2775 712 2817 esse
724 2751 884 2827 dixerunt,
897 2774 936 2816 nc
953 2753 1049 2816 verbo
1066 2749 1160 2816 hlosis
1218 2817 1221 2823 ,

122 2855 238 2922 imitati
259 2869 345 2931 sunt,
367 2857 549 2946 contigisse,
569 2882 609 2925 ex
628 2859 677 2926 his
692 2881 764 2947 quae
785 2860 851 2946 jam
873 2859 1021 2936 diximus,
1038 2859 1162 2946 perspi·
1202 2849 1207 2854 ⁸

123 2988 199 3031 cere
219 2965 360 3052 potestis.
384 2965 488 3032 llloses
508 2968 614 3042 enim,
637 2979 786 3056 utsupra
803 2967 1008 3056 scripsimus,
1029 2968 1075 3034 sic
1093 2968 1157 3033 nit:

135 3099 149 3132 ι
166 3073 203 3138 ln
218 3073 373 3160 principio
387 3076 505 3142 creavit
519 3075 606 3142 Deus
621 3075 739 3142 coelum
749 3089 781 3141 et
796 3089 922 3142 terram.
939 3075 1038 3144 Terre
1053 3089 1160 3142 autom

130 3207 145 3245 ι
161 3191 231 3246 eret
245 3180 474 3270 inaspectabilis
489 3196 522 3248 et
537 3183 711 3261 incondito,
728 3198 761 3251 et
775 3183 912 3274 Spiritus
926 3186 985 3251 Dei
1001 3185 1162 3251 ferebatur

128 3313 258 3380 »super
276 3290 405 3378 aquas³.
422 3321 434 3354 ι
451 3293 500 3358 Ad
518 3294 727 3362 imitationem
750 3319 826 3384 orgo
841 3293 923 3362 illius
937 3295 997 3360 Dei
1014 3295 1160 3382 Spiritus,

126 3401 185 3492 qui
210 3423 306 3490 super
320 3423 418 3490 oquns
439 3401 511 3466 lorri
526 3402 629 3468 dictus
644 3415 703 3479 est,
719 3403 942 3493 Proserpinam
962 3403 1051 3470 loris
1066 3401 1162 3470 filiam

128 3524 296 3580 vocarunt.
323 3511 372 3578 Ac
393 3509 486 3578 simili
511 3513 649 3600 nequitie
672 3513 846 3578 Minervam
866 3537 906 3578 ex
924 3513 1004 3579 lore
1024 3515 1162 3604 genitum
1278 3514 1281 3518 ’

128 3629 290 3702 dixerunt,
299 3625 397 3716 idque
409 3648 475 3690 non
486 3649 525 3692 ex
537 3624 727 3700 concubitu3
739 3624 795 3690 sed
807 3648 881 3692 cum
890 3627 1043 3694 muudum
1055 3629 1162 3704 olleo,

130 3750 296 3844 postquam
308 3736 459 3828 cogitavit
469 3747 502 3803 et
518 3734 741 3810 consideravit,
758 3736 921 3804 conditum
935 3761 1001 3804 esse
1017 3737 1164 3829 perVer-

163 3866 273 3918 ιΜιιιιι.
284 3883 321 3925 ιι,
332 3879 371 3932 ¹7.
385 3891 417 3904 ·-
429 3867 440 3899 ²
452 3866 535 3944 angl.
548 3881 587 3926 ιιι,
600 3881 623 3914 a.
635 3863 687 3904 -Ι
699 3867 765 3917 Gen.
777 3885 796 3927 ι,
810 3884 830 3918 ι.
881 3930 889 3950 .
