2808 4688
244 224 259 262 a
293 227 295 231 ·
346 201 348 206 ’
388 242 401 262 .
587 185 924 271 sincrus'snnnas‘ns,

293 330 386 402 Cum
410 339 531 400 autern
555 321 648 398 esset
671 325 941 399 «multitudinis
967 328 1193 403 credentium
1215 359 1280 405 cor

244 469 261 503 »
275 459 388 518 unum
404 437 573 512 etaniuut
586 458 702 522 nna,»
716 457 816 518 cum,
829 463 846 502 ιι
857 449 1041 532 quotquot
1052 462 1279 535 possessores

244 577 261 610 n
274 531 443 641 agrorum
461 555 524 620 aut
539 539 733 613 domorum
751 555 869 627 erant,
888 543 1086 616 vendentes
1103 545 1280 620 afferrent

244 685 261 719 n
275 653 390 750 pretia
419 672 546 720 eorum
571 673 652 745 quae
680 646 903 733 vendebant,
929 664 966 720 et
990 669 1168 748 ponerent
1191 669 1278 726 ante

245 793 262 826 a
279 759 388 858 pedes
412 755 668 856 Apostolorum
697 755 763 851 (iv,
780 754 839 844 32,
859 753 952 850 34);
980 781 1090 854 quem
1117 758 1278 833 habebat

244 887 399 962 »agrum
411 860 574 934 vendidit
585 859 782 948 Barnabas,
793 875 829 932 et
841 861 963 936 attulit
976 867 1149 959 pretium,
1161 879 1198 936 et
1212 889 1277 962 po-

245 1003 263 1037 »
276 975 346 1042 suit
360 985 444 1040 ante
457 968 567 1066 pedes
579 967 847 1066 Apostolorum.
865 996 882 1035 n
904 968 1018 1063 (Ibid.
1035 971 1114 1066 37.)
1134 972 1275 1046 Deinde
1392 968 1396 981 '

247 1101 331 1149 cnm
353 1090 511 1146 mutatus
533 1074 818 1169 Hierosolymam
838 1077 994 1147 venisset
1009 1077 1155 1166 Paulus,
1171 1095 1208 1152 et
1226 1079 1275 1151 ab

246 1211 289 1257 eo
318 1187 482 1254 timentes
508 1180 731 1253 declinarent
752 1181 892 1268 fideles,
915 1183 1095 1255 Barnabas
1115 1210 1274 1285 «appre-

245 1323 261 1358 n
275 1289 429 1360 hensum
448 1284 552 1356 duxit
571 1285 617 1355 ad
635 1283 844 1381 Apostolos,
867 1299 903 1355 et
918 1291 1077 1358 narravit
1096 1287 1166 1358 illis
1179 1314 1275 1388 quo-

246 1429 263 1464 »
275 1393 385 1466 modo
400 1397 436 1464 in
449 1397 505 1462 via
518 1389 664 1462 vidisset
680 1393 895 1477 Dominum,
915 1408 951 1464 et
966 1397 1052 1490 quia
1066 1394 1209 1467 locutus
1220 1413 1276 1469 est

248 1533 265 1568 n
278 1508 312 1574 ei
325 1531 341 1567 n
355 1499 429 1595 (rx,
450 1497 537 1592 a7):
558 1520 633 1593 quo
655 1498 744 1566 tanti
765 1499 833 1568 viri
851 1499 1058 1571 testimonio
1076 1505 1275 1576 securiores

119 1601 122 1608 ¹
249 1608 349 1698 lacti,
367 1605 470 1677 illurn
487 1608 582 1676 inter
600 1601 728 1673 fratres
748 1621 972 1702 receperunt.

294 1721 381 1788 Post
402 1712 543 1810 aliquot
563 1731 692 1796 annos,
709 1723 897 1806 comperto
916 1710 1017 1808 quod
1035 1715 1209 1810 «quidam
1227 1741 1272 1790 ex

247 1855 264 1890 s
278 1827 321 1896 iis
334 1825 399 1920 qui
412 1820 562 1916 dispersi
577 1816 722 1890 fueram
735 1839 755 1891 a
768 1815 1001 1890 tribulatione
1013 1818 1107 1892 facta
1121 1823 1189 1896 sub
1203 1830 1276 1898 Ste

245 1961 262 1996 n
277 1929 416 2027 phano,
427 1926 664 2022 loquerentur
677 1935 714 1994 et
726 1920 773 1993 ad
783 1926 927 1994 Graecos
941 1928 1142 2000 Antiochiae
1153 1935 1277 2006 Domi-

245 2063 262 2098 »
276 2055 365 2104 num
387 2035 523 2118 iesum,
550 2031 727 2100 miserunt
751 2029 915 2128 Apostoli
937 2032 1136 2106 Barnabam
1158 2063 1275 2133 usque

244 2168 261 2203 a
274 2137 320 2209 ad
332 2133 573 2222 Antiochiam,
585 2137 649 2232 qui
659 2157 743 2206 cum
754 2139 986 2233 pervenisset,
999 2153 1034 2212 et
1044 2139 1189 2213 vidisset
1196 2167 1274 2238 gra-

246 2245 363 2314 »tiam
383 2243 468 2329 Dei,
488 2243 629 2337 gavisus
648 2254 710 2311 est.
729 2244 796 2312 Hic
812 2265 933 2313 omnes
950 2241 1117 2340 frequens
1132 2245 1270 2316 hortari

245 2379 262 2414 n
276 2353 312 2418 in
333 2348 521 2446 proposito
540 2345 660 2418 cordis
681 2370 893 2445 permanere
915 2353 953 2418 in
980 2353 1155 2439 Domino,
1184 2357 1270 2448 quia

246 2468 353 2524 »erat
370 2455 424 2521 vir
441 2451 559 2523 bouus
583 2464 621 2522 et
644 2450 773 2548 plenus
792 2455 930 2547 Spiritu
948 2470 1072 2527 sancto
1096 2471 1134 2528 et
1158 2455 1240 2528 fide.
1256 2489 1273 2524 s

244 2561 257 2648 (
266 2585 316 2649 xr,
333 2585 376 2657 19
393 2573 430 2630 et
448 2559 543 2653 seq.)

294 2663 364 2734 Sed
383 2686 468 2732 cum
487 2660 572 2730 solis
590 2662 699 2730 tantis
717 2659 903 2734 laboribus
918 2661 1084 2736 sufficere
1100 2691 1176 2738 non
1193 2691 1273 2766 pos·

245 2786 317 2856 set,
344 2771 563 2839 «inventum
590 2765 742 2836 Paulum
772 2767 940 2864 perduxit
964 2773 1212 2861 Antiochiam,
1238 2789 1275 2845 et

244 2897 411 2946 »annum
438 2887 557 2943 totum
587 2875 787 2944 conversati
815 2877 853 2942 in
881 2875 1040 2948 Ecclesia
1069 2875 1274 2949 docuerunt

207 2991 216 3005 ·
243 3011 260 3046 n
273 2980 417 3053 turbam
434 2978 604 3067 multam,
622 2982 672 3050 ita
691 2994 732 3050 ut
752 2981 911 3077 primurn
931 2986 1275 3080 cognominarentur
1390 3065 1394 3074 ¹

244 3085 472 3180 »Antiochiae
485 3084 653 3182 discipuli
669 3085 903 3158 Christiani.»
920 3087 993 3182 (lb.
1010 3089 1088 3186 26.)

291 3197 452 3290 Urgente
470 3216 557 3265 vero
575 3215 686 3290 quam
703 3193 882 3294 Propheta
902 3195 1114 3292 predixerat
1128 3196 1274 3293 Agabus

244 3298 352 3388 fame,
367 3298 580 3396 «discipuli,
597 3313 708 3398 prout
718 3304 873 3397 quisque
886 3299 1057 3390 habebat,
1073 3325 1273 3400 proposue-

244 3422 362 3478 »runt
376 3407 507 3506 singuli
522 3409 561 3477 in
574 3409 812 3478 ministerium
824 3413 967 3482 mittere
976 3409 1272 3483 habitantibusin

244 3545 261 3580 n
272 3513 393 3584 Judaea
404 3512 591 3603 iratribus,
607 3512 708 3611 quod
726 3529 763 3586 et
780 3512 943 3588 fecerunt
957 3519 1142 3589 mittentes
1157 3517 1272 3586 senio·

244 3648 262 3684 n
274 3640 330 3690 res
344 3640 409 3716 per
424 3643 552 3690 manus
566 3619 736 3694 Barnabae
753 3635 789 3693 et
802 3621 913 3695 Pauli.
926 3653 944 3690 n
957 3622 1069 3718 (Ibid.
1087 3646 1134 3718 29
1148 3636 1185 3692 et
1196 3619 1274 3713 30)

242 3725 436 3797 Florebant
454 3739 576 3808 aulem
601 3730 639 3800 in
664 3727 852 3803 «Ecclesia
872 3755 953 3830 quae
975 3747 1052 3803 erat
1073 3727 1275 3805 Antiochiae

242 3860 260 3896 n
272 3831 458 3929 prophetae
477 3845 515 3902 et
531 3830 697 3905 doctores
710 3837 866 3932 ,plurimi
880 3865 896 3902 >1
916 3849 1047 3932 praeter
1067 3834 1220 3908 Paulum
1239 3845 1278 3903 et
