2684 4638
229 241 293 312 500
549 271 663 319 aarum
686 273 801 320 rrsrnr
823 274 885 320 arr.
911 275 937 321 u

229 374 351 444 damus.
372 373 407 444 si
422 389 529 446 autem
548 403 584 448 ea
604 405 675 471 quae
689 382 724 449 in
740 384 886 451 manibus
904 395 994 462 sunt,
1018 396 1053 450 et
1070 393 1152 450 ante
1166 381 1277 472 pedes,

227 497 262 551 et
275 487 309 554 in
324 487 436 565 oculis,
452 500 485 554 et
501 492 645 569 terrenis,
661 506 694 560 et
708 494 867 584 praecipue
881 493 1136 583 dispositionem
1152 491 1278 583 capillo-

227 617 301 662 rum
315 598 426 688 capitis
441 598 503 676 sui,
519 600 664 670 nondum
679 604 784 670 sciunt
798 604 820 671 ii
835 605 889 692 qui
903 616 980 670 sunt
990 602 1155 694 perfactir
1172 625 1277 690 quarn

227 706 402 776 admodum
417 710 463 777 eis
478 711 518 778 de
530 714 758 804 spiritualibus,
774 715 1121 808 etsupercoelestilms,
1133 724 1171 780 et
1182 711 1275 778 dehis
1314 795 1315 814 ἢ

228 837 299 904 quae
313 840 408 909 super
421 820 526 888 Deum
541 847 621 892 vana
634 827 837 916 persuasione
852 826 1061 904 confirmant,
1082 821 1275 890 credemus?

169 933 179 952 ⁰
227 925 268 991 Et
279 937 366 993 tanta
382 929 512 1017 quidem
527 932 567 999 de
583 935 735 1013 numeris,
751 949 784 1002 et
797 936 838 1002 de
853 935 1052 1012 nominibus,
1072 945 1113 1000 et
1129 931 1174 1016 da
1189 931 1276 1020 syla-

227 1033 290 1110 bis,
306 1048 339 1102 et
356 1040 582 1126 quaestionibus
595 1047 711 1110 'eorum
730 1069 801 1134 quae
820 1055 895 1111 sunt
913 1066 1010 1134 super
1030 1065 1112 1118 nos,
1134 1053 1172 1106 et
1188 1039 1227 1104 da
1241 1062 1275 1104 eo

228 1144 315 1232 quod
336 1146 508 1238 improprie
531 1161 690 1240 exponant
711 1151 888 1243 parabolas,
912 1175 930 1218 a
951 1152 1046 1219 nobis
1069 1150 1119 1217 sit
1143 1149 1273 1222 dicum,

228 1257 487 1349 quandoquidem
505 1287 523 1328 a
539 1275 571 1330 te
585 1262 676 1354 plura
693 1264 755 1331 dici
770 1265 903 1355 possint.

272 1365 483 1438 Revertamur
498 1373 627 1439 autem¹
646 1396 704 1440 nos
720 1374 761 1440 ad
776 1371 896 1463 reliqua
911 1394 981 1460 quae
997 1381 1075 1438 sunt
1092 1387 1219 1438 eorum
1232 1392 1273 1434 ar·
1314 1357 1315 1364 ἵ

229 1479 484 1566 gumentationis.
507 1483 544 1550 ln
562 1482 836 1550 consummatione
855 1480 941 1548 enim
961 1480 1116 1548 dicentes
1139 1481 1273 1570 ipsorum

229 1585 364 1654 llatram
381 1589 462 1656 intra
478 1590 624 1659 Pleroma
641 1592 778 1682 regredi,
794 1603 827 1657 et
842 1591 984 1680 recipere
1001 1613 1174 1680 sponsum
1193 1613 1272 1656 suun

231 1695 444 1775 Salvatoremr
462 1722 496 1766 se
507 1713 626 1778 autem,
642 1700 796 1791 quoniam
809 1697 986 1788 spirituales
998 1721 1070 1765 esse
1083 1698 1222 1774 dicunt,
1233 1721 1273 1761 ex-

231 1807 381 1898 spoliatos
399 1810 532 1888 animas,
555 1823 588 1878 et
606 1811 733 1901 spiritus
751 1806 980 1877 intellectuales
999 1808 1126 1885 laotos,
1153 1830 1272 1898 sponsas

230 1915 356 1986 futuros
374 1919 585 2009 spiritualium
601 1918 812 2011 Angelorumr
830 1917 1039 2008 Demiurgum
1057 1929 1192 1996 autem,
1208 1939 1272 2006 quo
1314 1969 1315 2044 p

231 2027 320 2096 niam
338 2028 507 2096 animalem
523 2030 647 2106 dicunt,
664 2029 697 2095 in
711 2027 819 2095 llatris
838 2025 946 2093 locum
960 2049 1157 2100 cessurum
1178 2027 1270 2114 justo
1314 2045 1315 2048 ’

231 2160 306 2203 rum
331 2149 438 2204 autern
464 2140 586 2206 animas
607 2139 805 2228 requiescere
827 2137 860 2203 in
881 2131 1061 2203 medietatis
1085 2133 1184 2212 loco,
1206 2157 1271 2224 psy-

233 2244 324 2313 chice
339 2246 480 2314 dicentes
495 2247 606 2314 similia
626 2248 667 2316 ad
686 2247 798 2315 similia
813 2244 1013 2336 congregari,
1032 2243 1220 2335 spiritualia
1236 2243 1270 2307 ad

233 2355 417 2445 spiritualia,
436 2355 610 2424 materialia
627 2370 735 2425 autem
753 2359 787 2425 in
804 2355 1019 2424 materialibus
1037 2376 1266 2444 perseverare:

234 2465 391 2534 contraria
412 2466 471 2532 sibi
490 2466 660 2546 definiunt,
678 2468 798 2536 animas
814 2468 881 2558 jam
897 2490 962 2534 non
978 2476 1111 2555 propter
1131 2467 1272 2532 substan

233 2576 311 2644 tiam
325 2574 359 2642 iu
370 2573 574 2642 medietatem
585 2575 749 2644 adsimilis
762 2575 903 2644 dieentes
915 2575 1102 2652 succedere,
1114 2575 1178 2641 sed
1185 2599 1272 2665 prop

233 2685 524 2776 teroperationemr
539 2687 835 2779 justorumquidem
844 2687 985 2753 dicentes
995 2683 1071 2752 illuc
1082 2687 1271 2760 succedere,

234 2797 405 2886 impiorum
425 2810 532 2866 autern
553 2821 717 2866 remanere
737 2799 854 2889 ignem.
877 2797 912 2864 Si
930 2797 1017 2864 enim
1039 2809 1180 2887 propter
1200 2797 1273 2862 suh-

235 2906 383 2974 stantiam
397 2929 508 2974 omnes
523 2908 700 2977 succedunt
711 2909 824 2974 anima
838 2907 871 2974 in
883 2906 1095 2996 refrigerium,
1111 2919 1146 2972 et
1157 2909 1275 2974 medie

235 3016 308 3082 tatis
326 3029 401 3083 sunt
419 3041 542 3097 omnes,
563 3019 740 3088 secundum
760 3017 846 3107 quod
866 3026 941 3084 sunt
959 3019 1086 3094 animae,
1111 3041 1192 3084 cum
1217 3021 1278 3084 sint
1314 3079 1315 3130 r

235 3126 380 3218 ejusdem
395 3129 594 3206 substantiaer
616 3139 649 3196 et
666 3127 864 3218 superfluum
881 3139 930 3192 est
949 3127 1092 3202 credere,
1111 3128 1274 3216 superflua
1314 3137 1315 3172 ¹

237 3248 345 3304 autem
360 3248 393 3303 et
407 3238 571 3306 descensio
586 3237 765 3306 Salvatoris.
789 3238 822 3305 si
839 3249 946 3304 autem
960 3249 1090 3327 propter
1103 3238 1277 3326 justitiam,

238 3347 304 3436 jam
323 3368 388 3412 non
409 3359 539 3436 propter
559 3347 592 3413 id
614 3348 700 3436 quod
722 3347 784 3414 sint
801 3347 927 3424 animae,
951 3345 1177 3434 sedquoniam
1201 3360 1278 3412 sunt

238 3456 340 3546 justae.
359 3455 393 3522 si
409 3469 515 3522 autem
529 3457 643 3524 animae
662 3456 923 3547 (quarlperiturae
933 3467 1051 3532 essent,
1067 3456 1275 3546 (inciperent)

240 3565 299 3632 uisi
313 3565 405 3654 justae
419 3564 565 3640 fuissentr
587 3567 709 3656 justitia
727 3579 839 3656 potens
858 3579 906 3631 est
921 3562 1041 3633 salvare
1059 3578 1092 3630 et
1109 3589 1248 3656 corpora
1266 3590 1273 3630 :

241 3673 319 3764 quid
331 3675 438 3764 utique
453 3701 518 3744 non
533 3676 677 3755 salvabit,
693 3701 764 3767 quse
779 3689 811 3743 et
826 3677 891 3766 ipsa
902 3677 1171 3766 participaverunt
1182 3677 1274 3765 justi-

242 3784 316 3851 siet
327 3781 360 3849 Si
372 3786 456 3852 enim
469 3799 580 3874 nutura
592 3801 624 3854 et
635 3787 809 3856 substantia
821 3783 932 3862 salvat,
948 3809 1058 3854 omnes
1070 3785 1275 3854 salvabuntur

277 3915 359 3980 ¹Gap.
376 3931 439 3964 xxix.
