2606 4620
147 293 172 334 s.
191 291 310 336 scarras
328 291 482 334 uncrinus
500 289 539 333 no
554 287 737 333 arcesarcu
753 289 912 334 arrsrona.
982 269 1044 352 467

26 395 124 470 dionis,
144 395 310 461 meliorem
330 395 479 478 evadere3
504 407 537 460 et
558 395 628 469 tibi,
655 395 696 458 ita
719 393 842 468 audire,
865 405 901 457 ut
922 394 1045 458 tristitia

25 525 84 567 non
99 501 252 569 alliciatur
267 504 361 590 isqui
379 503 474 568 verbu
490 503 610 568 fecerit.

63 611 102 674 ll.
120 612 186 698 Age
202 613 310 700 igitur,
329 625 499 700 postquam
513 613 649 699 teipsum
668 635 685 677 a
705 613 829 678 cunctis
848 609 1047 700 cogitationi-

25 721 80 782 bus
90 713 229 783 mentem
244 730 332 784 tuam
347 719 642 807 praeoccupantibus
653 721 848 808 purgaveris,
865 730 897 785 et
912 741 1049 784 consue-

24 826 162 890 tudinem
179 849 247 913 quse
264 839 296 891 te
312 826 440 915 decipit,
461 839 612 916 tanquam
628 829 889 916 impedimentum
904 825 1047 915 aliquod,

24 933 178 1019 rejeceris,
195 943 227 998 et
241 933 342 1000 factus
357 935 465 1011 lueris,
483 934 569 1000 volut
583 937 624 1000 ab
640 936 740 1010 initio,
757 957 859 1000 novus
872 935 982 1009 homo,
1000 946 1048 998 ut-

23 1051 92 1126 pote
107 1041 259 1106 sermonis
276 1042 347 1106 novi
367 1041 466 1126 (sicut
482 1053 514 1106 et
530 1043 595 1129 ipse
612 1041 843 1128 confessuros)
862 1041 988 1106 auditor
1002 1041 1051 1105 su-

23 1163 106 1216 turus
119 1173 127 1214 :
139 1151 222 1216 'vide
240 1175 305 1216 uon
322 1148 423 1216 solum
440 1149 551 1224 oculis,
573 1149 628 1214 sed
645 1151 741 1214 etiam
756 1149 935 1236 prudentia,
955 1151 1047 1238 cujus

23 1262 78 1324 sint
89 1260 284 1334 substantiae,
296 1272 350 1324 aut
360 1261 453 1346 cujus
463 1257 583 1348 lormae,
597 1259 617 1322 ii
629 1281 709 1346 quos
719 1258 838 1324 vocatis
850 1267 882 1323 et
891 1259 1047 1324 existimu-

22 1371 54 1434 :is
67 1369 150 1434 deos.
170 1369 282 1435 Nonne
297 1391 409 1434 eorum
423 1366 502 1433 alius
517 1368 645 1455 quidem
658 1377 706 1432 est
717 1365 809 1454 lapis,
826 1366 856 1430 ei
871 1367 925 1454 qui
941 1365 1047 1432 calca-

22 1503 67 1543 .ur
81 1477 210 1557 similis?
223 1477 303 1543 alius
317 1487 425 1542 autem
439 1487 489 1541 est
503 1499 558 1551 aes,
574 1474 673 1542 nihilo
689 1473 802 1540 melius
816 1495 914 1560 quam
929 1497 999 1561 que
1014 1476 1047 1549 in

22 1611 106 1653 asum
118 1599 262 1652 nostrum
274 1585 426 1652 fabricata
440 1596 513 1650 sunt
523 1585 618 1650 sasai
632 1583 711 1649 alius
721 1581 858 1672 lignum,
871 1594 903 1648 et
918 1583 1046 1670 quidem

21 1697 108 1760 etiam
122 1694 309 1782 putridum?
324 1692 403 1758 alins
419 1703 598 1780 argentum,
615 1693 666 1757 cui
684 1713 763 1778 opus
775 1702 823 1756 est
838 1691 960 1756 homini
976 1714 1045 1756 cus-

21 1805 165 1877 oditurc,
179 1826 218 1868 ne
229 1803 315 1866 furto
327 1801 509 1865 auferaturil
525 1799 603 1864 alius
617 1799 736 1867 serrum
750 1801 896 1888 rubigine
911 1821 1046 1889 corrup-

20 1911 105 1975 2um'l
116 1910 195 1975 alius
205 1921 299 1983 testa,
315 1907 414 1973 nihilo
426 1909 596 1995 speciosior
611 1931 648 1971 ea
659 1931 729 1994 quse
744 1906 784 1972 ad
795 1908 1045 1996 abjectissimum

20 2019 225 2086 ministerium
244 2018 326 2083 lacta
345 2017 416 2082 esti
434 2018 546 2083 Nonne
565 2039 602 2082 ex
622 2018 752 2082 materia
772 2020 969 2105 corruptioni
984 2021 1044 2084 ob·
1141 2053 1146 2056 ·

20 2128 106 2192 noxia
123 2138 196 2192 sunt
212 2127 282 2191 haec
295 2125 423 2191 omnia?
437 2147 543 2192 nonne
557 2125 631 2189 ferri
647 2137 679 2188 et
694 2125 773 2213 ignis
795 2147 854 2213 ope
871 2126 1045 2193 fabricata?

19 2259 119 2300 nonne
133 2258 246 2300 eorum
262 2235 348 2300 aliud
362 2233 513 2323 sculptor'
524 2233 677 2323 lapidum,
692 2232 780 2298 aliud
794 2233 883 2301 saber
900 2237 1041 2311 aernrina,

19 2343 98 2409 rliud
113 2345 309 2433 argentarius
324 2345 425 2420 faber,
442 2344 528 2409 aliud
543 2343 659 2432 figulus
675 2343 787 2409 linxitl
801 2346 995 2435 minimeque
1010 2347 1043 2412 in

23 2451 106 2516 ulem
118 2451 253 2518 sormam
266 2451 515 2540 unumquodque
526 2463 684 2515 mutatum
700 2462 767 2516 erat
778 2452 1044 2538 priusquam-arte

19 2559 147 2646 ilicajus
161 2558 277 2626 borum
296 2561 364 2626 baec
382 2562 532 2650 impressa
548 2561 576 2625 ei
592 2559 723 2626 suisset?
742 2559 854 2624 Nonne
870 2583 940 2646 quae
955 2585 1043 2628 nnnc

19 2667 122 2732 eadem
145 2690 163 2732 c
185 2667 316 2731 materia
340 2679 414 2733 sunt
437 2691 522 2742 vasa,
546 2666 658 2732 similia
679 2667 728 2732 his
753 2668 842 2732 reddi
865 2683 996 2759 queant,
1019 2671 1045 2734 si

19 2774 138 2838 eosdem
150 2773 287 2839 artifices
299 2775 545 2840 nanciscantur?
556 2797 662 2839 nonne
674 2774 744 2839 haec
754 2797 824 2861 quae
838 2799 855 2840 a
867 2777 957 2841 vobis
969 2777 1043 2842 ado·

19 2893 132 2956 entur,
149 2884 189 2948 ab
201 2881 384 2946 hominibus
396 2905 468 2947 vasa
484 2881 612 2968 reliquis
624 2881 735 2947 similia
749 2881 818 2947 lieri
830 2905 956 2948 rursum
967 2906 1043 2973 pos·-

21 2989 93 3052 intl
109 2989 221 3054 Nonne
238 2989 332 3053 surda
344 3001 418 3054 sunt
429 2989 558 3053 omnia?
573 3011 678 3054 nonne
694 2989 801 3055 caecal
814 3013 921 3058 nonne
937 2994 1042 3060 inani-

19 3095 81 3158 nai’
92 3117 316 3160 nonnesensus
327 3097 430 3160 omnis
441 3095 714 3183 expertiainonne
723 3097 916 3165 immobilia?
926 3099 1041 3168 Nonne

19 3202 115 3266 »mnia
128 3203 336 3288 putrescunt?
350 3225 457 3268 nonne
468 3204 574 3268 omnia
588 3208 859 3293 corrumpuntur?
874 3209 951 3274 Haec
965 3210 1040 3277 deos

19 3309 140 3384 onmis,
161 3310 210 3374 his
224 3309 358 3384 servitis,
378 3310 447 3376 haec
461 3309 615 3383 adoratis;
639 3323 671 3376 et
690 3314 821 3378 omnino
840 3313 957 3396 similes
976 3317 1041 3384 istis

19 3411 187 3482 eddimini.
208 3417 332 3482 ldcirco
344 3429 418 3482 sunt
429 3418 517 3482 vobis
528 3418 601 3483 odio
616 3419 799 3496 Christiani,
816 3423 968 3509 quoniam
981 3423 1040 3490 bos

19 3551 71 3594 sse
91 3528 170 3593 deos
189 3550 254 3591 non
274 3527 477 3592 arbitrantur.
502 3527 598 3616 Atqui
616 3551 671 3594 vos
694 3531 834 3617 quiesse
854 3533 930 3598 deos
953 3559 1039 3604 nunc

19 3637 201 3712 xistimatis‚
219 3657 324 3700 annon
341 3635 443 3702 multo
454 3638 553 3727 magis
568 3658 663 3726 quam
675 3637 719 3704 illi
731 3643 927 3730 contemptui
942 3644 1039 3714 habe-

19 3745 64 3808 }si'
80 3769 187 3810 annon
203 3743 305 3811 multo
319 3749 418 3836 magis
434 3771 530 3835 qnam
542 3747 600 3826 illi,
612 3750 748 3816 irridetis
763 3764 795 3818 et
811 3753 925 3842 injuria
943 3755 1038 3824 allici-

23 3855 63 3918 εἰ)
79 3855 158 3920 dum
173 3854 311 3942 lapideos
328 3858 457 3946 quidem
470 3871 501 3923 et
516 3871 670 3928 testaceos
681 3865 887 3941 veneramini,
900 3869 1036 3933 custodi-

801 3973 852 4036 50.
