2646 4628
364 353 521 399 ‚maras
544 353 695 402 occasus.
712 315 734 379 '¹-
841 324 849 337 '
1004 347 1064 422 atr

107 434 683 524 Exitlunsvetutadcertutncomitaritur
695 442 825 526 currens

107 572 143 624 At
155 563 295 626 ductabat
306 583 373 624 curu
385 563 542 640 Cyllenius,
554 577 643 642 atque
651 567 786 626 Minerva
798 591 804 626 ι

109 669 202 726 Norat
217 667 295 726 euim
308 685 453 727 erumnas
464 666 564 728 fratris
576 663 724 746 durusque
735 667 860 731 labores.

28 815 158 900 Ecquis,
181 821 300 903 qua'eso,
317 796 363 880 'ox
382 815 418 880 ils
436 811 491 904 qui
514 811 649 906 simplici
672 839 709 882 ac
729 816 833 881 minus
855 815 944 882 vasro
961 816 1068 884 animo

29 935 116 998 sunt,
132 923 221 990 hisce
236 903 379 991 versibus
395 949 459 990 non
475 924 662 1013 abripiatur,
680 925 713 991 in
734 949 834 1013 euque
850 927 890 992 sit
905 927 1068 1016 opinione,

31 1043 65 1096 ut
84 1033 261 1100 Homerum
279 1033 314 1100 in
337 1033 495 1124 ejusmodi
514 1045 703 1124 argumento
722 1036 865 1102 versibus
892 1038 934 1103 ita
961 1036 1075 1106 lusisse¹
1114 1059 1118 1070 ·

29 1143 142 1232 putet?
156 1145 199 1211 At
214 1145 267 1232 qui
282 1143 459 1211 Homericae
475 1133 579 1236 poesis
594 1156 821 1234 argumentum
836 1143 943 1224 callet,
961 1171 1070 1214 versus

29 1253 160 1340 quidem
172 1264 336 1344 agnoscet,
349 1245 515 1321 materiam
527 1266 636 1319 autem
647 1251 896 1346 haudquaquam
908 1270 1070 1345 agnoscet,

28 1373 141 1452 utpote
157 1365 212 1452 qui
230 1375 431 1453 compertum
449 1377 481 1430 ct
499 1361 698 1454 exploratum
717 1365 834 1431 habeat
845 1363 964 1454 aliquid
981 1391 1021 1434 ex
1035 1367 1073 1435 iis

1 1453 2 1486 ³
29 1473 72 1538 de
91 1471 212 1560 Ulysse,
230 1471 350 1563 aliquid
365 1474 405 1538 de
419 1474 490 1564 ipso
505 1473 657 1550 Hercule,
669 1473 789 1564 aliquid
804 1473 843 1541 de
859 1473 999 1555 Priamo,
1019 1475 1074 1544 ali-

1 1671 2 1674 *
27 1581 108 1670 quid
124 1582 164 1647 de
180 1580 323 1648 Menelao
341 1593 373 1648 et
385 1583 626 1672 Agamemnone
645 1582 768 1650 dictum
783 1605 862 1650 esse.
880 1583 954 1668 Quo
971 1585 1020 1664 tit,
1038 1599 1074 1654 ut

26 1692 55 1758 si
70 1715 107 1757 ea
124 1693 307 1769 dimoverit,
326 1715 365 1760 ac
382 1717 441 1759 suo
457 1693 608 1784 quodque
625 1691 708 1760 libro
729 1693 917 1772 reddiderit,
932 1719 1073 1786 praesen-

1 1781 3 1821 Ι
24 1816 96 1868 tem
112 1804 279 1868 materiam
296 1803 335 1868 de
359 1803 466 1870 medio
481 1803 665 1893 'sublaturus
681 1805 732 1868 sit.
755 1803 806 1870 dd
828 1807 980 1874 eumdem
1001 1831 1072 1875 mo-

26 1913 122 1987 dum,
140 1912 195 2000 qui
211 1891 350 1978 veritatis
364 1934 523 1987 normam,
536 1932 634 1999 quam
653 1935 711 2000 per
725 1911 920 2000 baptismum
935 1919 1072 2008 accepit,

0 2047 1 2054 ¹
28 2021 158 2087 firmam
178 2021 211 2085 in
223 2041 256 2085 se
267 2031 363 2109 atque
379 2031 578 2116 constantem
595 2021 723 2096 retinet,
743 2018 895 2088 vocabula
910 2023 1074 2112 quideme

1 2169 2 2188 ι
27 2113 205 2219 Scripturis
217 2129 329 2219 petita,
343 2129 375 2194 et
387 2129 554 2205 dictiones,
568 2141 600 2194 et
613 2127 778 2219 parabolas
791 2146 941 2220 agnoscet
956 2157 964 2200 ι
978 2146 1010 2201 at
1022 2159 1076 2201 no·

27 2239 147 2306 furium
170 2247 203 2304 et
220 2237 355 2328 impium
370 2251 595 2330 argumentum
614 2238 702 2321 haud
722 2253 883 2329 agnoscet.
910 2241 992 2312 Nam
1013 2247 1074 2314 etsi

27 2369 172 2439 gemmas
184 2348 349 2438 agniturus
359 2359 421 2423 est,
434 2349 562 2414 interim
574 2359 681 2414 tamen
689 2346 816 2438 vulpem
828 2361 886 2439 pr'o
899 2354 983 2443 regia
996 2353 1074 2420 ima-

1 2443 3 2458 ’
28 2459 104 2545 gine
125 2479 191 2522 non
216 2457 387 2523 admittet:
409 2479 521 2523 verum
540 2459 595 2525 ubi
615 2457 737 2547 singula
759 2481 961 2550 eorumquae
988 2463 1074 2532 dicta

1 2578 6 2589 ’
27 2575 106 2630 sunt
126 2565 159 2630 in
177 2561 311 2631 classem
326 2585 415 2631 suam
431 2563 587 2642 retulerit,
601 2567 791 2634 actoritatis
806 2572 932 2661 corpori
949 2595 1075 2640 accom-

26 2675 221 2750 modaverit,
247 2675 290 2739 ita
307 2675 438 2740 demum
453 2695 565 2740 eorum
582 2673 771 2766 figmentum
795 2677 934 2770 deteget,
955 2706 993 2749 ac
1012 2683 1074 2749 tale

1 2799 2 2806 ’
25 2805 100 2848 esse
111 2782 270 2858 ostendet,
289 2791 324 2848 ut
339 2782 428 2850 nullo
444 2784 541 2850 modo
557 2785 728 2852 subsistere
744 2798 850 2873 queat.

77 2937 119 3008 3⁰
137 2941 338 3034 Pugnantia
362 2962 492 3011 eorum
514 2936 686 3036 dogmata
711 2941 883 3032 ostendit,
908 2945 1010 3042 quod
1033 2964 1075 3020 ut

24 3045 162 3118 clarius
189 3049 415 3119 demonstret
436 3045 685 3118 ecclesiasticae
705 3047 878 3142 doctriuae
896 3057 1074 3130 unitatem

1 3239 2 3254 χ
25 3157 74 3224 iis
93 3153 300 3250 opponit¹:

74 3309 205 3378 Etenim
219 3305 374 3384 Ecclesia,
386 3309 512 3374 tametsi
527 3326 585 3400 per
602 3312 783 3380 uuiversum
795 3315 908 3382 orbem
920 3321 1073 3406 usquead

24 3434 191 3490 extremos
206 3428 299 3484 terrae
313 3417 394 3486 lines
409 3415 561 3509 disperso,
583 3420 681 3488 iidem
696 3447 767 3490 nm
784 3429 824 3493 ab
842 3428 1001 3519 Apostolis
1014 3453 1073 3499 co-

26 3551 172 3618 rumque
193 3525 355 3618 discipulis
378 3543 555 3619 ncoeptum,
573 3535 872 3622 quaestinonem
891 3535 996 3607 Deum
1012 3537 1073 3609 Pa-

27 3657 117 3709 trem
132 3640 398 3730 omnipotentem,
410 3665 423 3701 ι
433 3641 486 3730 qui
502 3641 578 3708 lecit
592 3642 724 3720 coelum,
736 3658 769 3712 et
780 3658 912 3726 terram,
925 3662 957 3716 et
969 3673 1070 3730 mare,

25 3781 41 3818 ι
56 3760 91 3818 et
103 3750 210 3817 omnio
221 3770 293 3840 qua
309 3750 343 3816 in
353 3749 399 3816 eis
412 3743 525 3825 sunt';
540 3753 761 3832 astinenum
777 3752 889 3826 desum
904 3759 1070 3832 Christum

62 3897 152 3963 ‘Cap
168 3915 193 3949 x.

62 3985 149 4035 'Post
163 4001 237 4046 extr,
249 3987 279 4047 63
296 3989 353 4039 dot.
366 4005 401 4051 rr,
413 3988 454 4048 at,
463 3998 490 4040 et
500 4005 552 4048 aar,
566 3993 603 4040 15.

122 4095 157 4138 u.
