2616 4620
303 343 342 384 ιιι
366 339 564 391 ausonidum
587 339 648 382 era.
675 338 721 380 ιιι.
961 317 1015 377 ι8ι

12 451 64 513 dos
80 447 253 522 oomoediae,
275 458 329 510 aut
347 469 409 512 suae
428 445 621 511 Herodotum
640 457 671 509 et
689 442 907 529 Thucydidem
923 441 1022 506 histo-

12 556 84 619 rim?
99 568 153 620 aut
164 554 372 642 Pythagoram
383 555 484 641 adyta
501 567 532 618 et
548 551 688 618 Herculis
704 550 870 624 columnas,
886 563 940 614 aut
951 550 1023 615 Dio-

12 687 119 750 genem
139 664 248 749 cynica
268 661 485 751 philosophia?
508 661 593 738 Quid
611 661 747 748 Epicuro
768 659 884 747 proluit
903 655 1021 723 nullam

12 794 75 834 esse
88 769 322 856 ‘providentiam
342 770 523 844 decernere,
543 780 597 832 aut
615 765 796 855 Empedocli
816 764 937 831 nullum
955 787 1022 830 esso

12 877 109 940 Deum
126 877 252 952 docere,
268 888 322 941 aut
337 877 457 942 Socrati
473 900 529 964 per
540 899 652 941 canem
667 878 771 962 jurure
786 887 818 939 et
831 893 974 938 auserem
989 883 1021 936 et

11 983 181 1067 platanum,
207 995 239 1048 et
264 981 394 1048 fulmine
416 995 534 1049 tactum
560 981 785 1068 AEsculopium‚
811 993 842 1045 et
868 980 1020 1045 daemonia

11 1113 77 1177 quae
98 1089 148 1155 illo
170 1091 357 1156 invocabat?
378 1090 443 1154 Cur
463 1089 571 1155 libenti
592 1091 696 1154 animo
718 1101 851 1153 mortem
869 1087 1022 1174 oppetiit?

11 1221 105 1284 quam
126 1210 207 1262 sect
227 1197 351 1285 quelem
373 1209 595 1286 postmortem
617 1208 821 1282 accepturum
844 1194 1022 1259 mercedem

11 1307 158 1393 sperans?
173 1306 256 1385 Quid
269 1306 429 1371 Platonem
441 1306 518 1391 juvit
530 1305 667 1369 institute
681 1303 719 1369 ab
732 1326 769 1367 eo
782 1301 955 1390 disciplina,
968 1313 1023 1365 aut

11 1413 85 1499 quid
104 1413 179 1479 alios
197 1413 410 1501 philosophos,
432 1437 470 1478 nc
489 1435 638 1500 magnum
656 1435 767 1476 eorum
788 1433 955 1475 numerum
976 1433 1023 1474 re·

11 1543 166 1594 censeam,
182 1545 244 1586 suae
259 1521 419 1608 opiniones
435 1520 604 1606 juverunt?
620 1521 694 1584 llaec
708 1531 815 1582 autem
828 1517 972 1590 dicimus,
989 1527 1025 1579 ut

11 1651 117 1692 eorum
128 1628 270 1692 inutilem
282 1641 312 1693 et
324 1630 450 1715 impiam
462 1629 556 1692 animi
568 1627 755 1692 seutentiam
766 1625 976 1690 ostendemus.

50 1736 105 1799 lll.
122 1737 163 1812 ,Hi
179 1738 262 1799 enim
278 1759 385 1800 omnes
401 1759 486 1800 vanae
501 1748 532 1799 et
547 1736 645 1800 inanis
662 1733 767 1822 gloriae
782 1732 886 1820 'cupidi
903 1753 962 1796 nec
974 1753 1023 1796 ve-

11 1867 79 1906 rum
99 1844 155 1930 ipsi
176 1845 332 1918 viderunt,
354 1865 413 1907 nec
431 1842 506 1907 elios
527 1842 568 1906 ad
587 1843 749 1906 veritatem
769 1841 960 1910 excitaruut;
986 1861 1024 1901 ex

11 1951 70 2012 ¹suis
83 1951 168 2013 enim
182 1951 320 2036 ipsorum
333 1949 424 2013 dictis
437 1959 624 2036 arguuntur,
637 1960 789 2034 quatenus
801 1946 970 2034 pugnantia
981 1942 1025 2008 lo-

11 2059 100 2142 quuti
119 2068 202 2130 sunt,
225 2079 262 2122 ac
281 2080 334 2120 sua
352 2058 490 2143 ipsorum
510 2056 634 2121 decreta
649 2055 789 2143 plerique
804 2054 1021 2119 dissolverunt.

10 2165 118 2248 Neque
133 2164 216 2228 enim
233 2186 297 2228 sese
310 2164 443 2228 invicem
455 2160 556 2227 solum
571 2173 728 2235 evertunt,
742 2161 797 2226 sed
806 2163 871 2248 jam
882 2160 1024 2226 nonnulli

10 2295 63 2335 sua
80 2273 217 2359 ipsorum
233 2273 358 2338 decreta
374 2273 458 2338 irrita
474 2271 630 2343 lecerunt3
648 2272 690 2334 ito
707 2283 740 2333 ut
756 2293 865 2334 eorum
880 2270 975 2358 glorio
992 2271 1024 2336 in

10 2382 213 2466 ignominiam
232 2394 264 2445 et
279 2381 440 2445 stultitiam
458 2379 613 2446 evaserit:
634 2399 707 2443 uam
723 2379 971 2443 condemnantur
985 2381 1024 2443 ab

10 2489 191 2554 bominibus
207 2487 406 2578 intelligentia
420 2487 566 2576 praeditis.
589 2484 645 2551 Vel
662 2485 747 2565 enim
765 2485 803 2551 dc
824 2486 881 2551 diis
901 2483 1023 2573 loquuti

10 2608 94 2670 suut,
107 2619 146 2662 ac
157 2609 262 2684 postca
275 2594 394 2660 nullum
406 2617 472 2658 csse
483 2595 584 2658 Deum
596 2593 788 2667 docuerunt3
803 2590 851 2657 vel
864 2591 902 2656 de
915 2592 1023 2655 mundi

10 2705 138 2791 origiue,
151 2726 189 2769 ιο
200 2717 359 2792 postremo
369 2726 424 2768 sua
436 2714 546 2791 sponte
558 2714 628 2766 orta
639 2725 705 2767 esse
720 2703 823 2767 omnio
838 2701 1022 2765 docuerunt.

10 2813 94 2890 Quin
118 2813 210 2876 etism
233 2812 272 2876 de
293 2811 485 2899 providentia
508 2811 714 2899 disputantes,
742 2831 848 2873 rursus
870 2807 1024 2871 mundum

10 2919 91 2984 nulla
107 2921 171 3008 regi
187 2921 381 3007 providentia
393 2918 608 2984 decreverunt.
629 2917 738 2997 Quid?
752 2917 865 2982 Annon
879 2915 971 2980 ctiam
985 2914 1023 2979 do

10 3051 134 3092 morum
155 3028 322 3094 honestate
340 3027 475 3094 scribere
497 3027 644 3115 aggressi,
671 3025 786 3112 flagitia
810 3037 843 3090 ct
864 3037 969 3112 stupra
993 3035 1024 3088 et

10 3135 160 3199 sdultcrie
174 3149 297 3223 patrare
312 3136 499 3209 docuerunt,
516 3157 553 3199 ιο
567 3134 749 3198 detestanda
765 3145 796 3198 et
812 3131 943 3197 nefanda
959 3154 1024 3196 sce·
1126 3139 1128 3146 ’

10 3245 71 3308 lera
93 3243 304 3308 induxerunt?
322 3245 369 3310 dc
388 3245 462 3309 deos
480 3245 575 3309 etiam
590 3267 662 3308 suos
681 3241 853 3330 praedicant
871 3241 1026 3329 principes

10 3351 159 3416 exstitisse
169 3351 200 3414 in
211 3350 344 3417 infandis
355 3349 476 3440 llagitiis
489 3373 555 3415 sese
566 3349 738 3424 volutandi,
750 3361 781 3412 et
793 3349 825 3412 in
839 3345 1026 3411 detestandis

10 3457 86 3522 :ibis
98 3455 254 3545 epulandi.
274 3457 352 3536 Quis
367 3459 451 3522 euim
463 3481 526 3523 non
539 3458 623 3522 canit
636 3455 806 3522 Saturnum
822 3453 958 3519 liliorum
973 3477 1026 3518 vo-

10 3577 157 3638 ratorem,
172 3577 228 3629 aut
242 3565 352 3631 lovem
364 3565 432 3650 ejus
445 3563 544 3629 filium
560 3563 656 3627 Metiri
668 3565 902 3634 absorbentem,
915 3569 946 3624 et
962 3583 1025 3625 sce·

10 3677 102 3738 lerata
111 3675 250 3739 convivia
260 3673 317 3739 diis
326 3683 547 3763 apponentem,
560 3673 591 3736 in
600 3671 713 3759 quibus
722 3666 899 3736 Vulcanum
912 3689 1024 3755 quam-

10 3783 81 3846 dum
89 3779 236 3850 claudum
244 3795 276 3848 et
284 3781 580 3871 fabrumperbibent
589 3778 648 3844 illis
657 3778 851 3850 ministroree
864 3777 1022 3842 lunonem

10 3901 113 3956 nutem
131 3893 288 3981 propriam
307 3892 401 3980 ipsius
417 3913 556 3958 sororem
571 3911 645 3958 cum
660 3911 697 3954 eo
713 3909 774 3953 non
793 3885 895 3952 solum
913 3883 1023 3951 matri-
