2646 4628
405 303 525 348 ceurae
548 303 694 348 uniusne.
991 279 1049 366 257

51 435 119 478 eum
138 413 192 500 qui
217 412 250 476 in
279 409 398 476 mundo
419 409 495 476 latet
519 421 715 498 erupturum,
737 408 939 496 coniectaque
966 409 1050 474 omni

50 520 187 594 materia,
203 519 320 584 mundo
336 516 428 582 simul
439 528 471 581 et
485 515 612 583 ludicrae
626 517 700 583 huic
714 515 1001 584 Valentinianorum
1011 515 1054 578 la-

49 626 127 692 bulae
141 627 237 693 linem
254 626 482 715 impositurum.

97 807 129 870 2⁰
142 799 265 898 Carpit
287 823 412 870 eorum
427 813 614 895 corruptos
626 794 765 868 mores¹
782 823 790 865 ε

91 941 285 1010 Animalibus
310 942 478 1032 disciplinis
500 942 612 1006 imbuti
633 955 705 1007 sunt
727 938 874 1005 animales
899 938 1054 1012 homines,

47 1050 101 1137 qui
121 1073 176 1138 per
196 1073 289 1138 opera
312 1061 344 1115 et
375 1050 491 1117 nudam
516 1050 611 1114 fidem
638 1048 876 1120 confirmantur,
903 1070 962 1112 neo
984 1069 1056 1134 per·

45 1158 126 1223 lecta
148 1159 324 1246 cognitione
351 1159 470 1247 praediti
494 1171 575 1224 suut.
601 1156 717 1236 Quales
739 1178 809 1230 nos,
833 1156 886 1241 qui
910 1154 1056 1220 Ecclesiae

46 1262 142 1329 fidem
156 1265 352 1353 profitemur,
370 1289 436 1332 esse
451 1267 549 1332 aiunt.
567 1268 691 1354 Exque
707 1265 801 1328 etiarn
816 1264 905 1328 nohis
925 1263 987 1328 hoc
1004 1286 1057 1328 ne-

46 1373 133 1438 cesse
159 1395 225 1438 esse
246 1375 461 1462 pronuntiant,
485 1388 520 1439 ut
541 1376 654 1462 probas
676 1374 814 1439 actiones
836 1371 1053 1444 adhibeamus;

46 1502 107 1544 nec
129 1479 213 1544 enim
235 1477 349 1568 alioqui
366 1482 433 1547 lieri
452 1493 592 1570 possent
612 1479 743 1547 salutem
762 1499 999 1566 consequamur.
1018 1479 1060 1545 At

45 1609 79 1650 se
95 1610 158 1652 non
172 1611 228 1676 per
245 1589 412 1664 actionem,
429 1589 484 1654 sed
498 1590 584 1678 quod
598 1599 710 1654 natura
725 1586 898 1675 spirituales
909 1588 983 1660 sint,
997 1608 1060 1650 orn-

45 1692 121 1756 nino
137 1716 174 1758 ac
184 1694 250 1759 sine
267 1693 327 1759 ulla
340 1695 533 1760 dubitatione
548 1693 647 1760 salvos
662 1694 728 1759 fore
744 1694 910 1758 affirmant.
926 1693 966 1758 Ut
976 1693 1061 1758 eninr

45 1800 187 1888 hylicum
195 1801 282 1868 nullo
294 1804 388 1869 modo
397 1803 503 1869 salutis
510 1805 665 1891 particeps
673 1827 739 1868 esse
751 1825 840 1898 posse
849 1802 969 1876 dicunt,
978 1802 1062 1890 quod
1132 1821 1140 1836 ·

45 1909 116 1995 ejus
132 1931 230 1998 capax
244 1911 373 1975 minime
388 1911 446 1975 sit:
469 1911 513 1976 sic
529 1933 635 1976 rursus
654 1908 812 1998 spirituale
834 1909 937 1995 (quod
952 1909 1009 1997 ipsi
1030 1931 1063 1974 se

44 2039 115 2080 esse
130 2014 259 2103 volunt)
278 2040 313 2080 ea
327 2017 506 2084 conditione
516 2041 595 2091 esse,
612 2017 747 2082 utnulla
761 2039 888 2105 prorsus
905 2017 999 2082 modo
1013 2017 1063 2080 in-

45 2125 178 2188 teritum
188 2135 282 2212 atque
293 2126 527 2215 corruptionem
541 2127 680 2214 recipere
690 2139 796 2215 queat,
812 2126 1063 2215 quibuscumque

44 2231 177 2296 tandem
192 2228 224 2296 in
241 2231 364 2321 flagitiis
380 2231 610 2320 sceleribusque
625 2247 773 2300 versetur.
790 2232 1063 2311 Quemadmodum

46 2337 135 2402 enim
151 2361 263 2404 aurum
276 2339 310 2404 in
325 2362 416 2406 coeno
431 2341 579 2428 positum,
595 2338 862 2428 pulchritudinem
876 2362 965 2403 suam
980 2339 1064 2404 haud

44 2445 181 2530 proinde
196 2445 323 2520 amittit,
342 2468 451 2510 verum
474 2458 617 2510 naturam
633 2467 722 2508 sunm
743 2442 932 2532 incolumem
950 2457 1062 2519 servat,

35 2567 110 2634 mec
125 2551 304 2617 detrimenti
321 2553 490 2640 quidquam
504 2553 532 2616 ei
552 2541 674 2618 ncoeno
691 2551 794 2617 afferri
810 2563 932 2639 potest:
951 2552 1063 2616 eodem

41 2657 143 2723 modo
159 2681 226 2724 sese
241 2682 379 2746 quoque,
397 2658 588 2745 quibuslibet
600 2660 727 2725 tandem
744 2659 775 2724 in
793 2657 1005 2724 materialibus
1016 2681 1066 2725 ac-

41 2765 184 2829 tionibus
201 2779 374 2840 versentur,
391 2764 467 2832 nihil
483 2766 557 2832 hino
573 2763 655 2841 laedi,
667 2789 726 2832 nec
742 2765 907 2854 spiritualis
923 2767 1063 2831 essentiae

40 2874 201 2960 jacturam
216 2873 329 2938 lacere.

93 2980 167 3058 Quo
182 2980 275 3044 etiam
293 2980 341 3054 fit,
360 2993 522 3044 uteorum
537 2979 754 3067 perfectissimi
771 2980 885 3066 quique
910 2982 1012 3046 omnia
1030 3001 1067 3045 ea

40 3111 118 3174 quae
141 3085 217 3173 legis
243 3087 408 3151 interdicto
431 3087 649 3173 prohibentur,
672 3098 704 3150 et
733 3086 771 3150 de
796 3087 909 3173 quibus
934 3088 1067 3153 affirmat

38 3193 224 3280 Scriptura,
249 3191 364 3278 quod«
385 3193 438 3279 qui
457 3193 526 3258 haec
539 3191 658 3258 faciunt
673 3193 761 3280 regni
782 3192 839 3258 Dei
855 3195 1067 3260 hereditatem

37 3333 53 3365 a
73 3299 206 3366 minime
224 3299 488 3386 consequentur²,
499 3327 511 3360 ι
524 3300 590 3364 siue
608 3297 670 3364 ullo
682 3311 769 3366 metu
783 3313 973 3391 perpetrent.
989 3301 1068 3368 Nam

37 3423 75 3475 et
88 3431 126 3474 ea
144 3430 214 3496 quae
230 3407 320 3473 idolis
335 3407 493 3474 immolata
509 3419 593 3483 sunt,
612 3407 709 3474 libere
730 3432 768 3476 ac
788 3411 853 3475 aine
877 3410 941 3475 ullo
964 3411 1068 3475 discri-

36 3517 134 3584 mine
149 3517 261 3590 edunt,
277 3537 337 3581 noc
351 3516 387 3581 iis
400 3516 554 3606 inquinari
570 3539 604 3581 se
614 3517 806 3583 arbitrantur
820 3541 827 3582 :
842 3530 936 3607 utque
948 3519 987 3583 ad
998 3541 1069 3582 om-

40 3628 99 3694 nia
116 3624 288 3692 Gentilium
303 3624 379 3690 festa
395 3636 427 3692 et
442 3623 671 3694 oblectamenta
688 3647 756 3714 que
771 3626 811 3691 ad
833 3613 988 3694 idolorum
1007 3626 1066 3692 ho-

76 3773 87 3806 ¹
98 3772 163 3838 Gap.
176 3788 212 3832 rr,
224 3787 251 3822 n.
265 3781 312 3821 aet
323 3787 393 3837 seqq.

76 3856 154 3906 ²Gal.
170 3873 193 3918 r,
207 3872 244 3906 ar.
