2646 4596
623 11 632 47 Ι

49 245 51 250 ’
159 247 170 281 h

250 269 401 312 ursaceus
424 269 487 314 cua
510 269 671 315 rnrrnorn
694 271 808 314 aureo.
977 254 1041 336 lap

35 377 79 440 sad
95 375 201 450 etiam,
223 373 317 440 blesis
338 397 503 442 successor
524 375 636 452 lactus,
660 374 745 442 solus
767 399 806 441 ex
819 373 990 462 aequalibus
1005 380 1044 444 ab

35 483 157 570 AEgypto
172 481 319 570 profectis
339 484 542 570 superstitem
556 483 710 572 populum
725 485 759 548 in
772 495 890 550 terram
905 498 1046 551 sanctam

35 590 206 660 introduxits
225 579 494 678 quamadmodum
507 615 572 658 non
582 590 696 665 Moses,
712 591 836 658 sadiste
846 591 1001 680 populum
1012 594 1045 658 in

37 711 142 762 terram
154 709 293 763 sanctam
307 699 495 773 introduxit,
510 721 643 786 eamque
663 699 699 764 iis
721 699 774 786 qui
790 722 898 766 secum
916 700 1046 788 ingressi

40 804 163 880 lucrant,
178 818 256 869 sorte
271 805 451 870 distribuit:
474 806 520 871 sic
539 817 572 870 et
590 805 682 871 lesus
698 806 923 894 dispersionem
938 805 1048 895 populi

44 923 202 986 convertet,
216 933 250 976 ac
264 925 383 977 terram
397 914 513 978 bonam
524 913 640 998 cuique
652 913 782 988 diridet,
799 937 863 978 nou
878 927 985 980 tamen
996 939 1047 980 co·

46 1018 111 1082 dem
124 1017 220 1082 modo.
238 1014 294 1081 llle
305 1019 393 1082 enim
406 1018 629 1105 temporariam
643 1017 731 1082 dedit
745 1017 805 1083 illis
819 1019 1047 1096 hereditatem,

46 1135 141 1210 utpote
152 1125 204 1210 qui
218 1146 278 1188 nec
293 1123 437 1188 Christus
451 1123 548 1199 Deus,
565 1145 625 1188 nec
638 1123 697 1188 Dei
713 1136 782 1186 erat
795 1123 820 1188 F
823 1122 903 1189 ilius.
920 1125 981 1190 Hic
995 1149 1048 1190 au·

44 1243 102 1294 tom
117 1243 184 1320 past
200 1243 338 1296 sanctam
353 1229 630 1304 resurrectionem,
649 1240 801 1294 aeternam
820 1231 911 1294 nobis
925 1253 1049 1318 posses-

46 1341 157 1404 sionem
170 1339 264 1402 dabit.
282 1335 383 1402 Solem
398 1335 450 1400 ille
463 1335 538 1402 fecit
553 1348 647 1410 stare,
664 1359 739 1402 cum
752 1337 839 1423 prius
855 1336 931 1402 lesu
946 1335 1050 1426 appel·

45 1444 151 1508 latione
169 1443 402 1530 cognominatus
422 1443 542 1517 luisset,
564 1453 658 1531 atque
678 1443 718 1506 ab
740 1444 809 1530 ejus
830 1442 949 1530 Spiritu
971 1443 1051 1509 vires

44 1551 209 1639 accepisset.
240 1551 349 1616 «lesum
371 1552 456 1616 enim
478 1551 582 1637 ipsum
604 1548 693 1614 illum
714 1549 809 1615 fuisse
831 1552 885 1638 qui
910 1550 989 1615 blasi
1018 1564 1050 1616 et

47 1659 163 1724 Abrabae
182 1671 214 1723 et
231 1657 300 1722 aliis
317 1658 464 1723 omnibus
478 1656 667 1722 Patriarchis
686 1655 768 1722 risus
786 1668 847 1732 est,
867 1670 900 1722 et
917 1659 1053 1724 cumeis

48 1765 240 1854 colloquutus,
263 1788 339 1832 cum
360 1765 460 1830 Patris
480 1763 632 1830 voluntati
654 1764 858 1838 ministraret,
879 1766 944 1852 jam
964 1788 981 1829 a
1001 1789 1053 1832 me
1103 1817 1109 1824 .

51 1872 280 1937 demonstratum
291 1883 353 1944 est;
370 1871 424 1958 qui
435 1881 467 1936 et
478 1870 603 1936 advenit
617 1882 652 1934 ut
666 1869 762 1934 homo
775 1869 866 1936 lieret
880 1893 919 1935 cx
933 1871 1053 1959 virgine

54 1980 148 2054 blaria,
163 2004 196 2046 nc
209 2004 334 2068 semper
349 1991 407 2046 est.
429 1981 489 2046 llic
504 1979 555 2046 illa
570 1993 618 2046 est
633 1992 705 2068 post
720 2003 815 2069 quem
829 1979 922 2044 Pater
937 1979 1053 2046 coelum

57 2100 85 2150 ot
99 2100 199 2154 terram
212 2102 242 2154 et
257 2113 315 2178 per
330 2111 426 2177 mem
441 2101 648 2154 renovaturus
663 2101 731 2154 est:
753 2087 807 2153 hic
821 2085 872 2152 ille
888 2100 935 2152 est
952 2090 1006 2175 qui
1022 2091 1053 2155 in

54 2193 206 2261 Jerusalem
220 2210 373 2262 aeteruum
389 2195 496 2262 lumen
511 2197 664 2285 fulgebit:
681 2195 735 2262 hic
749 2193 801 2260 ille
816 2206 864 2262 est
879 2197 1054 2262 secundum

54 2301 180 2368 ordinem
193 2303 424 2370 Melchisedech
439 2327 494 2368 rex
510 2303 628 2379 Salem,
642 2316 674 2368 et
689 2315 824 2368 aternus
839 2302 989 2369 Altissimi
1004 2328 1055 2369 sa·

55 2411 161 2476 crrdos.
177 2411 298 2477 Dicitur
317 2411 368 2477 ille
392 2412 523 2496 (lasne)
545 2409 683 2480 secunda
699 2411 937 2478 circumcisione
952 2435 1057 2501 popu-

58 2513 118 2580 lum
128 2517 245 2605 lapideis
261 2519 372 2585 cultris
386 2521 620 2586 circumcidisse
643 2519 746 2606 (quod
760 2520 888 2609 quidem
903 2519 1058 2606 praedica-

58 2623 97 2684 tio
109 2623 162 2688 suit
175 2625 419 2692 circumcisionis
434 2626 529 2702 illius,
545 2650 606 2713 qua
621 2649 678 2691 nos
694 2627 758 2713 ipsa
773 2626 865 2692 lasus
880 2625 1025 2690 Christus
1040 2647 1057 2687 a

56 2727 195 2816 lapidibus
216 2745 247 2798 et
266 2731 334 2798 aliis
352 2732 527 2800 simulacris
546 2733 780 2822 circumcidit),
801 2755 839 2798 ac
857 2754 985 2798 acervos
1005 2753 1061 2794 eo-

58 2860 121 2900 rum
136 2839 299 2905 cumulasse
316 2841 370 2926 qui
386 2864 403 2904 a
417 2841 583 2928 praeputio,
599 2841 704 2915 idest,
723 2841 762 2905 ab
781 2862 888 2905 errore
902 2839 1012 2906 mundi
1029 2839 1062 2904 in

60 2947 138 3008 omni
149 2945 212 3014 loco
226 2947 354 3036 lapideis
372 2945 492 3024 cultris,
513 2947 589 3012 lesu
604 2947 731 3012 Domini
750 2947 848 3012 nostri
867 2946 981 3020 verbis,
998 2945 1062 3010 cir-

66 3055 180 3118 cumcisi
193 3069 267 3122 sunt.
289 3057 444 3143 Lapidem
458 3055 544 3122 euim
564 3068 597 3120 et
614 3068 737 3143 petram
755 3056 788 3120 in
807 3052 1061 3120 similitudinibus

71 3157 235 3228 (ibristnma
248 3163 414 3253 Prophetis
431 3165 536 3228 vocari
552 3165 617 3250 jam
633 3186 651 3227 a
668 3186 719 3227 me
736 3164 985 3228 demonstratum
1000 3171 1058 3224 est.
1073 3165 1080 3188 ¹

69 3263 204 3352 Lapidaos
213 3271 297 3359 igitur
309 3269 427 3338 cultros
439 3274 534 3338 rerba
546 3273 615 3359 ejus
626 3269 848 3358 intelligemus,
863 3293 920 3358 per
935 3291 1004 3358 quac
1016 3278 1065 3332 tot

65 3396 81 3436 a
97 3378 230 3464 preputio
243 3380 400 3456 hominos,
416 3381 517 3466 quiin
532 3381 869 3452 erroreversabantur,
886 3377 990 3444 cordis
1006 3377 1063 3440 cir·
1123 3461 1125 3466 Ι

64 3485 236 3551 cumcisiona
253 3489 433 3554 circumcisi
451 3500 539 3560 sunts
562 3511 623 3575 qua
642 3488 770 3574 quidem
788 3499 824 3551 ut
842 3487 863 3550 ii
885 3486 979 3550 etiam
998 3483 1062 3548 cir-

65 3593 299 3660 cumciderentur
317 3595 370 3682 qui
387 3594 658 3660 circumcisionem
679 3595 719 3660 ab
739 3593 917 3660 Abrahamo
938 3591 1062 3659 initium

66 3695 214 3764 ducentem
229 3703 401 3777 habebant,
416 3702 481 3790 jam
492 3713 561 3792 tum
572 3701 657 3766 Deus
667 3724 724 3802 pop
737 3700 846 3766 lesum
858 3700 1058 3769 hortabatur;

66 3805 168 3896 quippe
181 3833 249 3878 curu
260 3835 313 3876 eos
330 3812 382 3901 qui
402 3812 434 3875 in
450 3822 590 3878 sanctam
607 3809 691 3877 illam
707 3821 823 3876 terram
845 3808 1064 3896 ingredieban-
