2688 4626
505 241 640 290 usuris.
1028 219 1084 286 155

6 371 133 422 mus
155 349 320 422 diversus
337 345 529 420 habendus
547 362 601 417 est
617 369 648 416 a·
659 345 917 436 Confutation'e'
930 369 1088 442 quoram·

6 453 138 526 clam
166 454 368 528 Aristoteles
390 453 619 550 dogmotwn,
644 475 725 548 quae
745 465 861 523 exstat
878 453 917 520 in
938 449 1091 522 editione
1145 487 1148 492 ·

6 563 77 628 D.
105 557 284 649 Marand,
304 576 342 632 et
358 564 455 632 inter
470 562 595 657 spuria
611 561 743 629 merito
765 559 938 654 rejicitur.
958 556 1093 628 Eodem

6 663 135 739 loco
146 683 189 739 et
194 666 334 764 judicio
347 681 419 738 stat
426 663 652 763 Epistolaod
659 669 795 735 Zenem
808 680 844 735 et
852 669 1036 750 Serenum,
1048 661 1094 732 de

6 773 125 844 vita
145 776 319 858 ascetica,
335 795 432 869 quse,
447 768 613 840 Heraclio
637 786 829 866 regnante,
849 768 1092 842 verisimiliter

6 880 197 976 scripta
213 893 267 950 est
280 902 300 949 a
312 879 451 948 Iustino
465 872 616 960 abbate;
630 877 819 971 Eoposr'oo
834 891 942 946 rectae
955 875 1090 963 corfiss-

6 989 184 1070 sionis,
210 983 380 1056 adversus
396 984 563 1066 Arianos,
589 983 822 1052 Nestorianos
845 994 882 1050 et
898 978 1090 1076 Eutychia-

6 1113 130 1175 nos,
145 1113 231 1186 quae
242 1102 362 1187 potest
380 1109 455 1158 esse
468 1088 613 1169 tustini,
629 1089 789 1185 episcopi
805 1090 841 1156 in
857 1085 992 1174 Sicilia,
1009 1107 1088 1156 anc-

11 1186 371 1291 torisEpistolaead
379 1195 523 1262 Petrum
532 1189 1088 1287 Fullonem,opussatisnitidum

18 1313 77 1367 et
101 1298 353 1386 lucidentum;
377 1295 631 1395 desponsiones
650 1298 702 1368 ad
714 1297 932 1368 orthodoxos
952 1298 999 1368 de
1020 1297 1088 1383 146

17 1403 321 1498 quaestionibus,
342 1429 423 1502 quae
437 1406 623 1501 pertinent
643 1401 689 1473 ad
704 1407 726 1487 4
740 1403 798 1473 vel
815 1402 835 1475 5
853 1401 1035 1488 saecnlum,
1053 1415 1089 1474 et

21 1512 249 1584 continent
273 1508 417 1582 sabellii
435 1523 473 1579 et
489 1511 565 1578 Arii
584 1508 769 1606 repulsam
787 1507 966 1580 eruditam
985 1522 1021 1579 et
1038 1511 1091 1576 in·

19 1617 259 1706 gestuosam,
282 1638 356 1685 non
383 1628 505 1684 tamen
532 1611 610 1683 sine
638 1612 838 1707 Pelagianis
862 1611 1029 1697 maculis,
1055 1623 1091 1680 et

21 1715 224 1791 fortassis
246 1717 516 1790 Theodoretum
541 1731 729 1788 auctorem
752 1715 907 1802 hahent;
933 1718 1095 1811 Quinque

24 1827 276 1918 quaestiones
307 1821 359 1891 od
388 1825 549 1904 Graecos,
576 1825 759 1918 Responsa
788 1837 824 1890 et
853 1841 1093 1916 responsorum

31 1930 339 2019 confiscationes,
353 1931 608 2022 Respomiones
628 1925 684 1994 od
697 1925 871 2022 quasdam
886 1931 1094 2020 questiones
1136 1960 1144 1968 ·

33 2038 295 2118 Graecorum,
321 2031 455 2129 quihus
475 2033 644 2126 assignari
663 2055 737 2102 non
758 2045 876 2128 potest
898 2047 1034 2119 auctor,
1056 2045 1092 2101 et

31 2131 238 2231 quiddam
260 2135 421 2232 paritatis
444 2130 565 2228 quoad
583 2133 796 2207 methodum
815 2149 852 2206 et
866 2136 1000 2231 stylum
1017 2159 1091 2232 prae

35 2263 88 2308 se
121 2237 249 2310 fersmt
275 2236 629 2326 eumCorfirtotrone
650 2235 848 2312 Aristoteles
866 2235 912 2310 de
934 2262 1010 2335 qua
1032 2263 1087 2309 su·

39 2349 195 2442 perlue.
299 2395 300 2400 κ

110 2457 169 2523 De
190 2451 319 2539 horum
339 2477 494 2552 operum
517 2456 770 2552 suppositione
792 2477 919 2526 omnes
941 2477 1088 2526 consen·

47 2558 331 2653 tiuut;quidam
341 2574 464 2631 tamen
474 2557 697 2632 dubitantan
713 2565 964 2632 Hexoemeron
977 2572 1016 2630 et
1025 2556 1090 2628 lib.

45 2660 106 2731 de
117 2666 380 2736 Resurrectione
394 2681 492 2738 recte
506 2669 541 2736 S.
556 2667 698 2736 Iustino
712 2665 849 2737 tributa
861 2663 1016 2749 fuerint3
1029 2659 1092 2732 sed

47 2771 163 2864 parvi
179 2768 302 2858 refert,
327 2795 412 2842 cum
435 2773 509 2844 sint
531 2767 737 2867 deperdita,
762 2785 890 2868 praeter
907 2766 1090 2864 quoddam

44 2875 271 2970 posterioris
287 2873 532 2973 fragmentum
550 2875 833 2974 longiusculum.

106 2980 284 3068 Quamvis
299 2995 423 3052 autem
438 2979 484 3052 de
502 2981 666 3052 Ecclesiae
680 2983 858 3074 mysteriis
871 2986 955 3052 satis
969 3004 1089 3051 accur·

46 3099 141 3156 rate
157 3083 341 3178 loquatur,
355 3111 431 3158 non
450 3083 582 3158 desunt
598 3102 719 3158 minen
737 3089 907 3158 inusitata
923 3085 1091 3183 'quaedam

46 3186 197 3274 verba,
227 3204 354 3286 utpote
374 3215 454 3286 quae
483 3217 504 3262 a
528 3191 760 3290 philosophia
781 3191 996 3290 deprompta
1016 3190 1092 3266 lue·

50 3302 158 3384 rint,
183 3299 259 3366 imo
282 3311 318 3368 et
343 3321 480 3369 errores
502 3298 651 3395 quidam
674 3304 768 3370 circa
796 3299 1010 3394 angelorum
1029 3300 1093 3370 dae·

53 3427 297 3500 monumque
314 3417 496 3485 naturam,
511 3427 651 3475 necnon
665 3407 762 3474 cirea
773 3425 866 3474 vana
877 3402 1093 3476 Millenon'o·

56 3517 316 3598 ruminventa,
327 3505 463 3606 quihus
472 3507 560 3578 falso
569 3509 716 3580 delusus
728 3509 879 3578 nimium
889 3507 1090 3584 inherebat.

59 3626 150 3694 Non
163 3613 397 3690 obstantibus
417 3628 537 3686 autem
556 3613 629 3685 illis
642 3617 745 3710 quasi
759 3619 976 3705 necessariis,
995 3643 1090 3691 non-

62 3722 154 3794 dum
169 3719 315 3793 evoluta
330 3716 422 3810 fide,
440 3717 639 3814 levioribus
659 3715 810 3808 mendis,
830 3743 937 3792 nemo
950 3736 1004 3794 est
1018 3728 1090 3796 sive

63 3829 164 3928 apud
178 3828 364 3923 antiquos,
381 3828 454 3899 sive
469 3824 566 3926 apud
582 3827 814 3914 recentiores,
833 3829 896 3923 qui
915 3851 989 3898 non
1007 3843 1105 3902 tan-.
