2492 4632
322 348 445 400 coarat
469 343 620 398 sannaus.
662 336 666 347 ’
922 321 987 404 425

26 447 177 546 Deum,
190 471 223 527 et
231 461 408 528 emundans
420 459 572 550 leprosos,
586 457 729 526 infirmos
741 477 869 531 curans,
881 454 991 543 etipse

26 565 98 658 ins,
126 571 179 638 uti
198 569 359 637 exsiliatus
374 570 472 637 borno
486 569 584 635 exiret
604 568 644 634 de
656 565 936 643 condemnatione,
957 575 990 632 et

26 667 176 748 ‘teretur
185 680 342 770 intrepide
357 680 398 745 ad
413 701 503 745 suam
517 678 744 745 hereditatem.

64 791 138 859 Sed
155 805 191 858 et
200 791 375 858 esurientes
386 791 531 880 accipere
547 790 683 856 sabbatis
695 805 851 856 escamex
861 787 911 854 bis
922 805 994 876 quae

26 905 162 981 tebant,
186 925 252 970 non
269 903 395 968 vetabat
415 899 481 968 Lex
497 921 505 964 ε
524 910 644 966 metere
666 911 773 966 autem
795 909 828 964 at
845 894 995 986 colligere

26 1037 168 1080 orreum
189 1013 326 1080 vetabat.
348 1013 389 1079 Et
405 1011 476 1078 ideo
496 1011 651 1078 Dominus
666 1010 715 1077 his
735 1010 789 1097 qui
807 1009 996 1076 incusabant

26 1122 130 1212 pulos
155 1124 240 1211 ejus,
263 1121 415 1211 quoniam
438 1117 588 1186 vellentes
615 1118 716 1208 spicas
745 1117 993 1192 manducabant,

40 1253 50 1295 a
77 1229 183 1297 «Nec
206 1230 269 1297 boc
290 1226 407 1320 legistis
428 1228 516 1316 quod
532 1227 608 1294 lecit
622 1227 725 1293 David
745 1248 819 1294 cum
835 1227 995 1302 esurisset,

25 1335 261 1404 emadmodum
276 1337 416 1404 introivit
430 1335 463 1402 in
478 1337 611 1403 domum
626 1337 698 1413 Dei,
715 1327 748 1401 et
766 1359 862 1425 panes
879 1359 997 1427 propo-

25 1449 106 1515 ionis
119 1447 337 1524 manducavit,
356 1461 389 1514 et
410 1446 498 1515 dedit
515 1447 628 1534 eisqui
644 1467 720 1513 cum
736 1467 776 1511 eo
792 1457 897 1520 erant;
916 1463 995 1533 quos

25 1583 48 1625 n
73 1557 197 1625 licebat
215 1558 422 1635 manducare,
445 1557 506 1624 nisi
527 1555 601 1623 solis
620 1555 839 1650 sacerdotibus
862 1553 896 1620 ‘i'
911 1584 925 1619 s
942 1578 999 1644 per

24 1671 50 1735 is
70 1670 174 1736 verba
193 1692 267 1736 suos
284 1666 455 1758 discipulos
470 1689 638 1743 excusans,
655 1677 688 1731 et
705 1664 885 1755 significans
903 1662 1000 1730 licere

25 1777 184 1844 rdotibus
207 1773 307 1843 libere
336 1799 439 1867 agere.
472 1775 630 1842 Sacerdos
653 1781 760 1840 autem
782 1773 880 1840 scitus
898 1771 1002 1838 luerat

25 1887 65 1952 id
76 1885 166 1975 apud
176 1885 294 1961 Deum,
311 1885 454 1974 quamvis
468 1882 545 1950 Saiil
556 1882 812 1974 persecutionem
825 1883 944 1949 laceret
957 1881 998 1948 ei.

26 2018 84 2062 nes
107 1994 195 2060 enim
214 1995 290 2083 justi
311 1991 540 2061 sacerdotalem
562 1993 683 2060 habent
704 1992 860 2058 ordinem.
886 1990 1001 2058 Sacer-

25 2129 54 2172 es
73 2117 182 2172 autem
194 2114 390 2172 suntomnes
401 2103 529 2169 Domini
541 2101 697 2191 Apostoli,
714 2103 768 2191 qui
786 2125 890 2192 nequo
910 2125 1001 2192 egros

24 2239 69 2306 ue
84 2214 196 2282 domos
212 2213 401 2281 haereditant
411 2213 478 2289 bic,
494 2213 551 2280 sed
562 2235 687 2301 semper
702 2212 793 2279 altari
808 2225 841 2278 et
855 2213 921 2278 Deo
933 2235 1002 2278 ser-

24 2338 66 2392 nt.
88 2326 136 2394 De
149 2325 267 2415 quibus
281 2335 313 2391 et
330 2323 454 2413 Moyses
470 2323 502 2389 in
523 2322 783 2401 Deuteronomio,
801 2324 834 2389 in
848 2322 1002 2390 benedic-

24 2459 55 2503 re
76 2435 151 2502 Levi
171 2435 236 2501 ait:
254 2432 343 2514 «Qui
365 2434 442 2501 dicit
461 2434 543 2523 patri
573 2455 631 2499 suo
657 2444 690 2498 et
707 2433 800 2499 matri
819 2455 907 2499 suae:
931 2432 1002 2499 Non

24 2543 71 2610 ovi
89 2555 138 2616 tes
158 2552 191 2608 et
207 2539 320 2607 fratres
339 2563 412 2607 suos
430 2563 495 2607 non
514 2540 654 2631 agnovit,
674 2552 707 2605 et
724 2539 806 2606 lilios
825 2533 899 2606 subs
915 2540 1002 2607 abdi-

24 2653 109 2718 avit:
134 2650 302 2719 custodivit
321 2661 480 2741 praecepta
504 2661 570 2727 tua,
599 2660 631 2716 et
657 2661 884 2716 testamentum
909 2659 1003 2715 tuum

24 2747 188 2853 arverius.»
210 2761 274 2844 Qui
289 2772 398 2828 autem
417 2773 491 2828 sunt
506 2761 562 2850 qui
581 2757 818 2847 dereliquerunt
833 2769 957 2848 patrem
970 2773 1004 2827 et

28 2886 119 2947 trem,
134 2883 166 2937 et
180 2872 328 2937 omnibus
341 2871 490 2958 proximis
503 2868 778 2943 renuntiaverunt,
794 2881 926 2957 propter
936 2892 1003 2935 ver-

24 3003 53 3046 m
69 2977 126 3043 Dei
142 2998 173 3043 et
190 2989 416 3046 testamentum
435 2979 518 3066 ejus,
538 2977 598 3043 nisi
616 2975 764 3065 discipuli
780 2977 932 3044 Domini?
953 2977 1002 3044 De

24 3088 90 3152 ibus
103 3085 215 3150 iterum
230 3085 353 3174 Moyses
368 3109 376 3150 ε
394 3085 590 3152 alloereditas
602 3097 721 3162 eutem,
739 3086 853 3175 inquit,
865 3110 930 3154 non
942 3089 1003 3154 erit
1106 3121 1110 3132 ·

24 3195 63 3260 is.
79 3191 227 3258 Dominus
238 3193 325 3259 onim
339 3194 405 3285 ipse
416 3193 583 3261 hereditas
595 3195 736 3284 ipsorum
745 3194 767 3261 ¹.
782 3224 796 3259 ι
810 3197 850 3262 Et
861 3197 998 3264 iterum:

24 3303 84 3371 lon
97 3302 154 3367 erit
167 3303 384 3370 sacerdotibus
400 3303 517 3374 Levitis
532 3305 565 3371 in
579 3316 644 3371 tota
661 3307 747 3374 tribu
761 3306 837 3373 Levi
848 3330 933 3397 pars,
950 3331 1003 3374 ne-
1019 3389 1024 3406 ·
1107 3340 1114 3354 ·

24 3435 72 3502 pue
89 3411 253 3478 substantia
273 3434 348 3478 cum
366 3410 463 3479 lsrael
480 3436 488 3478 τ
509 3412 768 3482 fructificationes
784 3414 912 3483 Domini
926 3418 1003 3483 aub-

24 3521 128 3588 ¹‚tantiae
140 3543 249 3588 eorum
255 3545 265 3596 ς
283 3524 524 3592 manducabunt
535 3545 587 3589 eas
597 3522 619 3588 ⁴.
635 3522 795 3614 »Propter
810 3525 872 3592 hoe
883 3521 915 3592 e't
925 3525 1004 3592 Pau-

24 3657 36 3699 s
49 3653 57 3695 ε
76 3629 160 3698 «Non
174 3630 311 3718 inquiro,
325 3633 440 3720 inquit,
453 3632 579 3706 datums
598 3632 654 3699 sed
666 3634 792 3721 inquiro
802 3633 941 3703 fructum
952 3635 997 3700 ’.ι

24 3738 155 3830 iscipulis,
171 3739 285 3828 inquit,
305 3739 433 3807 Domini
448 3739 621 3810 Leviticam
637 3743 843 3810 substantiam
857 3743 1004 3811 babenti—

24 3893 33 3927 ¹
44 3892 98 3940 Lac.
109 3904 140 3948 u,
149 3889 172 3948 b,
182 3889 207 3947 l.
224 3915 255 3926 -—
269 3886 366 3938 ¹Deut.
380 3905 468 3951 nanu,
481 3907 506 3956 9.
518 3918 549 3930 -
561 3890 570 3925 ¹
583 3889 659 3942 llum.
671 3908 743 3953 xrrrr,
758 3909 800 3960 ²⁰5
815 3849 891 3945 Dent.
902 3911 926 3954 ι,
937 3913 961 3959 9.
975 3923 1005 3934 -

24 3981 84 4029 laut.
96 3990 157 4036 arara,
172 3989 191 4022 r.
207 4001 238 4013 -
249 3973 259 4008 ⁸
269 3973 360 4040 Philip.
374 3991 408 4035 rr,
420 3991 458 4041 ¹7·
