2710 4662
431 269 548 314 SbllC'l’l
572 267 704 311 llillb'l'll·
1025 263 1080 325 117

44 377 263 470 'l'beopborus
274 391 386 444 autem
402 377 460 444 ubi
474 375 619 450 ecclesie
628 377 720 464 'prius
735 376 819 454 bene
830 373 919 437 'esset
932 369 1083 459 precatus

44 501 77 550 et
92 509 227 576 gregem
241 511 338 554 suum
351 487 424 554 Deo
440 485 695 551 commendasset
706 505 782 548 cum
793 480 957 568 lacrymis,
972 479 1087 544 vinctus

47 597 248 682 sequebatur
256 594 385 660 milites.
394 591 521 660 Deinde
530 592 576 656 sic
585 587 773 666 Seleuciam,
784 611 850 656 nou
858 600 1023 664 cunctam,
1029 579 1091 653 non

48 703 199 768 animum
215 700 432 789 despondens,
448 723 514 765 non
526 722 559 765 se
571 697 689 786 aliquid
699 720 792 786 grave
808 695 939 762 omniuo
952 697 1017 785 pati
1028 719 1091 784 prse

53 833 88 872 se
103 809 228 883 ferens,
245 809 300 874 sed
310 807 465 874 alacribus
476 807 561 871 venit
574 805 726 894 pedibus;
744 816 777 868 et
792 827 809 867 a
824 801 979 869 militibus
993 805 1026 870 in
1038 827 1090 869 na·

56 937 134 980 vem
147 914 342 988 immittitur,
358 925 451 1002 atque
466 935 539 978 cum
554 912 599 976 eis
615 907 940 999 appellit‘Smyrnam.
963 911 1023 976 llic
1037 934 1088 978 sa-.

60 1021 143 1087 lutat
167 1021 375 1110 Polycarpum
403 1020 542 1085 divinum
565 1017 754 1106 apostolum,
783 1040 879 1106 quem
901 1001 1086 1106 Smyrnedsi

58 1129 220 1219 praesuisse
234 1127 385 1204 ecclesias,
406 1151 479 1194 cum
493 1126 605 1216 Ignatii
622 1125 733 1192 fuisset
752 1125 999 1215 condiscipulus,
1017 1130 1084 1218 jam

18 1247 19 1250 ’
57 1241 199 1328 superius
218 1240 352 1304 diximus
367 1260 405 1304 ae
423 1237 660 1304 declaravimus.
683 1239 766 1305 llum
781 1235 999 1328 ergosaluta't,
1014 1239 1084 1330 glo·
1177 1323 1183 1330 Ι

55 1350 135 1414 risus
151 1361 184 1415 et
197 1347 364 1438 magnifice
380 1348 438 1415 sibi
453 1345 593 1437 placens,
609 1345 763 1437 lautusque
779 1349 818 1414 de
833 1348 977 1416 vinculis.
996 1349 1083 1429 Quid

54 1461 138 1527 enim
151 1462 182 1528 ei
196 1475 319 1550 poterat
333 1485 401 1528 esse
416 1462 529 1550 majori
549 1473 752 1538 ornamento,
773 1451 869 1550 mam
888 1463 1007 1551 adspici
1020 1463 1085 1550 pati

55 1595 110 1660 pro
124 1572 263 1638 Domino
276 1571 331 1659 qui
345 1595 423 1636 eum
437 1571 483 1635 sic
497 1569 674 1636 dilexerat?
693 1569 817 1636 Deinde
831 1583 1000 1658 postquam
1014 1567 1089 1634 reli-

56 1679 124 1766 quis
138 1679 293 1768 episcopis
308 1691 342 1742 et
356 1676 552 1766 presbyteris
566 1688 600 1739 et
615 1675 759 1740 diaconis
772 1669 965 1741 reddidisset
976 1677 1090 1741 decen-

60 1801 105 1852 tes
125 1785 329 1851 salutationes
354 1785 525 1872 (quoniam
539 1781 632 1849 multi
649 1785 883 1849 concurrebant
899 1807 938 1848 ex
953 1782 1091 1849 ecclesiis

68 1893 147 1960 aas
166 1904 200 1956 et
221 1891 404 1958 civitatibus
424 1890 557 1956 eumad
576 1887 749 1954 ridendum
767 1888 845 1954 illud
862 1890 1090 1978 spectaculum,

69 2012 139 2064 tum
159 2011 197 2062 ut
213 1997 350 2086 pulchro
371 1997 550 2061 fruerentur
568 1995 689 2061 lluento
709 1997 793 2083 quud
811 1995 987 2064 fluebat'ex
1005 1993 1092 2065 ‘illus

68 2107 208 2196 lingua),
225 2107 291 2194 ipse
305 2129 355 2181 ea,
372 2128 442 2194 quar
454 2126 512 2192 par
524 2115 589 2170 erat
604 2103 750 2179 suadem,
770 2106 899 2192 rogabat
914 2101 1034 2182 omues,
1053 2122 1087 2173 ut

65 2239 122 2304 pro
138 2217 206 2304 ipso
224 2226 365 2290 orarent,
385 2235 449 2302 quo
464 2235 521 2302 pcr
537 2212 619 2277 feras
638 2211 702 2279 cito
721 2211 931 2280 resolveretur
949 2215 989 2280 ad
1009 2239 1082 2282 eum

62 2348 152 2413 quem
167 2323 380 2397 desiderabat,
396 2333 603 2410 etappareret
617 2332 691 2386 ante
706 2319 787 2386 illius
802 2321 941 2389 divinam
955 2321 1080 2390 faciem.

101 2431 155 2496 xl.
177 2427 294 2495 Videas
314 2439 423 2492 autem
438 2449 491 2492 eos
510 2438 578 2491 tum
594 2424 685 2492 valde
700 2427 820 2503 anxios,
842 2439 912 2493 turn
927 2430 1084 2517 quodam-

62 2539 149 2606 modo
162 2538 336 2628 pendentes
351 2536 392 2601 ab
412 2533 493 2600 illius
508 2534 626 2608 anime,
646 2545 716 2600 tum
731 2557 795 2600 non
812 2535 979 2602 serendum
995 2537 1086 2603 dam-
1180 2541 1185 2548 ’

59 2672 129 2714 num
140 2648 354 2714 existimantes
366 2643 595 2732 separationem
606 2643 676 2731 ejus
691 2655 723 2707 et
735 2655 888 2716 mortem;
909 2644 949 2709 de
964 2644 1001 2708 iis
1012 2668 1089 2734 quo-

55 2781 111 2846 que
131 2757 182 2846 qui
203 2755 319 2822 Romae
340 2763 432 2818 eraut
451 2749 561 2816 fideles
585 2751 719 2825 timens,
743 2773 784 2816 ne
805 2764 839 2816 et
861 2751 922 2840 ipsi
944 2750 1087 2818 similiter
1204 2805 1207 2810 .

56 2864 162 2940 allecti,
177 2889 241 2930 non
255 2861 455 2929 sustinerent
466 2881 541 2924 eum
552 2856 661 2924 ridere
672 2856 755 2923 tradi
767 2859 895 2938 bestiis,
910 2858 965 2924 sed
977 2883 1087 2927 manus

56 2975 188 3040 adversas
203 2972 263 3040 illis
279 2971 493 3038 admoverent
508 2967 623 3057 quibus
638 2967 826 3032 mandatum
844 2979 912 3032 erat
932 2991 1007 3036 eum
1022 2983 1088 3037 tra-

55 3085 134 3158 dere,
149 3083 227 3149 acei
243 3081 437 3149 clauderent
447 3089 591 3166 apertam
605 3075 737 3163 januam
749 3077 908 3164 martyriis
927 3079 1038 3145 statuit
1047 3082 1088 3145 ad

53 3193 130 3280 ipsos
144 3192 303 3264 scribere,
325 3199 362 3250 ut
376 3187 398 3250 ii
413 3207 540 3274 quoque
558 3205 616 3272 pro
634 3206 673 3248 eo
693 3196 832 3261 orarent,
854 3208 895 3252 ne
911 3207 1024 3252 cursus
1035 3169 1090 3253 ⁴sui

54 3299 234 3366 certaminis
248 3297 278 3360 ei
295 3292 516 3382 impediretur,
541 3283 596 3358 sed
611 3315 668 3380 per
684 3291 783 3366 seras,
795 3293 877 3359 sicut
893 3293 1090 3369 dictumest,

54 3409 114 3473 cito
137 3401 356 3471 resolveretur
376 3401 417 3465 ad
436 3400 586 3467 dilectum
601 3401 786 3466 Dominum.
822 3399 1090 3490 operaepretium

57 3529 100 3582 cst
114 3527 225 3582 autem
245 3509 333 3576 illius
347 3531 473 3598 quoque
494 3509 691 3573 mentionem
711 3508 815 3576 secere
835 3509 996 3597 Epistola·
1021 3537 1088 3602 quse

60 3625 99 3692 sio
111 3623 211 3690 habet
224 3619 268 3686 ad
284 3617 429 3683 verbum.
454 3613 505 3702 (V
506 3615 559 3680 ide
570 3639 641 3704 pag.
658 3619 734 3702 94.)

99 3733 205 3799 XXll.
230 3727 298 3794 Sed
313 3737 360 3792 est
376 3725 447 3791 baec
463 3721 593 3811 quidem
609 3721 757 3810 Epistola.
785 3725 854 3814 lpse
871 3742 976 3796 autem
992 3733 1087 3822 paulo

70 3855 132 3931 post
161 3865 179 3907 e
210 3837 347 3924 Smyrna
379 3835 536 3902 deductus
564 3831 779 3916 amilitibus,
812 3861 885 3906 cum
917 3842 1089 3930 appulisset
