2640 4622
216 339 364 384 uriacens
387 338 449 381 cuu
472 337 636 380 rarruoan
659 335 772 380 acono.
942 315 1004 402 dd7

28 463 75 506 cos
84 442 105 506 ¹.
122 472 134 503 »
147 441 201 508 Sic
215 445 311 508 ctiam
323 465 431 507 raucus
442 441 485 504 ait
497 462 505 503 ι
523 466 536 500 ι
551 439 633 504 Cum
647 439 748 504 Jacob
760 439 857 503 homo
873 439 1008 506 luctatus

28 559 70 610 est
80 546 102 622 ²,
117 572 277 635 »eumque
299 548 403 613 Deum
416 568 484 610 esse
500 545 587 610 dicit.
613 545 690 610 Nam
711 545 810 610 Jacob
832 545 944 610 dixisse
958 569 1011 610 rea

16 657 76 716 ert:
95 653 184 720 «Vidi
200 657 303 720 Deum
319 654 398 719 lacie
414 651 455 716 ad
470 652 582 716 laciem
597 675 605 714 :
618 663 653 714 et
663 650 743 716 salvo
756 652 837 718 sacto
849 665 896 717 est
908 655 1010 718 anima

28 781 100 822 mea.
118 787 130 818 ι
148 759 264 825 Scribit
278 761 374 824 etiam
390 757 495 824 locum
512 760 564 822 ubi
583 763 656 823 cuni
678 781 716 823 eo
736 758 872 825 luctatus
887 773 947 836 est,
966 762 1012 825 ci-

16 889 60 952 [ue
70 867 206 952 apparuit
217 881 248 932 et
259 867 431 940 benedixit,
442 869 529 932 ab'eo
543 874 689 932 vocatum
700 867 792 932 luisse
803 869 929 935 Faciem
941 868 1010 933 Dei:

16 973 41 1034 it
56 973 179 1038 Abrabae
195 972 348 1049 similiter,
366 987 400 1038 ut
414 976 458 1039 ait
472 974 585 1050 blosea,
598 976 683 1039 Deua
698 976 737 1040 od
749 998 901 1063 quercum
916 976 1013 1040 llam

16 1103 63 1144 trae
71 1082 222 1166 apparuit,
231 1081 350 1146 sedenti
360 1083 523 1146 adostium
535 1081 730 1148 tabernaculi
738 1083 880 1146 meridie.¹
892 1083 1014 1148 Deinde

16 1197 159 1270 rostquam
173 1186 242 1251 baec
257 1186 346 1263 dixit,
363 1189 494 1275 adjiciti
510 1215 523 1248 a
538 1187 718 1274 Suspicione
733 1201 840 1252 autem
854 1189 951 1254 oculis
967 1191 1014 1253 vi-

30 1291 84 1366 dit,
100 1305 131 1356 et
145 1315 219 1359 ecce
235 1305 298 1358 tres
314 1295 371 1358 riri
386 1296 510 1358 stabant
524 1318 618 1382 supra
632 1317 706 1359 oum
719 1315 727 1359 ι
742 1307 774 1360 et
790 1317 863 1361 cum
875 1298 1013 1370 vidisset,

30 1401 163 1464 occurrit
177 1398 238 1464 illis
253 1401 378 1465 obviam
387 1401 409 1463 ³.
430 1428 443 1461 ι
455 1400 553 1465 Paulo
567 1413 638 1487 post
651 1425 732 1466 unus
743 1425 782 1466 ex
793 1400 852 1466 illie
864 1403 1018 1488 promittit

16 1507 131 1572 lbrahae
152 1507 252 1572 lilium
271 1531 309 1584 ²!
325 1507 474 1586 Quid'ito
484 1508 551 1572 risit
566 1506 657 1582 Sara,
675 1508 810 1573 dicens':
828 1509 910 1574 Num
925 1510 1020 1596 igitur

29 1613 167 1701 pariam?
194 1635 252 1701 ago
277 1635 352 1677 vero
381 1614 542 1678 consenui.
576 1615 625 1678 dn
649 1613 841 1700 impossibile
858 1627 915 1680 est
938 1615 1022 1703 apud

28 1724 127 1786 Deum
149 1721 305 1786 verbum?
320 1719 476 1807 Tempore
500 1722 559 1786 isto
572 1733 720 1785 revertar
743 1723 775 1788 in
796 1723 901 1798 horas,
917 1723 1024 1788 eterit

31 1829 114 1892 Sarae
129 1827 220 1892 lilius.
239 1827 280 1892 Et
296 1827 506 1893 discesserunt
520 1830 559 1892 ab
581 1828 760 1893 Abrahamo
771 1828 792 1894 ⁴.
817 1830 964 1896 »Deinde
981 1831 1025 1896 sic

16 1937 42 2002 lc
59 1937 117 2000 illis
130 1959 238 2000 rursus
254 1935 393 2021 loquitur
410 1958 417 1998 :
436 1963 448 1994 a
464 1936 541 2000 lnde
556 1949 878 2024 autenuexaurgentes
894 1939 949 2003 viri
966 1963 1026 2003 res·

34 2054 184 2129 perierunt
201 2043 232 2105 in
250 2040 361 2106 faciem
381 2041 604 2106 Sodomorum.
624 2041 731 2106 »Tum
747 2069 854 2109 rursus
870 2046 1028 2133 quomodo

16 2150 221 2214 lbrahamum
242 2149 267 2212 is
289 2150 342 2235 qui
362 2162 463 2216 estet
483 2151 536 2237 qui
559 2164 627 2215 orat
642 2151 687 2215 sic
708 2150 885 2238 alloquatur
903 2177 911 2216 ε
932 2153 1028 2219 «Non

33 2257 144 2324 celabo
160 2257 322 2322 Abrabam
338 2283 463 2326 servum
481 2283 588 2324 meum
611 2281 680 2346 quae
692 2260 840 2326 'facturus
861 2285 951 2326 som:
971 2274 1030 2327 »et

17 2391 74 2454 [uae
86 2379 263 2454 sequuntur
273 2389 311 2430 cx
322 2366 415 2432 Motis
431 2367 553 2454 scriptis
564 2369 628 2454 jam
641 2368 824 2456 deprompta
840 2381 871 2433 et
886 2393 966 2434 ame
981 2393 1031 2434 ex·

17 2477 104 2539 ›osita
117 2498 225 2540 rursus
240 2475 364 2562 repetii,
380 2499 419 2539 ex
433 2477 547 2563 quibus
564 2477 808 2550 demonstratur,
822 2481 880 2543 sub
893 2479 985 2543 Patre
998 2491 1032 2544 et

17 2583 143 2648 lomino
158 2582 340 2668 praelectum
354 2604 434 2656 esse,
451 2604 489 2646 ac
499 2583 568 2669 ejus
583 2582 735 2647 voluntati
746 2585 924 2650 ministrare
937 2587 1033 2650 istum

17 2691 59 2778 1¹¹5
77 2690 223 2777 abparuit
237 2689 419 2758 Abrahae'et
433 2689 521 2755 lsaac
538 2701 570 2754 ot
583 2689 683 2754 Jacob
699 2702 731 2754 ct
745 2689 812 2756 aliis
828 2691 1033 2765 Patriarchis.

17 2797 247 2887 ippellaturque
268 2797 301 2862 in
316 2796 488 2884 scripturis
502 2797 597 2862 Deus.
615 2796 675 2860 llic
691 2795 769 2860 illud
783 2797 886 2883 adjeci
902 2799 961 2862 etsi
980 2803 1037 2864 ati-

18 2931 54 2972 co
71 2929 138 2972 non
154 2907 317 2971 dixeram:
333 2903 387 2972 Sic
402 2907 498 2970 etiam
509 2913 635 2969 etcum
650 2925 779 2968 carnem
794 2903 888 2968 edere
904 2905 1038 2993 populna

18 3015 207 3100 concupivit,
225 3034 263 3077 ac
276 3011 378 3078 bloses
393 3013 435 3085 ei.
452 3013 504 3098 qui
518 3010 582 3076 illic
593 3012 689 3075 ctiam
700 3009 877 3098 appellatur
888 3011 1038 3100 Angelus,

18 3123 115 3186 lenm
132 3120 173 3185 ad
194 3122 369 3186 satietatem
390 3118 449 3184 illia
463 3122 612 3186 daturum
628 3118 791 3207 pollicenti
807 3142 870 3185 non
884 3121 1037 3195 credidit;

19 3251 77 3315 pso
100 3225 153 3292 ille
169 3227 223 3312 qui
242 3238 274 3290 et
294 3226 378 3292 Deus
394 3237 441 3291 eat
461 3239 492 3291 et
507 3224 669 3314 augeluaa
689 3223 781 3290 Patre
794 3226 907 3290 missus
927 3227 1041 3302 luerat,

19 3358 81 3401 raec
94 3334 212 3398 dixisse
226 3343 257 3396 et
269 3332 378 3398 iecisse
389 3345 544 3398 narratur.
565 3333 618 3399 Sic
632 3333 719 3396 enim
730 3332 772 3394 ait
784 3331 945 3420 Scriptura
960 3357 967 3396 :
981 3334 1045 3399 «Et
1163 3368 1168 3376 ·

37 3442 122 3506 dixit
142 3440 297 3507 Dominus
318 3439 359 3503 ad
371 3439 490 3504 Mosam
509 3464 516 3504 :
537 3441 586 3506 Au
602 3463 716 3504 manua
730 3439 856 3504 Domini
876 3464 940 3505 non
956 3441 1044 3505 suffi-
1120 3439 1123 3446 ’

36 3551 130 3618 cietl
146 3551 221 3616 lam
235 3569 405 3638 cognosces
420 3572 461 3614 an
477 3559 661 3636 operturum
678 3560 710 3612 te
725 3548 764 3612 sit
777 3550 907 3614 verbum
923 3573 1042 3624 meum,

35 3683 101 3726 nec
110 3681 153 3724 nc
161 3657 183 3721 ⁶.
196 3658 393 3723 »Etrureum
404 3653 466 3720 alio
478 3655 510 3719 in
519 3652 716 3720 locosic‘ait:
735 3654 907 3720 «Dominus
919 3656 995 3722 dixit
1006 3661 1044 3722 ad

42 3809 52 3840 ¹
66 3808 149 3856 Exod
164 3823 200 3864 rr,
212 3823 236 3856 a.
249 3833 280 3844 —
293 3803 381 3854 ²Gau.
397 3821 474 3865 uzu,
488 3803 527 3862 td,
539 3803 579 3853 50.
590 3831 620 3842 -
631 3801 641 3836 ⁸
651 3803 716 3853 Gen.
729 3817 799 3859 ιιιιι,
812 3819 834 3852 a.
843 3803 889 3840 —l
900 3803 963 3856 Gen.
973 3807 1044 3862 x'rru,

26 3893 52 3938 3.
69 3919 101 3928 -
115 3891 124 3922 ⁵
139 3891 216 3940 Num.
228 3907 263 3949 ιι,
277 3891 315 3939 ab.
