2648 4598
294 291 429 336 occario
452 289 510 332 rao
534 286 736 332 cunrsrranrs.
986 287 1025 350 79

22 413 33 463 t
56 393 228 464 Alexander
248 393 325 484 quid
345 394 478 482 amplius
496 395 719 482 aegrotantibus
741 391 853 458 afferre
875 393 1027 480 possunt?

17 507 83 572 lam
98 531 164 594 quae
181 528 267 572 nunc
283 515 386 570 statua
403 503 526 590 operari
543 501 670 576 dicitur,
688 524 724 566 ea
743 502 867 565 virente
882 508 915 563 ct
932 523 1028 588 aegro-

17 625 89 678 aute
104 612 262 700 Noryllino
278 611 478 698 operabatur.

47 722 181 788 XXVII.
197 721 284 800 Quid
295 720 390 809 igitur
401 719 594 784 dicendoml
605 718 743 782 Primum
755 718 867 782 animae
878 739 895 780 a
908 717 1028 780 ratione

20 831 97 895 lieni
111 841 142 895 ot
156 829 344 918 phantastici
360 829 443 894 circa
459 827 621 915 opiniones
634 837 749 900 motus,
766 848 851 892 nunc
860 824 929 899 has,
942 846 1029 889 nunc

17 939 72 1004 llas
88 939 235 1028 imagines
251 937 367 1026 partim
389 959 428 1001 ex
450 935 579 1000 materia
595 934 736 1007 trahunt,
760 933 873 1020 partim
893 932 951 996 sibi
971 931 1030 1019 ipsi

20 1049 157 1136 lliagunt
171 1059 203 1112 et
218 1047 354 1136 pariunt.
376 1044 414 1110 ld
428 1056 534 1110 autem
549 1045 653 1110 anima
673 1056 742 1107 tum
761 1042 895 1106 maxime
912 1042 1031 1130 potitur

22 1178 79 1218 um
95 1154 231 1218 materie
251 1153 397 1242 spiritum
419 1152 478 1217 sibi
501 1152 659 1226 adsciscit,
679 1151 772 1238 cique
795 1149 1029 1224 commiscetur,

17 1287 70 1328 ron
85 1260 221 1328 celestia
236 1273 268 1327 et
283 1284 395 1326 eorum
407 1259 554 1348 opificem
573 1260 788 1334 considerans,
808 1258 863 1322 sed
883 1257 1030 1322 deorsum

20 1397 40 1439 c
63 1372 233 1446 terrestria,
248 1383 342 1460 atque
358 1371 399 1435 ad
418 1382 547 1445 terram,
565 1381 600 1435 ut
614 1370 740 1458 sanguis
755 1380 879 1432 tantum
896 1376 929 1430 et
945 1387 1030 1441 caro,

17 1503 69 1544 ,on
80 1480 144 1566 jum
155 1501 252 1566 puros
264 1479 402 1566 spiritus,
415 1478 572 1566 depressa.
584 1477 648 1544 lllae
657 1478 751 1566 igitur
763 1499 780 1540 a
793 1476 913 1540 ratione
924 1472 1033 1538 alienae

18 1602 30 1652 t
50 1587 254 1675 phantasticae
271 1588 368 1652 animi
386 1587 541 1652 motiones
565 1586 627 1652 visa
649 1587 775 1674 pariunt
792 1583 1033 1648 simulacrorum

17 1695 130 1760 ¹rsoniae
141 1695 357 1782 congruentia.
371 1695 507 1772 Quando
519 1707 625 1760 autem
638 1706 745 1758 tenera
754 1690 903 1757 etllexilis
914 1691 1032 1765 anima,

19 1828 39 1870 c
57 1801 242 1866 robustioris
256 1801 406 1865 doctrinm
419 1801 526 1888 jejuna
539 1814 569 1865 et
582 1802 756 1887 inexperta,
768 1811 801 1863 et
811 1798 949 1862 veritatis
961 1819 1034 1862 con·

17 1907 191 1996 emplandae
208 1932 245 1972 ac
261 1907 361 1974 Patris
385 1922 416 1973 et
438 1907 559 1995 opificis
581 1909 799 1974 universorum
815 1905 1034 1972 considerandi

20 2016 155 2092 rsolens,
172 2018 365 2104 impresserat
380 2018 482 2082 inusta
498 2018 592 2083 luerit
607 2018 689 2082 lalcis
708 2018 748 2082 dc
764 2041 797 2082 se
814 2017 1031 2104 opinionibus;

18 2151 75 2192 um
90 2125 260 2200 demones,
277 2125 330 2210 qui
347 2125 430 2190 circa
447 2127 612 2191 materiam
627 2136 801 2200 versantur,
815 2136 847 2189 et
859 2125 984 2189 nidores
995 2146 1034 2188 ac

20 2237 205 2302 ictimarum
226 2235 410 2322 sanguinem
430 2232 592 2322 liguriunt,
610 2236 815 2324 hominesque
837 2237 869 2299 in
891 2235 1034 2299 fraudem

21 2347 172 2419 rducunt,
197 2343 344 2408 adhibitis
364 2344 396 2408 ia
423 2341 574 2408 auxilium
597 2345 684 2410 bisce
704 2347 854 2420 motibus,
877 2346 929 2433 qui
949 2343 1034 2432 vulgi

18 2457 127 2519 nimos
136 2454 176 2517 ad
184 2451 275 2518 falsas
287 2454 448 2542 opiniones
460 2453 624 2530 inclinant,
633 2455 815 2543 perficiunt,
824 2479 934 2520 eorum
948 2477 1035 2520 men·

18 2590 49 2630 es
70 2563 261 2638 invadendo,
278 2575 313 2627 ut
329 2575 477 2651 tanquam
495 2586 535 2631 en
549 2565 656 2629 statuis
675 2576 707 2628 et
722 2564 896 2630 simulacris
910 2565 974 2628 visa
994 2563 1034 2627 ad

17 2699 55 2740 os
79 2673 183 2738 inania
200 2673 345 2745 effluant;
361 2697 399 2739 ac
417 2676 538 2761 quoties
555 2698 611 2761 per
628 2696 660 2738 se
677 2675 755 2760 ipsa,
773 2686 880 2760 utpote
902 2675 1035 2736 immor-

17 2785 87 2856 rlis,
100 2783 338 2849 accommodate
349 2783 389 2846 ad
401 2784 555 2848 rationem
567 2784 671 2848 anima
685 2793 839 2856 movetur,
853 2782 917 2844 sive
929 2780 1032 2842 lutura

21 2889 192 2964 raedicens,
206 2890 268 2954 sive
285 2913 398 2955 curans
415 2891 591 2976 presentia,
604 2890 720 2954 borum
733 2888 863 2975 gloriam
876 2888 1034 2952 dromones

20 2999 195 3083 orcipiunt.

46 3104 202 3172 XXVIII.
222 3105 355 3170 Necesse
370 3117 417 3172 est
432 3119 538 3171 autem
554 3107 593 3169 (le
608 3105 802 3178 nominibus,
816 3117 851 3167 ut
862 3118 951 3169 antea
964 3129 1036 3193 pro·

17 3215 165 3287 emimus,
178 3237 279 3301 pauca
292 3215 408 3279 dicere.
424 3216 600 3280 Herodotus
613 3216 707 3304 igitur
724 3227 754 3279 et
767 3213 942 3280 Alexander
961 3215 1036 3278 Phi*

17 3327 83 3416 ippi
100 3325 134 3388 in
156 3321 286 3411 epistola
309 3325 348 3388 nd
372 3337 505 3390 matrem
532 3325 680 3412 (uterque
696 3313 800 3390 autem
822 3326 1036 3390 sacerdotibus

17 3431 165 3521 loliopoli
182 3443 214 3497 et
228 3430 367 3519 blempbi
380 3444 412 3497 et
422 3432 539 3498 Thebis
551 3434 583 3498 in
594 3457 772 3499 sermonem
784 3434 904 3498 venisse
915 3433 1033 3520 lcrtur)
1129 3473 1136 3482 -

19 3543 169 3630 coepisse
188 3564 220 3606 se
238 3543 277 3606 ab
298 3539 357 3606 illis
376 3541 486 3608 dicunt
504 3566 557 3606 eos
573 3542 716 3608 homines
734 3543 836 3606 luisse.
859 3541 1035 3606 Herodotus

22 3655 137 3719 uidem
154 3652 200 3716 sic
216 3649 356 3737 loquitur
370 3674 378 3716 ε
395 3653 566 3730 «Quorum
578 3652 673 3740 igitur
683 3665 772 3717 erant
785 3651 946 3740 imagines,
958 3650 1034 3715 tales

27 3787 87 3830 eos
111 3761 369 3826 demonstrabant
392 3761 498 3837 luisse,
522 3762 614 3827 odiis
630 3773 735 3826 autem
757 3761 848 3850 longe
864 3761 1031 3832 distantem

27 3873 90 3940 sod
106 3884 181 3937 ante
193 3871 250 3936 lros
261 3870 417 3945 homines,
432 3872 507 3938 deos
519 3871 550 3937 in
564 3871 700 3961 AEgypto
716 3893 872 3961 regnasse,
890 3891 1035 3935 neceam
