2808 4688
145 233 189 310 ll
451 267 454 274 ·
509 253 621 298 ssrcrr
646 253 817 298 cunusrrrs

145 359 186 426 de
202 358 299 428 domo
313 380 392 424 sus:
411 357 614 424 menifestum
629 359 797 434 facientes,
814 357 899 448 quod
913 380 972 447 per
990 361 1193 448 sangrum

144 466 273 534 Domini
284 465 389 532 tirturs
401 477 483 533 estet
494 465 670 553 redemptio
686 466 838 532 universis
849 463 1061 531 credentibus
1075 478 1113 529 et
1124 487 1193 552 spe

145 573 288 640 rantibus
307 573 340 638 in
358 569 473 638 Deum.
494 570 625 646 Videte,
645 571 769 646 dilecti:
793 595 856 638 nou
876 570 980 637 solum
1002 570 1111 646 fides,
1133 571 1189 636 sed

144 681 241 748 etism
259 677 426 768 prophetis
443 679 476 742 iu
491 676 624 742 muliere
638 679 766 746 exstitit.

188 787 278 854 Xlll.
295 785 439 852 Humiles
454 784 559 874 itaque
570 787 682 861 simus,
696 785 824 858 tratresr
840 787 1041 874 deponentes
1052 809 1185 852 omne-m

146 894 371 983 arrogantium,
384 904 417 956 et
432 891 560 991 lustum,
575 903 608 956 et
622 891 806 968 amentiam,
822 905 855 957 et
871 894 948 967 irss;
969 906 1071 981 utque
1088 894 1184 959 ncia-

146 1027 218 1070 mus
237 1001 323 1090 quod
346 1001 501 1090 scriptum
525 1011 582 1064 est.
611 998 697 1065 Dicit
723 1000 840 1089 quippe
861 999 999 1088 Spiritus
1024 1014 1180 1068 sanetus:

157 1111 250 1180 «Non
261 1107 414 1199 glorietur
424 1105 547 1194 sepiens
558 1106 591 1174 iu
602 1104 755 1193 sapientis
767 1128 837 1182 sus,
850 1127 954 1194 neque
968 1107 1064 1174 lortis
1076 1109 1113 1174 in
1123 1109 1179 1174 lor

148 1220 310 1287 »titudine
325 1241 394 1294 sus,
412 1237 515 1306 neque
530 1215 617 1281 dives
632 1215 665 1280 iu
681 1215 794 1280 divitiis
809 1215 876 1294 suis
893 1239 903 1280 r
921 1217 980 1281 sed
994 1217 1053 1304 qui
1070 1216 1179 1306 gloris-
1201 1203 1208 1213 ’

148 1340 241 1401 stur,
257 1327 290 1392 in
304 1325 441 1392 Domino
457 1321 626 1411 glor-istun
641 1321 674 1388 in
689 1323 860 1409 querendo
872 1321 978 1398 illum,
992 1337 1027 1389 et
1040 1324 1179 1391 iaciendo

147 1463 161 1497 s
180 1431 337 1521 judicium
352 1453 391 1498 uo
404 1428 576 1519 justitium¹
592 1431 795 1518 :spraecipue
812 1453 972 1498 memores
999 1455 1177 1499 sermonum

148 1541 276 1610 Domini
290 1539 382 1617 «lesu,
399 1563 478 1627 quos
495 1537 621 1606 locutus
635 1551 695 1616 est,
714 1539 831 1608 docens
851 1542 1135 1609 mansuetudinem
1149 1557 1178 1608 ει

149 1648 426 1738 aequenimitutem.
451 1645 505 1712 Sic
524 1647 610 1712 enim
625 1645 703 1713 dixit
721 1671 730 1712 t
746 1673 759 1708 ι
775 1647 981 1724 Miseremini,
1000 1662 1039 1714 ut
1062 1652 1176 1718 miseri-

151 1785 163 1820 »
178 1755 321 1826 cordium
333 1755 586 1844 consequemini3
601 1754 762 1832 dimittite,
779 1767 814 1820 ut
826 1755 1007 1822 dimittatur
1019 1757 1112 1824 vobis
1126 1783 1133 1823 :
1146 1760 1176 1823 si-

151 1879 235 1934 »cut
257 1865 371 1941 fucitis,
387 1865 430 1930 itu
449 1865 537 1931 vobis
557 1855 628 1938 fiet}
653 1865 735 1930 sicut
754 1865 847 1940 dotis,
863 1865 907 1930 its
922 1865 1054 1932 debitur
1074 1869 1175 1940 vobim

151 1958 261 2042 »sicut
274 1973 437 2062 judicatis,
454 1975 497 2040 ite
513 1973 708 2064 judicabitur
719 1973 823 2047 vobis3
843 1959 926 2040 sicut
940 1973 1125 2064 indulgetis,
1138 1977 1178 2040 its

65 2142 72 2156 ,
153 2082 269 2150 »robis
285 2080 502 2172 indulgebitur
523 2105 531 2147 ε
552 2103 613 2170 qus
634 2103 782 2150 mensuro
802 2082 970 2160 metimini,
986 2084 1017 2148 iu
1032 2106 1068 2148 ee
1083 2107 1178 2150 men-

153 2189 339 2258 ssurebitur
354 2190 444 2257 vobis
453 2189 477 2255 ¹.
491 2218 504 2253 r
518 2190 588 2256 lloc
605 2200 777 2278 praecepto,
793 2201 825 2254 et
840 2188 890 2254 his
907 2188 1048 2262 mandetis
1068 2189 1172 2252 stabi-

153 2297 266 2364 liemus
280 2320 352 2371 nos;
371 2319 496 2386 semper
506 2295 690 2362 obedientes
701 2297 799 2362 simus
811 2285 1009 2362 sanctisillius
1019 2291 1163 2381 eloquiis.

154 2403 319 2472 humiliter
339 2404 379 2471 de
400 2405 492 2471 nobis
515 2402 693 2470 sentientes.
720 2403 773 2470 Ait
795 2403 882 2469 enim
904 2416 1025 2469 sanetus
1045 2425 1170 2468 sermo:

162 2512 290 2601 «Super
310 2533 407 2600 quem
430 2511 608 2601 respiciam,
624 2512 683 2577 uisi
705 2535 800 2602 super
818 2524 1021 2578 mansuetum
1039 2523 1072 2576 et
1090 2511 1176 2598 quie-

154 2647 167 2680 s
182 2630 265 2695 tum,
281 2630 313 2684 et
327 2630 518 2685 trementem
533 2617 658 2707 eloquia
674 2619 816 2684 neate»

197 2725 284 2796 xlv.
303 2727 432 2796 iustum
445 2751 521 2817 ergo
535 2749 574 2797 uc
590 2727 679 2818 pium
697 2741 757 2805 est,
775 2729 832 2795 viri
854 2728 979 2804 iratres,
996 2729 1066 2796 Deo
1080 2731 1178 2818 potius

155 2835 338 2900 obedientes
353 2859 411 2902 nos
426 2857 507 2912 esso,
524 2859 620 2924 quem
636 2835 724 2923 sequi
738 2859 793 2900 eos
809 2836 863 2923 qui
879 2837 913 2901 iu
929 2817 1078 2924 superbia
1093 2847 1124 2901 et
1139 2859 1178 2900 se-

156 2940 275 3006 ditione
290 2942 387 3008 duces
403 2944 531 3010 luerunt
542 2925 761 3009 sbomiunndae
773 2942 993 3010 aemulationis.
1009 2945 1178 3010 Detrimeu

156 3027 1176 3140 tumcnimuonleve,imoverograrldepericulumsustinebimus,

157 3161 182 3226 si
197 3159 429 3250 praecipitanter
451 3183 508 3226 nos
532 3161 756 3228 tradiderimus
770 3160 985 3228 voluntatibus
1004 3161 1175 3234 hominum,

158 3271 212 3359 qui
227 3270 270 3335 sd
283 3267 519 3337 contentionem
534 3281 566 3334 et
585 3271 755 3337 seditiones
774 3269 948 3346 colllment,
966 3280 1003 3371 ut
1018 3293 1077 3336 nos
1090 3273 1126 3336 eb
1143 3293 1178 3335 eo

157 3380 244 3466 quod
255 3391 342 3446 recte
353 3377 450 3444 hebet
461 3375 648 3445 ebulienent.
665 3378 798 3466 Benigni
810 3377 958 3444 internos
970 3380 1081 3456 simus,
1097 3381 1175 3468 justu

159 3486 408 3552 misericordium
419 3501 452 3554 et
465 3486 667 3556 dulcedinem
683 3487 766 3555 illius
782 3489 836 3575 qui
851 3487 926 3552 lecit
937 3511 1004 3554 nos.
1021 3487 1177 3576 Scriptum

158 3593 275 3683 quippe
290 3605 338 3658 est
352 3617 360 3657 :
372 3597 525 3684 «benigni
544 3609 637 3680 erunt
654 3597 847 3663 habitatores
862 3609 968 3668 tenter
983 3609 1016 3662 et
1032 3597 1173 3664 innoeen-

160 3730 173 3764 ι
188 3713 246 3776 tes,
265 3702 475 3796 remanebunt
489 3703 522 3768 in
542 3728 578 3770 es
601 3729 608 3771 ε
630 3705 729 3792 iniqui
744 3728 819 3770 vero
833 3704 1127 3770 exterminabuntur
1139 3706 1174 3769 ub

192 3825 202 3862 ¹
214 3828 267 3880 der.
278 3843 313 3888 u,
325 3827 370 3888 ²³5
386 3829 468 3886 elius,
482 3847 504 3890 x,
520 3847 557 3900 17.
568 3861 598 3872 -
607 3833 618 3866 ²
628 3834 689 3892 Luc.
703 3797 787 3890 vr‚'36.
800 3861 830 3872 -
842 3833 852 3866 ὅ
865 3832 896 3882 ls.
913 3847 977 3892 uu,
993 3848 1013 3880 ι.

983 3941 997 3978 Ι
