2616 4620
318 281 376 344 150
658 302 682 342 s.
709 303 737 342 r.
765 303 794 345 n.
822 304 980 348 renerent

310 411 344 476 in
363 429 400 474 ee
419 427 487 473 esse
508 404 662 493 judicabit
681 429 699 470 e
722 429 785 494 quo
800 410 1005 497 gubernetur3
1019 412 1055 478 its
1066 414 1132 480 ileos
1145 423 1229 486 omnim

262 589 265 598 V
310 518 501 608 gubernator
515 512 735 602 intelligendus
749 528 809 590 est,
825 521 964 606 quemvis
976 543 1034 586 non
1052 522 1161 588 videatur
1174 531 1228 594 unis

310 624 422 698 oculis,
437 620 553 710 quippo
569 643 645 686 eum
659 622 885 710 comprehendi
898 649 962 692 non
980 629 1073 715 possit.
1085 630 1146 696 ttsm
1156 635 1230 700 siino

308 734 383 809 lem,
405 734 553 823 exiguum
577 731 655 798 illud
673 732 878 810 elementum,
900 759 964 801 non
985 737 1159 824 potesthomo
1171 741 1229 807 oerln

309 841 445 931 deligere
459 843 501 907 ob
524 839 665 906 colerem
683 853 716 906 et
736 841 800 908 vim
820 856 1061 931 exsuperantem,
1079 859 1165 932 quinto
1177 850 1228 934 mgis

306 951 365 1018 Dei
376 949 521 1040 gloriam,
533 973 603 1038 quae
615 973 678 1016 non
689 963 737 1016 est
747 951 943 1027 enarrabilis,
955 952 1079 1018 mortalis
1088 954 1159 1020 homo
1167 956 1228 1020 loturi

305 1084 370 1127 non
387 1059 511 1149 potest?
522 1060 799 1138 Quemadmodum
813 1062 900 1128 enim
915 1062 1030 1128 melum
1042 1063 1159 1151 punicum
1165 1067 1227 1128 corio

306 1169 551 1244 circumdatum,
568 1167 652 1232 intus
667 1167 818 1256 plurimos
832 1169 930 1236 hehet
946 1171 1027 1236 loros
1042 1194 1075 1236 ce
1087 1169 1172 1238 loculos
1181 1171 1226 1259 pell

306 1275 384 1342 culis
399 1276 593 1363 interjectos,
605 1297 644 1340 ec
655 1273 754 1342 multo
769 1298 863 1364 fferre
875 1276 907 1342 iu
921 1301 955 1342 se
965 1276 1098 1349 includit;
1109 1279 1225 1343 sieuieo

304 1397 447 1454 creature
467 1385 579 1473 spiritu
600 1383 672 1459 Dei,
693 1385 758 1472 ipse
774 1408 848 1450 vero
869 1387 997 1474 spiritus
1011 1411 1066 1452 uns
1083 1400 1224 1453 cuneolos

303 1497 483 1566 continetur
497 1519 594 1564 manu
612 1496 680 1562 Dei.
701 1497 979 1576 Quemadmodum
997 1495 1224 1588 igiturgrenunnsl

302 1608 409 1696 punici
424 1606 507 1672 intus
523 1603 692 1679 inclusum,
709 1629 773 1671 non
788 1619 890 1694 potest
906 1607 1012 1673 videre
1022 1631 1055 1672 eo
1068 1631 1122 1696 quc
1130 1617 1224 1670 suntote

302 1717 465 1792 corticem,
481 1737 556 1781 cum
571 1715 674 1802 ipsum
689 1715 729 1779 sit
743 1715 827 1780 intus
833 1739 842 1788 ;
858 1716 904 1781 sic
918 1740 981 1784 nee
992 1717 1221 1804 homoptoton

302 1827 389 1892 omni
404 1835 547 1890 creature
568 1823 750 1890 continetur
769 1847 864 1890 menn
882 1825 956 1900 Dei,
973 1826 1070 1891 Deum
1081 1835 1152 1912 potest
1159 1821 1218 1884 ster.

300 1933 422 2000 Deinde
434 1954 508 1996 vero
522 1952 577 1994 rex
592 1940 735 1996 terrenus
747 1933 877 1998 existere
890 1934 1043 2010 creditur,
1055 1931 1222 2022 quentirslon

301 2043 394 2108 nibus
410 2063 474 2106 non
489 2039 646 2111 videntum
662 2040 717 2104 sed
732 2064 770 2106 ex
785 2039 906 2131 legibus
921 2045 988 2108 suis
1003 2056 1035 2109 et
1051 2043 1224 2123 sdictsspoe

302 2152 418 2216 tatibus
432 2162 464 2216 et
486 2149 585 2237 copiis
603 2159 635 2212 et
650 2148 837 2239 imaginibus
853 2155 1055 2240 cognoscitur
1069 2178 1075 2216 :
1089 2153 1153 2218 llrtm
1163 2157 1222 2209 tutu

299 2283 364 2325 non
382 2259 424 2324 vis
439 2256 612 2347 intelligere
624 2280 663 2322 ex
677 2260 746 2346 ejus
761 2261 908 2347 operibus
924 2274 958 2326 et
972 2255 1150 2351 potestatis?

343 2365 397 2432 Vl.
419 2365 604 2441 Considera,
620 2389 640 2430 o
654 2366 764 2442 homo,
780 2367 848 2455 ejus
863 2391 981 2456 opero:
1001 2377 1160 2459 tempotum
1168 2359 1219 2423 sitis

301 2475 494 2562 temporibus
514 2473 754 2550 vicissitudines,
776 2477 855 2542 seris
876 2481 1078 2553 mutationes,
1093 2477 1225 2542 uuottnd·

299 2595 508 2672 temperetum
520 2603 662 2658 cursum,
674 2582 798 2648 dierum
809 2595 840 2648 et
852 2585 1010 2661 noctium,
1020 2587 1222 2652 mensiunetutt

298 2719 370 2762 rum
381 2695 440 2760 rite
452 2693 621 2780 descriptos
632 2681 728 2768 vices,
744 2693 911 2769 seminum,
926 2689 1220 2783 ptannmmetrsuu

297 2825 456 2870 emoenem
474 2802 668 2876 varietatem,
685 2799 823 2866 diversos
843 2801 1005 2889 pecudum
1020 2803 1114 2876 totus,
1125 2793 1225 2886 uelut

298 2911 387 2987 dum,
403 2907 589 2983 volatilium,
601 2905 774 2995 reptilium,
788 2906 979 2986 natatilium,
990 2907 1144 2976 fluvialium
1153 2895 1224 2966 etti

298 3039 430 3090 norum;
457 3029 527 3082 tum
548 3016 658 3080 datum
680 3015 754 3103 ipsis
774 3013 834 3080 illis
848 3015 1048 3084 'animalibus
1071 3009 1226 3106 gemutltl

297 3126 416 3194 elendte
426 3125 522 3214 prolis
534 3126 804 3201 instinctum,non
814 3126 855 3189 ed
866 3128 1016 3202 suos,sed
1026 3123 1227 3192 ndhomiuisur:

295 3250 365 3303 tum
377 3236 620 3325 providentiam,
635 3257 697 3324 qne
717 3235 802 3300 Deus
817 3236 924 3302 cibum
939 3239 1026 3303 omni
1041 3237 1120 3303 cerni
1131 3235 1230 3322 propulit

295 3360 364 3412 tum
379 3343 489 3412 servile
508 3343 707 3430 obsequium,
723 3343 809 3430 quod
823 3344 943 3409 homini
958 3347 997 3410 alr
1014 3345 1145 3410 omnibus
1156 3327 1231 3426 preli

294 3456 384 3546 jussit
394 3479 402 3519 ε
412 3452 552 3520 dulcium
563 3452 698 3518 sontium
709 3464 741 3516 et
751 3451 919 3519 fluviorum
929 3477 1080 3542 perennes
1089 3451 1179 3520 fluxus,
1186 3439 1230 3506 rvi·

294 3565 444 3630 imbrium
455 3573 487 3627 et
498 3558 675 3650 pluviarum
686 3561 907 3649 copiamveriis
918 3545 1231 3649 temporinossuppedtr

294 3670 417 3737 solitam
432 3693 440 3734 ε
456 3691 625 3757 corporum
644 3666 820 3734 coelestium
837 3669 974 3736 divorsos
993 3680 1094 3736 motus
1109 3691 1117 3732 :
1133 3661 1232 3730 tactem

293 3781 485 3846 exorientem
508 3791 541 3843 et
568 3778 698 3866 perlecti
724 3778 798 3842 ostri
829 3779 998 3844 adventum
1025 3773 1226 3867 pronuntiante

292 3887 422 3954 Pleiodis
437 3903 471 3952 et
489 3886 614 3952 Orionis
634 3889 910 3975 conjunctionem
932 3889 1098 3958 Arcturum
1116 3897 1142 3950 ot
1158 3887 1234 3947 celllv
