<?xml version="1.0" encoding="UTF-8"?>
<!DOCTYPE html PUBLIC "-//W3C//DTD XHTML 1.0 Transitional//EN"
    "http://www.w3.org/TR/xhtml1/DTD/xhtml1-transitional.dtd">
<html xmlns="http://www.w3.org/1999/xhtml" xml:lang="en" lang="en">
 <head>
  <title>
</title>
<meta http-equiv="Content-Type" content="text/html;charset=utf-8" />
  <meta name='ocr-system' content='tesseract 3.04.00' />
  <meta name='ocr-capabilities' content='ocr_page ocr_carea ocr_par ocr_line ocrx_word'/>
</head>
<body>
  <div class='ocr_page' id='page_1' title='image "./collectioselect02guilgoog_0373.png"; bbox 0 0 2640 4622; ppageno 0'>
   <div class='ocr_carea' id='block_1_1' title="bbox 278 314 1006 398">
    <p class='ocr_par' dir='ltr' id='par_1_1' title="bbox 278 314 1006 398">
     <span class='ocr_line' id='line_1_1' title="bbox 278 314 1006 398; baseline 0.003 -22"><span class='ocrx_word' id='word_1_1' title='bbox 278 314 339 398; x_wconf 77' lang='lat'>57²</span> <span class='ocrx_word' id='word_1_2' title='bbox 573 333 687 380; x_wconf 80' lang='grc' dir='ltr'>ιιιιιιτι</span> <span class='ocrx_word' id='word_1_3' title='bbox 709 335 828 379; x_wconf 77' lang='lat' dir='ltr'>srsvvnv</span> <span class='ocrx_word' id='word_1_4' title='bbox 851 337 1006 382; x_wconf 80' lang='lat' dir='ltr'>ussrvuvs</span> 
     </span>
    </p>
   </div>
   <div class='ocr_carea' id='block_1_2' title="bbox 200 440 1315 3968">
    <p class='ocr_par' dir='ltr' id='par_1_2' title="bbox 208 440 1307 1688">
     <span class='ocr_line' id='line_1_2' title="bbox 276 440 1303 530; baseline -0.005 -22"><span class='ocrx_word' id='word_1_5' title='bbox 276 445 337 508; x_wconf 84' lang='lat' dir='ltr'>hus</span> <span class='ocrx_word' id='word_1_6' title='bbox 354 441 484 508; x_wconf 80' lang='lat' dir='ltr'>ormino</span> <span class='ocrx_word' id='word_1_7' title='bbox 503 440 684 507; x_wconf 83' lang='lat' dir='ltr'>hominibus</span> <span class='ocrx_word' id='word_1_8' title='bbox 707 463 775 506; x_wconf 83' lang='lat' dir='ltr'>esso</span> <span class='ocrx_word' id='word_1_9' title='bbox 794 440 876 517; x_wconf 88' lang='lat' dir='ltr'>volo,</span> <span class='ocrx_word' id='word_1_10' title='bbox 898 443 1023 508; x_wconf 77' lang='lat' dir='ltr'>etiamsi</span> <span class='ocrx_word' id='word_1_11' title='bbox 1043 440 1209 530; x_wconf 78' lang='lat' dir='ltr'>jocundo</span> <span class='ocrx_word' id='word_1_12' title='bbox 1229 453 1262 504; x_wconf 85' lang='lat' dir='ltr'>et</span> <span class='ocrx_word' id='word_1_13' title='bbox 1279 463 1303 504; x_wconf 78' lang='lat' dir='ltr'>ce</span> 
     </span>
     <span class='ocr_line' id='line_1_3' title="bbox 274 547 1307 636; baseline -0.007 -20"><span class='ocrx_word' id='word_1_14' title='bbox 274 549 457 616; x_wconf 80' lang='lat' dir='ltr'>chinnmdo</span> <span class='ocrx_word' id='word_1_15' title='bbox 467 547 574 614; x_wconf 79' lang='lat' dir='ltr'>adhue</span> <span class='ocrx_word' id='word_1_16' title='bbox 585 549 693 636; x_wconf 78' lang='lat' dir='ltr'>pejore</span> <span class='ocrx_word' id='word_1_17' title='bbox 707 549 832 624; x_wconf 84' lang='lat' dir='ltr'>dieutis,</span> <span class='ocrx_word' id='word_1_18' title='bbox 845 573 911 616; x_wconf 85' lang='lat' dir='ltr'>uon</span> <span class='ocrx_word' id='word_1_19' title='bbox 920 562 1031 617; x_wconf 74' lang='lat' dir='ltr'>tamen</span> <span class='ocrx_word' id='word_1_20' title='bbox 1046 551 1219 616; x_wconf 75' lang='lat' dir='ltr'>futurum</span> <span class='ocrx_word' id='word_1_21' title='bbox 1233 561 1265 610; x_wconf 89' lang='lat' dir='ltr'>ut</span> <span class='ocrx_word' id='word_1_22' title='bbox 1276 571 1307 610; x_wconf 81' lang='lat' dir='ltr'>n·</span> 
     </span>
     <span class='ocr_line' id='line_1_4' title="bbox 274 656 1302 746; baseline -0.002 -24"><span class='ocrx_word' id='word_1_23' title='bbox 274 681 292 722; x_wconf 86' lang='grc' dir='ltr'>ι</span> <span class='ocrx_word' id='word_1_24' title='bbox 306 657 467 746; x_wconf 80' lang='lat' dir='ltr'>proposito</span> <span class='ocrx_word' id='word_1_25' title='bbox 478 656 684 722; x_wconf 75' lang='lat' dir='ltr'>dimoveatis:</span> <span class='ocrx_word' id='word_1_26' title='bbox 704 658 760 722; x_wconf 83' lang='lat' dir='ltr'>sed</span> <span class='ocrx_word' id='word_1_27' title='bbox 774 659 889 745; x_wconf 85' lang='lat' dir='ltr'>quibus</span> <span class='ocrx_word' id='word_1_28' title='bbox 904 680 944 723; x_wconf 85' lang='lat' dir='ltr'>ex</span> <span class='ocrx_word' id='word_1_29' title='bbox 956 659 1067 724; x_wconf 86' lang='lat' dir='ltr'>verbis</span> <span class='ocrx_word' id='word_1_30' title='bbox 1083 670 1151 723; x_wconf 82' lang='lat' dir='ltr'>sut</span> <span class='ocrx_word' id='word_1_31' title='bbox 1170 660 1302 722; x_wconf 81' lang='lat' dir='ltr'>rebusu</span> 
     </span>
     <span class='ocr_line' id='line_1_5' title="bbox 274 761 1306 853; baseline -0.006 -23"><span class='ocrx_word' id='word_1_32' title='bbox 274 766 413 853; x_wconf 73' lang='lat' dir='ltr'>peditum</span> <span class='ocrx_word' id='word_1_33' title='bbox 430 764 517 829; x_wconf 84' lang='lat' dir='ltr'>vobis</span> <span class='ocrx_word' id='word_1_34' title='bbox 534 785 602 830; x_wconf 85' lang='lat' dir='ltr'>osse</span> <span class='ocrx_word' id='word_1_35' title='bbox 619 761 780 830; x_wconf 76' lang='lat' dir='ltr'>refellendi</span> <span class='ocrx_word' id='word_1_36' title='bbox 798 766 952 830; x_wconf 77' lang='lat' dir='ltr'>rationem</span> <span class='ocrx_word' id='word_1_37' title='bbox 970 765 1112 853; x_wconf 82' lang='lat' dir='ltr'>putetis,</span> <span class='ocrx_word' id='word_1_38' title='bbox 1136 785 1186 828; x_wconf 83' lang='lat' dir='ltr'>ex</span> <span class='ocrx_word' id='word_1_39' title='bbox 1205 765 1255 827; x_wconf 80' lang='lat' dir='ltr'>his</span> <span class='ocrx_word' id='word_1_40' title='bbox 1272 763 1306 824; x_wconf 66' lang='lat' dir='ltr'>de</span> 
     </span>
     <span class='ocr_line' id='line_1_6' title="bbox 208 870 1303 958; baseline -0.005 -19"><span class='ocrx_word' id='word_1_41' title='bbox 208 921 211 930; x_wconf 72' lang='lat'>‚</span> <span class='ocrx_word' id='word_1_42' title='bbox 274 870 516 938; x_wconf 78' lang='lat' dir='ltr'>momtmtioues</span> <span class='ocrx_word' id='word_1_43' title='bbox 531 893 759 958; x_wconf 70' lang='lat' dir='ltr'>eorumquae</span> <span class='ocrx_word' id='word_1_44' title='bbox 773 871 1003 946; x_wconf 79' lang='lat' dir='ltr'>medicantur,</span> <span class='ocrx_word' id='word_1_45' title='bbox 1025 893 1112 938; x_wconf 89' lang='lat' dir='ltr'>eum</span> <span class='ocrx_word' id='word_1_46' title='bbox 1135 873 1303 936; x_wconf 72' lang='lat' dir='ltr'>testimon·</span> 
     </span>
     <span class='ocr_line' id='line_1_7' title="bbox 274 964 1297 1064; baseline -0.005 -20"><span class='ocrx_word' id='word_1_47' title='bbox 274 977 510 1064; x_wconf 81' lang='lat' dir='ltr'>Scriptorurum</span> <span class='ocrx_word' id='word_1_48' title='bbox 525 999 651 1064; x_wconf 82' lang='lat' dir='ltr'>semper</span> <span class='ocrx_word' id='word_1_49' title='bbox 667 964 832 1042; x_wconf 73' lang='lat' dir='ltr'>deducam.</span> <span class='ocrx_word' id='word_1_50' title='bbox 852 977 1013 1044; x_wconf 73' lang='lat' dir='ltr'><strong>Caeterum</strong></span> <span class='ocrx_word' id='word_1_51' title='bbox 1026 1001 1095 1044; x_wconf 86' lang='lat' dir='ltr'>nec</span> <span class='ocrx_word' id='word_1_52' title='bbox 1117 991 1223 1044; x_wconf 81' lang='lat' dir='ltr'>recte</span> <span class='ocrx_word' id='word_1_53' title='bbox 1240 978 1297 1040; x_wconf 70' lang='lat' dir='ltr'>saci·</span> 
     </span>
     <span class='ocr_line' id='line_1_8' title="bbox 273 1083 1302 1172; baseline -0.005 -22"><span class='ocrx_word' id='word_1_54' title='bbox 273 1105 334 1150; x_wconf 84' lang='lat' dir='ltr'>neo</span> <span class='ocrx_word' id='word_1_55' title='bbox 354 1096 390 1148; x_wconf 88' lang='lat' dir='ltr'>ut</span> <span class='ocrx_word' id='word_1_56' title='bbox 403 1085 467 1150; x_wconf 85' lang='lat' dir='ltr'>veri</span> <span class='ocrx_word' id='word_1_57' title='bbox 482 1097 655 1150; x_wconf 76' lang='lat' dir='ltr'>amatorem</span> <span class='ocrx_word' id='word_1_58' title='bbox 675 1083 778 1160; x_wconf 86' lang='lat' dir='ltr'>decet,</span> <span class='ocrx_word' id='word_1_59' title='bbox 795 1084 848 1172; x_wconf 90' lang='lat' dir='ltr'>qui</span> <span class='ocrx_word' id='word_1_60' title='bbox 861 1108 899 1150; x_wconf 79' lang='lat' dir='ltr'>ee</span> <span class='ocrx_word' id='word_1_61' title='bbox 914 1085 1012 1150; x_wconf 84' lang='lat' dir='ltr'>etism</span> <span class='ocrx_word' id='word_1_62' title='bbox 1028 1085 1073 1150; x_wconf 86' lang='lat' dir='ltr'>de</span> <span class='ocrx_word' id='word_1_63' title='bbox 1090 1088 1226 1172; x_wconf 81' lang='lat' dir='ltr'>quihus</span> <span class='ocrx_word' id='word_1_64' title='bbox 1244 1107 1302 1146; x_wconf 72' lang='lat' dir='ltr'>sen</span> 
     </span>
     <span class='ocr_line' id='line_1_9' title="bbox 273 1191 1300 1280; baseline -0.005 -25"><span class='ocrx_word' id='word_1_65' title='bbox 273 1213 331 1280; x_wconf 79' lang='lat' dir='ltr'>per</span> <span class='ocrx_word' id='word_1_66' title='bbox 348 1191 431 1256; x_wconf 78' lang='lat' dir='ltr'>inter</span> <span class='ocrx_word' id='word_1_67' title='bbox 447 1215 505 1260; x_wconf 78' lang='lat' dir='ltr'>uos</span> <span class='ocrx_word' id='word_1_68' title='bbox 523 1204 725 1266; x_wconf 76' lang='lat' dir='ltr'>convenerat,</span> <span class='ocrx_word' id='word_1_69' title='bbox 745 1213 859 1279; x_wconf 83' lang='lat' dir='ltr'>nempe</span> <span class='ocrx_word' id='word_1_70' title='bbox 876 1203 1035 1279; x_wconf 70' lang='lat' dir='ltr'>praecepte</span> <span class='ocrx_word' id='word_1_71' title='bbox 1050 1193 1223 1278; x_wconf 62' lang='lat' dir='ltr'>quadam</span> <span class='ocrx_word' id='word_1_72' title='bbox 1240 1193 1300 1254; x_wconf 71' lang='lat' dir='ltr'>veti·</span> 
     </span>
     <span class='ocr_line' id='line_1_10' title="bbox 271 1296 1300 1387; baseline -0.007 -23"><span class='ocrx_word' id='word_1_73' title='bbox 271 1299 393 1364; x_wconf 64' lang='lat' dir='ltr'>odiose</span> <span class='ocrx_word' id='word_1_74' title='bbox 411 1301 452 1366; x_wconf 83' lang='lat' dir='ltr'>ob</span> <span class='ocrx_word' id='word_1_75' title='bbox 474 1300 622 1364; x_wconf 79' lang='lat' dir='ltr'>duritiem</span> <span class='ocrx_word' id='word_1_76' title='bbox 638 1299 742 1364; x_wconf 88' lang='lat' dir='ltr'>oordis</span> <span class='ocrx_word' id='word_1_77' title='bbox 759 1296 865 1387; x_wconf 82' lang='lat' dir='ltr'>populi</span> <span class='ocrx_word' id='word_1_78' title='bbox 882 1299 976 1362; x_wconf 89' lang='lat' dir='ltr'>vestri</span> <span class='ocrx_word' id='word_1_79' title='bbox 993 1299 1106 1386; x_wconf 80' lang='lat' dir='ltr'>posite</span> <span class='ocrx_word' id='word_1_80' title='bbox 1125 1300 1245 1370; x_wconf 70' lang='lat' dir='ltr'>finisse,</span> <span class='ocrx_word' id='word_1_81' title='bbox 1261 1299 1300 1358; x_wconf 65' lang='lat' dir='ltr'>dt</span> 
     </span>
     <span class='ocr_line' id='line_1_11' title="bbox 270 1405 1296 1494; baseline -0.007 -22"><span class='ocrx_word' id='word_1_82' title='bbox 270 1405 392 1474; x_wconf 84' lang='lat' dir='ltr'>solvere</span> <span class='ocrx_word' id='word_1_83' title='bbox 403 1407 536 1472; x_wconf 81' lang='lat' dir='ltr'>coneris.</span> <span class='ocrx_word' id='word_1_84' title='bbox 552 1407 664 1472; x_wconf 77' lang='lat' dir='ltr'>Dixisti</span> <span class='ocrx_word' id='word_1_85' title='bbox 675 1408 774 1480; x_wconf 83' lang='lat' dir='ltr'>euim,</span> <span class='ocrx_word' id='word_1_86' title='bbox 791 1429 830 1470; x_wconf 87' lang='lat' dir='ltr'>eo</span> <span class='ocrx_word' id='word_1_87' title='bbox 842 1406 929 1494; x_wconf 89' lang='lat' dir='ltr'>quod</span> <span class='ocrx_word' id='word_1_88' title='bbox 939 1407 1191 1470; x_wconf 77' lang='lat' dir='ltr'>convenienter</span> <span class='ocrx_word' id='word_1_89' title='bbox 1204 1405 1261 1492; x_wconf 78' lang='lat' dir='ltr'>legi</span> <span class='ocrx_word' id='word_1_90' title='bbox 1270 1405 1296 1464; x_wconf 78' lang='lat' dir='ltr'>vi</span> 
     </span>
     <span class='ocr_line' id='line_1_12' title="bbox 271 1511 1297 1590; baseline -0.011 -8"><span class='ocrx_word' id='word_1_91' title='bbox 271 1527 371 1590; x_wconf 78' lang='lat' dir='ltr'>voret,</span> <span class='ocrx_word' id='word_1_92' title='bbox 392 1511 530 1580; x_wconf 75' lang='lat' dir='ltr'>electum</span> <span class='ocrx_word' id='word_1_93' title='bbox 552 1535 627 1578; x_wconf 89' lang='lat' dir='ltr'>eum</span> <span class='ocrx_word' id='word_1_94' title='bbox 650 1535 719 1578; x_wconf 89' lang='lat' dir='ltr'>esse</span> <span class='ocrx_word' id='word_1_95' title='bbox 740 1526 773 1578; x_wconf 90' lang='lat' dir='ltr'>et</span> <span class='ocrx_word' id='word_1_96' title='bbox 795 1513 914 1578; x_wconf 80' lang='lat' dir='ltr'>suetum</span> <span class='ocrx_word' id='word_1_97' title='bbox 936 1511 1128 1588; x_wconf 74' lang='lat' dir='ltr'>Christum,</span> <span class='ocrx_word' id='word_1_98' title='bbox 1159 1514 1189 1576; x_wconf 84' lang='lat' dir='ltr'>si</span> <span class='ocrx_word' id='word_1_99' title='bbox 1218 1524 1297 1573; x_wconf 76' lang='lat' dir='ltr'>tumn</span> 
     </span>
     <span class='ocr_line' id='line_1_13' title="bbox 270 1620 867 1688; baseline -0.008 0"><span class='ocrx_word' id='word_1_100' title='bbox 270 1645 346 1688; x_wconf 89' lang='lat' dir='ltr'>eum</span> <span class='ocrx_word' id='word_1_101' title='bbox 359 1623 597 1686; x_wconf 75' lang='lat' dir='ltr'>demonstretur</span> <span class='ocrx_word' id='word_1_102' title='bbox 610 1643 680 1686; x_wconf 84' lang='lat' dir='ltr'>esse</span> <span class='ocrx_word' id='word_1_103' title='bbox 695 1620 867 1687; x_wconf 73' lang='lat' dir='ltr'>Christum.</span> 
     </span>
    </p>

    <p class='ocr_par' dir='ltr' id='par_1_3' title="bbox 269 1725 1291 2006">
     <span class='ocr_line' id='line_1_14' title="bbox 314 1725 1291 1816; baseline -0.004 -24"><span class='ocrx_word' id='word_1_104' title='bbox 314 1729 375 1793; x_wconf 85' lang='lat' dir='ltr'>Hie</span> <span class='ocrx_word' id='word_1_105' title='bbox 394 1727 545 1816; x_wconf 78' lang='lat' dir='ltr'><strong>Trypho:</strong></span> <span class='ocrx_word' id='word_1_106' title='bbox 568 1727 639 1814; x_wconf 80' lang='lat' dir='ltr'>ipse</span> <span class='ocrx_word' id='word_1_107' title='bbox 659 1728 745 1791; x_wconf 87' lang='lat' dir='ltr'>enim</span> <span class='ocrx_word' id='word_1_108' title='bbox 766 1727 869 1799; x_wconf 88' lang='lat' dir='ltr'>nobis,</span> <span class='ocrx_word' id='word_1_109' title='bbox 891 1725 1005 1812; x_wconf 86' lang='lat' dir='ltr'>inquit,</span> <span class='ocrx_word' id='word_1_110' title='bbox 1029 1727 1211 1792; x_wconf 81' lang='lat' dir='ltr'>consessus</span> <span class='ocrx_word' id='word_1_111' title='bbox 1230 1740 1291 1788; x_wconf 73' lang='lat' dir='ltr'>ese</span> 
     </span>
     <span class='ocr_line' id='line_1_15' title="bbox 269 1831 1282 1920; baseline -0.004 -20"><span class='ocrx_word' id='word_1_112' title='bbox 269 1835 493 1900; x_wconf 80' lang='lat' dir='ltr'>circumcisum</span> <span class='ocrx_word' id='word_1_113' title='bbox 512 1855 586 1900; x_wconf 85' lang='lat' dir='ltr'>eum</span> <span class='ocrx_word' id='word_1_114' title='bbox 606 1857 689 1910; x_wconf 86' lang='lat' dir='ltr'>esse,</span> <span class='ocrx_word' id='word_1_115' title='bbox 709 1845 741 1898; x_wconf 85' lang='lat' dir='ltr'>et</span> <span class='ocrx_word' id='word_1_116' title='bbox 759 1845 887 1900; x_wconf 81' lang='lat' dir='ltr'>oaeterus</span> <span class='ocrx_word' id='word_1_117' title='bbox 909 1831 991 1920; x_wconf 83' lang='lat' dir='ltr'>leges</span> <span class='ocrx_word' id='word_1_118' title='bbox 1006 1855 1067 1920; x_wconf 85' lang='lat' dir='ltr'>per</span> <span class='ocrx_word' id='word_1_119' title='bbox 1084 1835 1216 1902; x_wconf 75' lang='lat' dir='ltr'>diesem</span> <span class='ocrx_word' id='word_1_120' title='bbox 1230 1835 1282 1898; x_wconf 80' lang='lat' dir='ltr'>insti</span> 
     </span>
     <span class='ocr_line' id='line_1_16' title="bbox 270 1939 843 2006; baseline 0.007 -2"><span class='ocrx_word' id='word_1_121' title='bbox 270 1953 353 2006; x_wconf 85' lang='lat' dir='ltr'>tutes</span> <span class='ocrx_word' id='word_1_122' title='bbox 367 1963 514 2006; x_wconf 79' lang='lat' dir='ltr'>servasse.</span> <span class='ocrx_word' id='word_1_123' title='bbox 836 1939 843 1944; x_wconf 70' lang='grc'><strong><em>’</em></strong></span> 
     </span>
    </p>

    <p class='ocr_par' dir='ltr' id='par_1_4' title="bbox 200 2045 1286 3213">
     <span class='ocr_line' id='line_1_17' title="bbox 313 2045 1286 2135; baseline -0.004 -23"><span class='ocrx_word' id='word_1_124' title='bbox 313 2047 395 2114; x_wconf 82' lang='grc' dir='ltr'>Τιιιιι</span> <span class='ocrx_word' id='word_1_125' title='bbox 406 2071 485 2135; x_wconf 81' lang='lat' dir='ltr'>ego:</span> <span class='ocrx_word' id='word_1_126' title='bbox 501 2045 669 2112; x_wconf 77' lang='lat' dir='ltr'>Confessus</span> <span class='ocrx_word' id='word_1_127' title='bbox 679 2070 763 2122; x_wconf 84' lang='lat' dir='ltr'>sum,</span> <span class='ocrx_word' id='word_1_128' title='bbox 776 2047 919 2134; x_wconf 86' lang='lat' dir='ltr'>inquom,</span> <span class='ocrx_word' id='word_1_129' title='bbox 930 2059 963 2111; x_wconf 88' lang='lat' dir='ltr'>et</span> <span class='ocrx_word' id='word_1_130' title='bbox 975 2047 1145 2113; x_wconf 82' lang='lat' dir='ltr'>confiteor</span> <span class='ocrx_word' id='word_1_131' title='bbox 1150 2076 1162 2124; x_wconf 83' lang='lat'>,-</span> <span class='ocrx_word' id='word_1_132' title='bbox 1176 2051 1231 2114; x_wconf 83' lang='lat' dir='ltr'>sed</span> <span class='ocrx_word' id='word_1_133' title='bbox 1242 2071 1286 2111; x_wconf 72' lang='lat' dir='ltr'>nu</span> 
     </span>
     <span class='ocr_line' id='line_1_18' title="bbox 268 2155 1285 2246; baseline -0.006 -25"><span class='ocrx_word' id='word_1_134' title='bbox 268 2155 388 2221; x_wconf 79' lang='lat' dir='ltr'>ideireo</span> <span class='ocrx_word' id='word_1_135' title='bbox 404 2156 509 2222; x_wconf 80' lang='lat' dir='ltr'>omnis</span> <span class='ocrx_word' id='word_1_136' title='bbox 525 2177 599 2220; x_wconf 90' lang='lat' dir='ltr'>eum</span> <span class='ocrx_word' id='word_1_137' title='bbox 615 2157 799 2222; x_wconf 75' lang='lat' dir='ltr'>sustinuisse</span> <span class='ocrx_word' id='word_1_138' title='bbox 811 2156 971 2222; x_wconf 74' lang='lat' dir='ltr'>confessus</span> <span class='ocrx_word' id='word_1_139' title='bbox 983 2179 1071 2229; x_wconf 84' lang='lat' dir='ltr'>sum,</span> <span class='ocrx_word' id='word_1_140' title='bbox 1090 2161 1183 2246; x_wconf 83' lang='lat' dir='ltr'>quod</span> <span class='ocrx_word' id='word_1_141' title='bbox 1197 2183 1251 2245; x_wconf 77' lang='lat' dir='ltr'>per</span> <span class='ocrx_word' id='word_1_142' title='bbox 1261 2179 1285 2215; x_wconf 71' lang='lat' dir='ltr'>ev</span> 
     </span>
     <span class='ocr_line' id='line_1_19' title="bbox 268 2262 1284 2352; baseline 0 -26"><span class='ocrx_word' id='word_1_143' title='bbox 268 2262 507 2350; x_wconf 80' lang='lat' dir='ltr'>justificeretur,</span> <span class='ocrx_word' id='word_1_144' title='bbox 523 2263 580 2328; x_wconf 85' lang='lat' dir='ltr'>sed</span> <span class='ocrx_word' id='word_1_145' title='bbox 594 2275 630 2327; x_wconf 91' lang='lat' dir='ltr'>ut</span> <span class='ocrx_word' id='word_1_146' title='bbox 645 2263 909 2350; x_wconf 78' lang='lat' dir='ltr'>dispensationem</span> <span class='ocrx_word' id='word_1_147' title='bbox 922 2262 1113 2350; x_wconf 81' lang='lat' dir='ltr'>periioeret,</span> <span class='ocrx_word' id='word_1_148' title='bbox 1133 2289 1224 2352; x_wconf 73' lang='lat' dir='ltr'>quim</span> <span class='ocrx_word' id='word_1_149' title='bbox 1239 2263 1284 2325; x_wconf 84' lang='grc' dir='ltr'>Ρι-</span> 
     </span>
     <span class='ocr_line' id='line_1_20' title="bbox 268 2370 1283 2456; baseline -0.007 -20"><span class='ocrx_word' id='word_1_150' title='bbox 268 2383 318 2436; x_wconf 80' lang='lat' dir='ltr'>ter</span> <span class='ocrx_word' id='word_1_151' title='bbox 327 2370 437 2456; x_wconf 78' lang='lat' dir='ltr'>ipsius,</span> <span class='ocrx_word' id='word_1_152' title='bbox 451 2383 485 2434; x_wconf 90' lang='lat' dir='ltr'>et</span> <span class='ocrx_word' id='word_1_153' title='bbox 502 2372 720 2438; x_wconf 78' lang='lat' dir='ltr'>universorum</span> <span class='ocrx_word' id='word_1_154' title='bbox 735 2385 863 2437; x_wconf 78' lang='lat' dir='ltr'>creator</span> <span class='ocrx_word' id='word_1_155' title='bbox 878 2393 916 2436; x_wconf 80' lang='lat' dir='ltr'>so</span> <span class='ocrx_word' id='word_1_156' title='bbox 929 2371 1090 2436; x_wconf 87' lang='lat' dir='ltr'>Dominus</span> <span class='ocrx_word' id='word_1_157' title='bbox 1107 2373 1224 2436; x_wconf 69' lang='lat' dir='ltr'>etitem</span> <span class='ocrx_word' id='word_1_158' title='bbox 1236 2391 1283 2430; x_wconf 73' lang='lat' dir='ltr'>vo</span> 
     </span>
     <span class='ocr_line' id='line_1_21' title="bbox 268 2475 1280 2544; baseline -0.005 -3"><span class='ocrx_word' id='word_1_159' title='bbox 268 2475 363 2544; x_wconf 85' lang='lat' dir='ltr'>lebet.</span> <span class='ocrx_word' id='word_1_160' title='bbox 384 2477 463 2542; x_wconf 84' lang='lat' dir='ltr'>Nam</span> <span class='ocrx_word' id='word_1_161' title='bbox 477 2489 510 2542; x_wconf 91' lang='lat' dir='ltr'>et</span> <span class='ocrx_word' id='word_1_162' title='bbox 525 2501 598 2544; x_wconf 87' lang='lat' dir='ltr'>eum</span> <span class='ocrx_word' id='word_1_163' title='bbox 614 2479 770 2544; x_wconf 79' lang='lat' dir='ltr'>confiteor</span> <span class='ocrx_word' id='word_1_164' title='bbox 785 2480 873 2544; x_wconf 82' lang='lat' dir='ltr'>cruci</span> <span class='ocrx_word' id='word_1_165' title='bbox 888 2479 1018 2541; x_wconf 78' lang='lat' dir='ltr'>affixum</span> <span class='ocrx_word' id='word_1_166' title='bbox 1032 2480 1124 2543; x_wconf 85' lang='lat' dir='ltr'>mori</span> <span class='ocrx_word' id='word_1_167' title='bbox 1136 2499 1194 2542; x_wconf 87' lang='lat' dir='ltr'>nou</span> <span class='ocrx_word' id='word_1_168' title='bbox 1204 2475 1280 2540; x_wconf 78' lang='lat' dir='ltr'>reiu-</span> 
     </span>
     <span class='ocr_line' id='line_1_22' title="bbox 269 2585 1281 2676; baseline -0.004 -28"><span class='ocrx_word' id='word_1_169' title='bbox 269 2586 362 2672; x_wconf 78' lang='lat' dir='ltr'>gisse.</span> <span class='ocrx_word' id='word_1_170' title='bbox 374 2597 408 2650; x_wconf 91' lang='lat' dir='ltr'>et</span> <span class='ocrx_word' id='word_1_171' title='bbox 418 2585 580 2652; x_wconf 85' lang='lat' dir='ltr'>hominem</span> <span class='ocrx_word' id='word_1_172' title='bbox 594 2587 661 2653; x_wconf 83' lang='lat' dir='ltr'>fieri</span> <span class='ocrx_word' id='word_1_173' title='bbox 675 2600 707 2652; x_wconf 89' lang='lat' dir='ltr'>et</span> <span class='ocrx_word' id='word_1_174' title='bbox 718 2609 754 2652; x_wconf 86' lang='lat' dir='ltr'>eu</span> <span class='ocrx_word' id='word_1_175' title='bbox 768 2587 832 2676; x_wconf 82' lang='lat' dir='ltr'>peti</span> <span class='ocrx_word' id='word_1_176' title='bbox 848 2607 1059 2674; x_wconf 72' lang='lat' dir='ltr'>quecumque</span> <span class='ocrx_word' id='word_1_177' title='bbox 1074 2588 1108 2651; x_wconf 89' lang='lat' dir='ltr'>in</span> <span class='ocrx_word' id='word_1_178' title='bbox 1121 2585 1281 2651; x_wconf 79' lang='lat' dir='ltr'>eumvesui</span> 
     </span>
     <span class='ocr_line' id='line_1_23' title="bbox 268 2680 1280 2782; baseline -0.006 -24"><span class='ocrx_word' id='word_1_179' title='bbox 268 2694 391 2782; x_wconf 81' lang='lat' dir='ltr'>generis</span> <span class='ocrx_word' id='word_1_180' title='bbox 404 2693 547 2759; x_wconf 90' lang='lat' dir='ltr'>homines</span> <span class='ocrx_word' id='word_1_181' title='bbox 560 2697 626 2758; x_wconf 14' lang='lat' dir='ltr'>aeusi</span> <span class='ocrx_word' id='word_1_182' title='bbox 639 2707 723 2760; x_wconf 87' lang='lat' dir='ltr'>suut.</span> <span class='ocrx_word' id='word_1_183' title='bbox 744 2680 809 2760; x_wconf 87' lang='lat' dir='ltr'>Sed</span> <span class='ocrx_word' id='word_1_184' title='bbox 820 2694 893 2780; x_wconf 84' lang='lat' dir='ltr'>quie</span> <span class='ocrx_word' id='word_1_185' title='bbox 905 2715 1027 2768; x_wconf 87' lang='lat' dir='ltr'>rursus,</span> <span class='ocrx_word' id='word_1_186' title='bbox 1043 2691 1196 2782; x_wconf 78' lang='lat' dir='ltr'><strong>Trypho,</strong></span> <span class='ocrx_word' id='word_1_187' title='bbox 1212 2695 1245 2756; x_wconf 78' lang='lat' dir='ltr'>sb</span> <span class='ocrx_word' id='word_1_188' title='bbox 1257 2691 1280 2752; x_wconf 80' lang='lat' dir='ltr'>ii=</span> 
     </span>
     <span class='ocr_line' id='line_1_24' title="bbox 268 2797 1280 2890; baseline -0.004 -22"><span class='ocrx_word' id='word_1_189' title='bbox 268 2803 401 2868; x_wconf 84' lang='lat' dir='ltr'>discedis</span> <span class='ocrx_word' id='word_1_190' title='bbox 421 2803 535 2890; x_wconf 81' lang='lat' dir='ltr'>quibus</span> <span class='ocrx_word' id='word_1_191' title='bbox 554 2803 650 2868; x_wconf 84' lang='lat' dir='ltr'>medo</span> <span class='ocrx_word' id='word_1_192' title='bbox 669 2803 905 2876; x_wconf 81' lang='lat' dir='ltr'>essentiebsris,</span> <span class='ocrx_word' id='word_1_193' title='bbox 924 2802 1085 2888; x_wconf 75' lang='lat' dir='ltr'>responde</span> <span class='ocrx_word' id='word_1_194' title='bbox 1107 2803 1191 2867; x_wconf 85' lang='lat' dir='ltr'>mihi</span> <span class='ocrx_word' id='word_1_195' title='bbox 1214 2797 1280 2875; x_wconf 69' lang='lat' dir='ltr'>:tui</span> 
     </span>
     <span class='ocr_line' id='line_1_25' title="bbox 268 2910 1280 2999; baseline -0.002 -25"><span class='ocrx_word' id='word_1_196' title='bbox 268 2921 340 2974; x_wconf 83' lang='lat' dir='ltr'>unte</span> <span class='ocrx_word' id='word_1_197' title='bbox 356 2910 475 2974; x_wconf 77' lang='lat' dir='ltr'>Mosem</span> <span class='ocrx_word' id='word_1_198' title='bbox 490 2911 565 2998; x_wconf 85' lang='lat' dir='ltr'>justi</span> <span class='ocrx_word' id='word_1_199' title='bbox 579 2923 612 2974; x_wconf 87' lang='lat' dir='ltr'>et</span> <span class='ocrx_word' id='word_1_200' title='bbox 626 2912 812 2999; x_wconf 79' lang='lat' dir='ltr'>patrierohae</span> <span class='ocrx_word' id='word_1_201' title='bbox 827 2911 973 2982; x_wconf 82' lang='lat' dir='ltr'>extitere,</span> <span class='ocrx_word' id='word_1_202' title='bbox 987 2932 1067 2974; x_wconf 84' lang='lat' dir='ltr'>oum</span> <span class='ocrx_word' id='word_1_203' title='bbox 1092 2911 1178 2976; x_wconf 86' lang='lat' dir='ltr'>nihil</span> <span class='ocrx_word' id='word_1_204' title='bbox 1194 2929 1280 2975; x_wconf 87' lang='lat' dir='ltr'>eovnu</span> 
     </span>
     <span class='ocr_line' id='line_1_26' title="bbox 267 3016 1281 3105; baseline -0.004 -25"><span class='ocrx_word' id='word_1_205' title='bbox 267 3016 500 3081; x_wconf 72' lang='lat' dir='ltr'>observaverint</span> <span class='ocrx_word' id='word_1_206' title='bbox 510 3039 718 3104; x_wconf 75' lang='lat' dir='ltr'>quaecumque</span> <span class='ocrx_word' id='word_1_207' title='bbox 729 3017 892 3105; x_wconf 84' lang='lat' dir='ltr'>Sovipturu</span> <span class='ocrx_word' id='word_1_208' title='bbox 904 3017 1104 3082; x_wconf 78' lang='lat' dir='ltr'>demonstret</span> <span class='ocrx_word' id='word_1_209' title='bbox 1118 3020 1243 3083; x_wconf 83' lang='lat' dir='ltr'>initium</span> <span class='ocrx_word' id='word_1_210' title='bbox 1252 3017 1281 3078; x_wconf 86' lang='lat' dir='ltr'>iu-</span> 
     </span>
     <span class='ocr_line' id='line_1_27' title="bbox 200 3123 1282 3213; baseline 0.005 -27"><span class='ocrx_word' id='word_1_211' title='bbox 200 3187 208 3196; x_wconf 78' lang='lat'><em>,</em></span> <span class='ocrx_word' id='word_1_212' title='bbox 268 3123 472 3189; x_wconf 79' lang='lat' dir='ltr'>stitutionisu</span> <span class='ocrx_word' id='word_1_213' title='bbox 488 3125 573 3190; x_wconf 85' lang='lat' dir='ltr'>Mose</span> <span class='ocrx_word' id='word_1_214' title='bbox 588 3125 763 3213; x_wconf 72' lang='lat' dir='ltr'>sucepisse5</span> <span class='ocrx_word' id='word_1_215' title='bbox 787 3123 920 3190; x_wconf 86' lang='lat' dir='ltr'>sulutem</span> <span class='ocrx_word' id='word_1_216' title='bbox 937 3123 958 3188; x_wconf 93' lang='lat' dir='ltr'>ii</span> <span class='ocrx_word' id='word_1_217' title='bbox 972 3137 1189 3211; x_wconf 79' lang='lat' dir='ltr'>assequentur</span> <span class='ocrx_word' id='word_1_218' title='bbox 1205 3147 1282 3190; x_wconf 74' lang='lat' dir='ltr'>nece</span> 
     </span>
    </p>

    <p class='ocr_par' dir='ltr' id='par_1_5' title="bbox 242 3231 1315 3968">
     <span class='ocr_line' id='line_1_28' title="bbox 267 3231 704 3298; baseline 0 -2"><span class='ocrx_word' id='word_1_219' title='bbox 267 3232 301 3298; x_wconf 89' lang='lat' dir='ltr'>in</span> <span class='ocrx_word' id='word_1_220' title='bbox 316 3233 483 3298; x_wconf 78' lang='lat' dir='ltr'>beatorum</span> <span class='ocrx_word' id='word_1_221' title='bbox 499 3231 704 3298; x_wconf 71' lang='lat' dir='ltr'>hereditate?</span> 
     </span>
     <span class='ocr_line' id='line_1_29' title="bbox 311 3337 1244 3429; baseline -0.006 -21"><span class='ocrx_word' id='word_1_222' title='bbox 311 3339 353 3408; x_wconf 78' lang='lat' dir='ltr'>At</span> <span class='ocrx_word' id='word_1_223' title='bbox 366 3339 517 3429; x_wconf 76' lang='lat' dir='ltr'>Trypho:</span> <span class='ocrx_word' id='word_1_224' title='bbox 534 3339 663 3427; x_wconf 75' lang='lat' dir='ltr'>(lugunt</span> <span class='ocrx_word' id='word_1_225' title='bbox 678 3361 742 3413; x_wconf 82' lang='lat' dir='ltr'>me,</span> <span class='ocrx_word' id='word_1_226' title='bbox 760 3339 872 3426; x_wconf 86' lang='lat' dir='ltr'>inquit,</span> <span class='ocrx_word' id='word_1_227' title='bbox 889 3337 1061 3426; x_wconf 79' lang='lat' dir='ltr'>Scripturae</span> <span class='ocrx_word' id='word_1_228' title='bbox 1078 3339 1244 3404; x_wconf 80' lang='lat' dir='ltr'>confiteri.</span> 
     </span>
     <span class='ocr_line' id='line_1_30' title="bbox 311 3443 1315 3534; baseline -0.002 -20"><span class='ocrx_word' id='word_1_229' title='bbox 311 3447 432 3514; x_wconf 79' lang='lat' dir='ltr'>lterum</span> <span class='ocrx_word' id='word_1_230' title='bbox 451 3459 496 3521; x_wconf 86' lang='lat' dir='ltr'>te,</span> <span class='ocrx_word' id='word_1_231' title='bbox 516 3447 660 3534; x_wconf 82' lang='lat' dir='ltr'>iuquam,</span> <span class='ocrx_word' id='word_1_232' title='bbox 679 3443 822 3511; x_wconf 84' lang='lat' dir='ltr'>similiter</span> <span class='ocrx_word' id='word_1_233' title='bbox 836 3445 1019 3533; x_wconf 83' lang='lat' dir='ltr'>interrogo:</span> <span class='ocrx_word' id='word_1_234' title='bbox 1043 3445 1137 3510; x_wconf 78' lang='lat' dir='ltr'>Dona</span> <span class='ocrx_word' id='word_1_235' title='bbox 1158 3459 1192 3512; x_wconf 87' lang='lat' dir='ltr'>et</span> <span class='ocrx_word' id='word_1_236' title='bbox 1214 3447 1283 3512; x_wconf 82' lang='lat' dir='ltr'>vidi·</span> <span class='ocrx_word' id='word_1_237' title='bbox 1314 3492 1315 3497; x_wconf 22' lang='grc' dir='ltr'><strong>κ</strong></span> 
     </span>
     <span class='ocr_line' id='line_1_31' title="bbox 267 3551 1283 3644; baseline -0.002 -22"><span class='ocrx_word' id='word_1_238' title='bbox 267 3579 334 3622; x_wconf 83' lang='lat' dir='ltr'>mss</span> <span class='ocrx_word' id='word_1_239' title='bbox 344 3558 430 3623; x_wconf 88' lang='lat' dir='ltr'>Deus</span> <span class='ocrx_word' id='word_1_240' title='bbox 442 3559 483 3622; x_wconf 90' lang='lat' dir='ltr'>ob</span> <span class='ocrx_word' id='word_1_241' title='bbox 499 3556 665 3644; x_wconf 79' lang='lat' dir='ltr'>penuriam</span> <span class='ocrx_word' id='word_1_242' title='bbox 675 3555 819 3644; x_wconf 81' lang='lat' dir='ltr'>putribus</span> <span class='ocrx_word' id='word_1_243' title='bbox 831 3551 941 3618; x_wconf 86' lang='lat' dir='ltr'>ves&#39;tris</span> <span class='ocrx_word' id='word_1_244' title='bbox 956 3554 1137 3640; x_wconf 79' lang='lat' dir='ltr'>imperavit,</span> <span class='ocrx_word' id='word_1_245' title='bbox 1156 3579 1198 3620; x_wconf 82' lang='lat' dir='ltr'>sn</span> <span class='ocrx_word' id='word_1_246' title='bbox 1211 3577 1283 3644; x_wconf 76' lang='lat' dir='ltr'>prop</span> 
     </span>
     <span class='ocr_line' id='line_1_32' title="bbox 267 3662 1285 3731; baseline 0 -5"><span class='ocrx_word' id='word_1_247' title='bbox 267 3675 315 3726; x_wconf 85' lang='lat' dir='ltr'>ter</span> <span class='ocrx_word' id='word_1_248' title='bbox 334 3664 482 3728; x_wconf 78' lang='lat' dir='ltr'>duritiem</span> <span class='ocrx_word' id='word_1_249' title='bbox 501 3665 606 3730; x_wconf 84' lang='lat' dir='ltr'>cordis</span> <span class='ocrx_word' id='word_1_250' title='bbox 625 3663 751 3731; x_wconf 89' lang='lat' dir='ltr'>iliorum</span> <span class='ocrx_word' id='word_1_251' title='bbox 772 3675 805 3728; x_wconf 87' lang='lat' dir='ltr'>et</span> <span class='ocrx_word' id='word_1_252' title='bbox 825 3664 966 3730; x_wconf 81' lang='lat' dir='ltr'>animum</span> <span class='ocrx_word' id='word_1_253' title='bbox 987 3663 1027 3726; x_wconf 83' lang='lat' dir='ltr'>ed</span> <span class='ocrx_word' id='word_1_254' title='bbox 1049 3662 1228 3730; x_wconf 79' lang='lat' dir='ltr'>simulacre</span> <span class='ocrx_word' id='word_1_255' title='bbox 1249 3687 1285 3730; x_wconf 78' lang='lat' dir='ltr'>te</span> 
     </span>
     <span class='ocr_line' id='line_1_33' title="bbox 242 3768 569 3864; baseline 0.003 -30"><span class='ocrx_word' id='word_1_256' title='bbox 242 3847 249 3864; x_wconf 35' lang='grc' dir='ltr'>ι</span> <span class='ocrx_word' id='word_1_257' title='bbox 267 3769 359 3836; x_wconf 80' lang='lat' dir='ltr'>lenda</span> <span class='ocrx_word' id='word_1_258' title='bbox 374 3768 569 3857; x_wconf 71' lang='lat' dir='ltr'>proclivem?</span> 
     </span>
     <span class='ocr_line' id='line_1_34' title="bbox 311 3877 1282 3968; baseline 0 -26"><span class='ocrx_word' id='word_1_259' title='bbox 311 3877 347 3942; x_wconf 92' lang='lat' dir='ltr'>Id</span> <span class='ocrx_word' id='word_1_260' title='bbox 355 3901 495 3964; x_wconf 88' lang='lat' dir='ltr'>quoque,</span> <span class='ocrx_word' id='word_1_261' title='bbox 507 3879 621 3968; x_wconf 87' lang='lat' dir='ltr'>iuquit,</span> <span class='ocrx_word' id='word_1_262' title='bbox 631 3891 750 3966; x_wconf 78' lang='lat' dir='ltr'>cogunt</span> <span class='ocrx_word' id='word_1_263' title='bbox 758 3899 815 3944; x_wconf 85' lang='lat' dir='ltr'>nos</span> <span class='ocrx_word' id='word_1_264' title='bbox 826 3877 1126 3966; x_wconf 78' lang='lat' dir='ltr'>Scripturaeperiter</span> <span class='ocrx_word' id='word_1_265' title='bbox 1136 3879 1282 3944; x_wconf 63' lang='lat' dir='ltr'>conflue</span> 
     </span>
    </p>
   </div>
   <div class='ocr_carea' id='block_1_3' title="bbox 0 0 1324 4622">
    <p class='ocr_par' dir='ltr' id='par_1_6' title="bbox 0 0 1324 4622">
     <span class='ocr_line' id='line_1_35' title="bbox 0 0 1324 4622; baseline 0 3"><span class='ocrx_word' id='word_1_266' title='bbox 0 0 1324 4622; x_wconf 95' lang='lat' dir='ltr'> </span> 
     </span>
    </p>
   </div>
   <div class='ocr_carea' id='block_1_4' title="bbox 1316 2290 1323 3022">
    <p class='ocr_par' dir='ltr' id='par_1_7' title="bbox 1316 2290 1323 3022">
     <span class='ocr_line' id='line_1_36' title="bbox 1316 2290 1323 3022; baseline 0 0"><span class='ocrx_word' id='word_1_267' title='bbox 1316 2290 1323 3022; x_wconf 95' lang='lat' dir='ltr'> </span> 
     </span>
    </p>
   </div>
   <div class='ocr_carea' id='block_1_5' title="bbox 1316 2290 1323 3022">
    <p class='ocr_par' dir='ltr' id='par_1_8' title="bbox 1316 2290 1323 3022">
     <span class='ocr_line' id='line_1_37' title="bbox 1316 2290 1323 3022; baseline 0 0"><span class='ocrx_word' id='word_1_268' title='bbox 1316 2290 1323 3022; x_wconf 95' lang='lat' dir='ltr'> </span> 
     </span>
    </p>
   </div>
  </div>
 </body>
</html>
