<?xml version="1.0" encoding="UTF-8"?>
<!DOCTYPE html PUBLIC "-//W3C//DTD XHTML 1.0 Transitional//EN"
    "http://www.w3.org/TR/xhtml1/DTD/xhtml1-transitional.dtd">
<html xmlns="http://www.w3.org/1999/xhtml" xml:lang="en" lang="en">
 <head>
  <title>
</title>
<meta http-equiv="Content-Type" content="text/html;charset=utf-8" />
  <meta name='ocr-system' content='tesseract 3.04.00' />
  <meta name='ocr-capabilities' content='ocr_page ocr_carea ocr_par ocr_line ocrx_word'/>
</head>
<body>
  <div class='ocr_page' id='page_1' title='image "./collectioselect02guilgoog_0638.png"; bbox 0 0 2616 4620; ppageno 0'>
   <div class='ocr_carea' id='block_1_1' title="bbox 375 247 1080 317">
    <p class='ocr_par' dir='ltr' id='par_1_1' title="bbox 375 247 1080 317">
     <span class='ocr_line' id='line_1_1' title="bbox 375 247 1080 317; baseline 0.004 -10"><span class='ocrx_word' id='word_1_1' title='bbox 375 266 413 307; x_wconf 83' lang='lat' dir='ltr'><strong>an</strong></span> <span class='ocrx_word' id='word_1_2' title='bbox 438 263 721 317; x_wconf 78' lang='lat' dir='ltr'><strong>rurotveuu,u1u.</strong></span> <span class='ocrx_word' id='word_1_3' title='bbox 748 267 769 308; x_wconf 91' lang='lat'><strong>1.</strong></span> <span class='ocrx_word' id='word_1_4' title='bbox 1022 247 1080 310; x_wconf 76' lang='lat'><strong>155</strong></span> 
     </span>
    </p>
   </div>
   <div class='ocr_carea' id='block_1_2' title="bbox 56 371 1146 3947">
    <p class='ocr_par' dir='ltr' id='par_1_2' title="bbox 56 371 1146 2638">
     <span class='ocr_line' id='line_1_2' title="bbox 56 371 1083 461; baseline 0.002 -23"><span class='ocrx_word' id='word_1_5' title='bbox 56 385 136 438; x_wconf 88' lang='lat' dir='ltr'><strong>esta</strong></span> <span class='ocrx_word' id='word_1_6' title='bbox 155 393 285 461; x_wconf 75' lang='lat' dir='ltr'><strong>caprea:</strong></span> <span class='ocrx_word' id='word_1_7' title='bbox 300 394 433 461; x_wconf 88' lang='lat' dir='ltr'><strong>eamque</strong></span> <span class='ocrx_word' id='word_1_8' title='bbox 451 394 525 438; x_wconf 89' lang='lat' dir='ltr'><strong>cum</strong></span> <span class='ocrx_word' id='word_1_9' title='bbox 540 383 719 448; x_wconf 87' lang='lat' dir='ltr'><strong>mactasset,</strong></span> <span class='ocrx_word' id='word_1_10' title='bbox 733 384 767 438; x_wconf 89' lang='lat' dir='ltr'><strong>ut</strong></span> <span class='ocrx_word' id='word_1_11' title='bbox 786 371 892 438; x_wconf 90' lang='lat' dir='ltr'><strong>ferunt</strong></span> <span class='ocrx_word' id='word_1_12' title='bbox 909 371 1034 450; x_wconf 72' lang='lat' dir='ltr'><strong>fabulae,</strong></span> <span class='ocrx_word' id='word_1_13' title='bbox 1050 387 1083 440; x_wconf 88' lang='lat' dir='ltr'><strong>et</strong></span> 
     </span>
     <span class='ocr_line' id='line_1_3' title="bbox 56 480 1082 571; baseline 0.005 -24"><span class='ocrx_word' id='word_1_14' title='bbox 56 480 175 570; x_wconf 91' lang='lat' dir='ltr'><strong>pellem</strong></span> <span class='ocrx_word' id='word_1_15' title='bbox 186 482 382 558; x_wconf 82' lang='lat' dir='ltr'><strong>detraxisset,</strong></span> <span class='ocrx_word' id='word_1_16' title='bbox 397 482 473 548; x_wconf 90' lang='lat' dir='ltr'><strong>fecit</strong></span> <span class='ocrx_word' id='word_1_17' title='bbox 488 482 547 550; x_wconf 87' lang='lat' dir='ltr'><strong>sihi</strong></span> <span class='ocrx_word' id='word_1_18' title='bbox 562 481 792 550; x_wconf 88' lang='lat' dir='ltr'><strong>indumentum.</strong></span> <span class='ocrx_word' id='word_1_19' title='bbox 808 483 928 550; x_wconf 70' lang='lat' dir='ltr'><strong>Caetera</strong></span> <span class='ocrx_word' id='word_1_20' title='bbox 940 484 1009 571; x_wconf 88' lang='lat' dir='ltr'><strong>ejus</strong></span> <span class='ocrx_word' id='word_1_21' title='bbox 1021 484 1082 552; x_wconf 90' lang='lat' dir='ltr'><strong>fac·</strong></span> 
     </span>
     <span class='ocr_line' id='line_1_4' title="bbox 57 589 1084 682; baseline 0.003 -26"><span class='ocrx_word' id='word_1_22' title='bbox 57 605 104 666; x_wconf 88' lang='lat' dir='ltr'><strong>ta,</strong></span> <span class='ocrx_word' id='word_1_23' title='bbox 125 592 259 658; x_wconf 85' lang='lat' dir='ltr'><strong>incestos</strong></span> <span class='ocrx_word' id='word_1_24' title='bbox 275 613 349 657; x_wconf 90' lang='lat' dir='ltr'><strong>cum</strong></span> <span class='ocrx_word' id='word_1_25' title='bbox 367 614 474 657; x_wconf 86' lang='lat' dir='ltr'><strong>sorore</strong></span> <span class='ocrx_word' id='word_1_26' title='bbox 490 591 603 667; x_wconf 87' lang='lat' dir='ltr'><strong>coitus,</strong></span> <span class='ocrx_word' id='word_1_27' title='bbox 621 589 784 669; x_wconf 86' lang='lat' dir='ltr'><strong>adulteria,</strong></span> <span class='ocrx_word' id='word_1_28' title='bbox 798 590 881 658; x_wconf 89' lang='lat' dir='ltr'><strong>illata</strong></span> <span class='ocrx_word' id='word_1_29' title='bbox 895 593 1000 682; x_wconf 83' lang='lat' dir='ltr'><strong>pueris</strong></span> <span class='ocrx_word' id='word_1_30' title='bbox 1019 604 1084 660; x_wconf 88' lang='lat' dir='ltr'><strong>stu·</strong></span> 
     </span>
     <span class='ocr_line' id='line_1_5' title="bbox 58 699 1084 790; baseline 0.004 -26"><span class='ocrx_word' id='word_1_31' title='bbox 58 723 129 789; x_wconf 90' lang='lat' dir='ltr'><strong>pra,</strong></span> <span class='ocrx_word' id='word_1_32' title='bbox 149 699 261 766; x_wconf 85' lang='lat' dir='ltr'><strong>melius</strong></span> <span class='ocrx_word' id='word_1_33' title='bbox 278 701 433 766; x_wconf 80' lang='lat' dir='ltr'><strong>Homerus</strong></span> <span class='ocrx_word' id='word_1_34' title='bbox 447 713 479 765; x_wconf 87' lang='lat' dir='ltr'><strong>et</strong></span> <span class='ocrx_word' id='word_1_35' title='bbox 496 699 600 766; x_wconf 70' lang='lat' dir='ltr'><strong>caeteri</strong></span> <span class='ocrx_word' id='word_1_36' title='bbox 619 712 719 789; x_wconf 79' lang='lat' dir='ltr'><strong>poetae</strong></span> <span class='ocrx_word' id='word_1_37' title='bbox 738 701 978 790; x_wconf 87' lang='lat' dir='ltr'><strong>descripserunt.</strong></span> <span class='ocrx_word' id='word_1_38' title='bbox 997 703 1084 782; x_wconf 89' lang='lat' dir='ltr'><strong>Quid</strong></span> 
     </span>
     <span class='ocr_line' id='line_1_6' title="bbox 58 806 1083 895; baseline 0.004 -21"><span class='ocrx_word' id='word_1_39' title='bbox 58 819 174 874; x_wconf 66' lang='lat' dir='ltr'><strong>caetera</strong></span> <span class='ocrx_word' id='word_1_40' title='bbox 192 808 232 871; x_wconf 92' lang='lat' dir='ltr'><strong>ad</strong></span> <span class='ocrx_word' id='word_1_41' title='bbox 248 808 317 895; x_wconf 87' lang='lat' dir='ltr'><strong>ejus</strong></span> <span class='ocrx_word' id='word_1_42' title='bbox 332 806 412 872; x_wconf 85' lang='lat' dir='ltr'><strong>lilios</strong></span> <span class='ocrx_word' id='word_1_43' title='bbox 428 809 599 895; x_wconf 78' lang='lat' dir='ltr'><strong>spectantia</strong></span> <span class='ocrx_word' id='word_1_44' title='bbox 611 809 817 874; x_wconf 79' lang='lat' dir='ltr'><strong>enumerem?</strong></span> <span class='ocrx_word' id='word_1_45' title='bbox 828 810 1030 877; x_wconf 88' lang='lat' dir='ltr'><strong>llerculoma</strong></span> <span class='ocrx_word' id='word_1_46' title='bbox 1049 835 1083 878; x_wconf 84' lang='lat' dir='ltr'><strong>ae</strong></span> 
     </span>
     <span class='ocr_line' id='line_1_7' title="bbox 59 917 1083 1009; baseline 0.005 -27"><span class='ocrx_word' id='word_1_47' title='bbox 59 920 128 1006; x_wconf 90' lang='lat' dir='ltr'><strong>ipso</strong></span> <span class='ocrx_word' id='word_1_48' title='bbox 141 918 342 983; x_wconf 90' lang='lat' dir='ltr'><strong>combustum</strong></span> <span class='ocrx_word' id='word_1_49' title='bbox 352 939 360 980; x_wconf 92' lang='lat'>:</span> <span class='ocrx_word' id='word_1_50' title='bbox 370 917 531 982; x_wconf 89' lang='lat' dir='ltr'><strong>Bacchum</strong></span> <span class='ocrx_word' id='word_1_51' title='bbox 545 917 668 982; x_wconf 90' lang='lat' dir='ltr'><strong>ebrium</strong></span> <span class='ocrx_word' id='word_1_52' title='bbox 679 928 711 982; x_wconf 89' lang='lat' dir='ltr'><strong>et</strong></span> <span class='ocrx_word' id='word_1_53' title='bbox 723 917 894 984; x_wconf 87' lang='lat' dir='ltr'><strong>furentem:</strong></span> <span class='ocrx_word' id='word_1_54' title='bbox 906 920 1083 1009; x_wconf 84' lang='lat' dir='ltr'><strong>Apollinem</strong></span> 
     </span>
     <span class='ocr_line' id='line_1_8' title="bbox 59 1021 1086 1117; baseline 0.004 -25"><span class='ocrx_word' id='word_1_55' title='bbox 59 1021 192 1092; x_wconf 81' lang='lat' dir='ltr'><strong>Achillis</strong></span> <span class='ocrx_word' id='word_1_56' title='bbox 203 1035 290 1089; x_wconf 90' lang='lat' dir='ltr'><strong>metu</strong></span> <span class='ocrx_word' id='word_1_57' title='bbox 301 1023 485 1111; x_wconf 81' lang='lat' dir='ltr'><strong>fugientem,</strong></span> <span class='ocrx_word' id='word_1_58' title='bbox 497 1034 529 1090; x_wconf 91' lang='lat' dir='ltr'><strong>et</strong></span> <span class='ocrx_word' id='word_1_59' title='bbox 539 1023 688 1112; x_wconf 87' lang='lat' dir='ltr'><strong>Daphnes</strong></span> <span class='ocrx_word' id='word_1_60' title='bbox 703 1037 888 1103; x_wconf 91' lang='lat' dir='ltr'><strong>amatorem,</strong></span> <span class='ocrx_word' id='word_1_61' title='bbox 904 1039 935 1094; x_wconf 90' lang='lat' dir='ltr'><strong>et</strong></span> <span class='ocrx_word' id='word_1_62' title='bbox 950 1030 1086 1117; x_wconf 89' lang='lat' dir='ltr'><strong>Hyacin-</strong></span> 
     </span>
     <span class='ocr_line' id='line_1_9' title="bbox 60 1131 1083 1220; baseline 0.006 -23"><span class='ocrx_word' id='word_1_63' title='bbox 60 1133 108 1198; x_wconf 92' lang='lat' dir='ltr'><strong>thi</strong></span> <span class='ocrx_word' id='word_1_64' title='bbox 126 1133 236 1199; x_wconf 90' lang='lat' dir='ltr'><strong>mortis</strong></span> <span class='ocrx_word' id='word_1_65' title='bbox 250 1133 395 1220; x_wconf 78' lang='lat' dir='ltr'><strong>ignarum</strong></span> <span class='ocrx_word' id='word_1_66' title='bbox 409 1155 416 1195; x_wconf 92' lang='lat'><strong>:</strong></span> <span class='ocrx_word' id='word_1_67' title='bbox 431 1131 587 1200; x_wconf 85' lang='lat' dir='ltr'><strong>Venerem</strong></span> <span class='ocrx_word' id='word_1_68' title='bbox 601 1131 808 1209; x_wconf 88' lang='lat' dir='ltr'><strong>vulneratam,</strong></span> <span class='ocrx_word' id='word_1_69' title='bbox 828 1134 959 1202; x_wconf 87' lang='lat' dir='ltr'><strong>lllartem</strong></span> <span class='ocrx_word' id='word_1_70' title='bbox 978 1137 1083 1203; x_wconf 90' lang='lat' dir='ltr'><strong>homi·</strong></span> 
     </span>
     <span class='ocr_line' id='line_1_10' title="bbox 60 1223 1085 1332; baseline 0.006 -25"><span class='ocrx_word' id='word_1_71' title='bbox 60 1264 140 1307; x_wconf 91' lang='lat' dir='ltr'><strong>num</strong></span> <span class='ocrx_word' id='word_1_72' title='bbox 157 1242 345 1330; x_wconf 69' lang='lat' dir='ltr'><strong>perniciem</strong></span> <span class='ocrx_word' id='word_1_73' title='bbox 364 1251 514 1329; x_wconf 75' lang='lat' dir='ltr'><strong>praeterea</strong></span> <span class='ocrx_word' id='word_1_74' title='bbox 533 1241 717 1330; x_wconf 83' lang='lat' dir='ltr'><strong>sanguinem</strong></span> <span class='ocrx_word' id='word_1_75' title='bbox 736 1264 776 1306; x_wconf 83' lang='lat' dir='ltr'><strong>ex</strong></span> <span class='ocrx_word' id='word_1_76' title='bbox 798 1242 846 1308; x_wconf 88' lang='lat' dir='ltr'><strong>his</strong></span> <span class='ocrx_word' id='word_1_77' title='bbox 864 1265 942 1332; x_wconf 84' lang='lat' dir='ltr'><strong>quos</strong></span> <span class='ocrx_word' id='word_1_78' title='bbox 968 1223 1085 1314; x_wconf 81' lang='lat' dir='ltr'><strong>vocatis</strong></span> 
     </span>
     <span class='ocr_line' id='line_1_11' title="bbox 62 1343 1085 1439; baseline 0.004 -23"><span class='ocrx_word' id='word_1_79' title='bbox 62 1351 121 1416; x_wconf 91' lang='lat' dir='ltr'><strong>diis</strong></span> <span class='ocrx_word' id='word_1_80' title='bbox 137 1350 480 1439; x_wconf 75' lang='lat' dir='ltr'><strong>profluentemldtque</strong></span> <span class='ocrx_word' id='word_1_81' title='bbox 498 1349 568 1416; x_wconf 87' lang='lat' dir='ltr'><strong>haec</strong></span> <span class='ocrx_word' id='word_1_82' title='bbox 578 1351 706 1439; x_wconf 90' lang='lat' dir='ltr'><strong>quidem</strong></span> <span class='ocrx_word' id='word_1_83' title='bbox 717 1363 791 1418; x_wconf 90' lang='lat' dir='ltr'><strong>sunt</strong></span> <span class='ocrx_word' id='word_1_84' title='bbox 802 1343 890 1419; x_wconf 80' lang='lat' dir='ltr'><strong>dictu</strong></span> <span class='ocrx_word' id='word_1_85' title='bbox 901 1354 1085 1432; x_wconf 82' lang='lat' dir='ltr'><strong>mediocria,</strong></span> 
     </span>
     <span class='ocr_line' id='line_1_12' title="bbox 63 1459 1086 1550; baseline 0.004 -25"><span class='ocrx_word' id='word_1_86' title='bbox 63 1460 319 1549; x_wconf 86' lang='lat' dir='ltr'><strong>quandoquidem</strong></span> <span class='ocrx_word' id='word_1_87' title='bbox 333 1459 418 1524; x_wconf 86' lang='lat' dir='ltr'><strong>Deus</strong></span> <span class='ocrx_word' id='word_1_88' title='bbox 439 1460 594 1547; x_wconf 90' lang='lat' dir='ltr'><strong>reperitur</strong></span> <span class='ocrx_word' id='word_1_89' title='bbox 607 1461 808 1526; x_wconf 82' lang='lat' dir='ltr'><strong>membratim</strong></span> <span class='ocrx_word' id='word_1_90' title='bbox 824 1460 1010 1550; x_wconf 88' lang='lat' dir='ltr'><strong>discerptus,</strong></span> <span class='ocrx_word' id='word_1_91' title='bbox 1027 1486 1086 1529; x_wconf 93' lang='lat' dir='ltr'><strong>no-</strong></span> 
     </span>
     <span class='ocr_line' id='line_1_13' title="bbox 62 1569 1085 1658; baseline 0.002 -22"><span class='ocrx_word' id='word_1_92' title='bbox 62 1570 149 1637; x_wconf 91' lang='lat' dir='ltr'><strong>mine</strong></span> <span class='ocrx_word' id='word_1_93' title='bbox 166 1569 277 1646; x_wconf 84' lang='lat' dir='ltr'><strong>Osiris,</strong></span> <span class='ocrx_word' id='word_1_94' title='bbox 295 1570 386 1658; x_wconf 84' lang='lat' dir='ltr'><strong>cujus</strong></span> <span class='ocrx_word' id='word_1_95' title='bbox 401 1569 497 1634; x_wconf 90' lang='lat' dir='ltr'><strong>etiam</strong></span> <span class='ocrx_word' id='word_1_96' title='bbox 519 1570 667 1657; x_wconf 88' lang='lat' dir='ltr'><strong>mysteria</strong></span> <span class='ocrx_word' id='word_1_97' title='bbox 685 1572 851 1658; x_wconf 74' lang='lat' dir='ltr'><strong>quotannis</strong></span> <span class='ocrx_word' id='word_1_98' title='bbox 872 1570 1085 1649; x_wconf 89' lang='lat' dir='ltr'><strong>celebrantur,</strong></span> 
     </span>
     <span class='ocr_line' id='line_1_14' title="bbox 62 1677 1085 1770; baseline 0 -24"><span class='ocrx_word' id='word_1_99' title='bbox 62 1681 151 1770; x_wconf 88' lang='lat' dir='ltr'><strong>quasi</strong></span> <span class='ocrx_word' id='word_1_100' title='bbox 172 1691 282 1768; x_wconf 87' lang='lat' dir='ltr'><strong>pereat</strong></span> <span class='ocrx_word' id='word_1_101' title='bbox 295 1691 328 1745; x_wconf 91' lang='lat' dir='ltr'><strong>et</strong></span> <span class='ocrx_word' id='word_1_102' title='bbox 344 1679 531 1754; x_wconf 88' lang='lat' dir='ltr'><strong>inveniatur,</strong></span> <span class='ocrx_word' id='word_1_103' title='bbox 550 1691 583 1744; x_wconf 89' lang='lat' dir='ltr'><strong>et</strong></span> <span class='ocrx_word' id='word_1_104' title='bbox 605 1677 724 1767; x_wconf 78' lang='lat' dir='ltr'><strong>singula</strong></span> <span class='ocrx_word' id='word_1_105' title='bbox 744 1681 814 1768; x_wconf 91' lang='lat' dir='ltr'><strong>ejus</strong></span> <span class='ocrx_word' id='word_1_106' title='bbox 835 1682 976 1746; x_wconf 84' lang='lat' dir='ltr'><strong>membre</strong></span> <span class='ocrx_word' id='word_1_107' title='bbox 1000 1705 1085 1769; x_wconf 84' lang='lat' dir='ltr'><strong>quae-</strong></span> 
     </span>
     <span class='ocr_line' id='line_1_15' title="bbox 62 1788 1086 1877; baseline 0.002 -22"><span class='ocrx_word' id='word_1_108' title='bbox 62 1799 190 1864; x_wconf 69' lang='lat' dir='ltr'><strong>rantura</strong></span> <span class='ocrx_word' id='word_1_109' title='bbox 205 1789 405 1876; x_wconf 89' lang='lat' dir='ltr'><strong>nequeenim</strong></span> <span class='ocrx_word' id='word_1_110' title='bbox 421 1799 527 1854; x_wconf 93' lang='lat' dir='ltr'><strong>utrum</strong></span> <span class='ocrx_word' id='word_1_111' title='bbox 538 1788 668 1877; x_wconf 87' lang='lat' dir='ltr'><strong>perierit</strong></span> <span class='ocrx_word' id='word_1_112' title='bbox 685 1789 795 1865; x_wconf 89' lang='lat' dir='ltr'><strong>scitur,</strong></span> <span class='ocrx_word' id='word_1_113' title='bbox 807 1812 910 1876; x_wconf 87' lang='lat' dir='ltr'><strong>neque</strong></span> <span class='ocrx_word' id='word_1_114' title='bbox 922 1803 1028 1856; x_wconf 89' lang='lat' dir='ltr'><strong>utrum</strong></span> <span class='ocrx_word' id='word_1_115' title='bbox 1040 1792 1086 1857; x_wconf 91' lang='lat' dir='ltr'><strong>in-</strong></span> 
     </span>
     <span class='ocr_line' id='line_1_16' title="bbox 64 1895 1146 1975; baseline 0.002 -11"><span class='ocrx_word' id='word_1_116' title='bbox 64 1900 210 1964; x_wconf 89' lang='lat' dir='ltr'><strong>veniatur</strong></span> <span class='ocrx_word' id='word_1_117' title='bbox 226 1897 412 1962; x_wconf 77' lang='lat' dir='ltr'><strong>ostenditur.</strong></span> <span class='ocrx_word' id='word_1_118' title='bbox 431 1895 518 1975; x_wconf 86' lang='lat' dir='ltr'><strong>Quid</strong></span> <span class='ocrx_word' id='word_1_119' title='bbox 536 1896 641 1962; x_wconf 87' lang='lat' dir='ltr'><strong>dicam</strong></span> <span class='ocrx_word' id='word_1_120' title='bbox 658 1896 733 1962; x_wconf 81' lang='lat' dir='ltr'><strong>Atin</strong></span> <span class='ocrx_word' id='word_1_121' title='bbox 750 1908 933 1973; x_wconf 87' lang='lat' dir='ltr'><strong>castratum,</strong></span> <span class='ocrx_word' id='word_1_122' title='bbox 950 1897 1087 1966; x_wconf 81' lang='lat' dir='ltr'><strong>Adonim</strong></span> <span class='ocrx_word' id='word_1_123' title='bbox 1143 1921 1146 1928; x_wconf 83' lang='lat'>·</span> 
     </span>
     <span class='ocr_line' id='line_1_17' title="bbox 65 2003 1086 2093; baseline 0.001 -22"><span class='ocrx_word' id='word_1_124' title='bbox 65 2009 98 2072; x_wconf 93' lang='lat' dir='ltr'><strong>in</strong></span> <span class='ocrx_word' id='word_1_125' title='bbox 113 2005 199 2093; x_wconf 89' lang='lat' dir='ltr'><strong>sylva</strong></span> <span class='ocrx_word' id='word_1_126' title='bbox 214 2015 385 2079; x_wconf 82' lang='lat' dir='ltr'><strong>errantem,</strong></span> <span class='ocrx_word' id='word_1_127' title='bbox 397 2015 429 2070; x_wconf 91' lang='lat' dir='ltr'><strong>et</strong></span> <span class='ocrx_word' id='word_1_128' title='bbox 440 2005 522 2072; x_wconf 91' lang='lat' dir='ltr'><strong>inter</strong></span> <span class='ocrx_word' id='word_1_129' title='bbox 535 2003 712 2070; x_wconf 88' lang='lat' dir='ltr'><strong>venandum</strong></span> <span class='ocrx_word' id='word_1_130' title='bbox 729 2005 768 2070; x_wconf 90' lang='lat' dir='ltr'><strong>ab</strong></span> <span class='ocrx_word' id='word_1_131' title='bbox 779 2027 857 2092; x_wconf 88' lang='lat' dir='ltr'><strong>apro</strong></span> <span class='ocrx_word' id='word_1_132' title='bbox 868 2003 1086 2080; x_wconf 77' lang='lat' dir='ltr'><strong>vulneratum,-</strong></span> 
     </span>
     <span class='ocr_line' id='line_1_18' title="bbox 66 2110 1087 2202; baseline -0.004 -20"><span class='ocrx_word' id='word_1_133' title='bbox 66 2113 282 2202; x_wconf 81' lang='lat' dir='ltr'><strong>AEeculapium</strong></span> <span class='ocrx_word' id='word_1_134' title='bbox 308 2112 439 2178; x_wconf 88' lang='lat' dir='ltr'><strong>fulmine</strong></span> <span class='ocrx_word' id='word_1_135' title='bbox 459 2133 659 2201; x_wconf 81' lang='lat' dir='ltr'><strong>percussum3</strong></span> <span class='ocrx_word' id='word_1_136' title='bbox 678 2110 821 2200; x_wconf 76' lang='lat' dir='ltr'><strong>Serapim</strong></span> <span class='ocrx_word' id='word_1_137' title='bbox 840 2111 957 2201; x_wconf 88' lang='lat' dir='ltr'><strong>Sinope</strong></span> <span class='ocrx_word' id='word_1_138' title='bbox 977 2114 1052 2201; x_wconf 89' lang='lat' dir='ltr'><strong>prof</strong></span> <span class='ocrx_word' id='word_1_139' title='bbox 1070 2153 1087 2164; x_wconf 92' lang='lat'>-</span> 
     </span>
     <span class='ocr_line' id='line_1_19' title="bbox 64 2217 1083 2314; baseline 0.001 -27"><span class='ocrx_word' id='word_1_140' title='bbox 64 2247 141 2314; x_wconf 79' lang='lat' dir='ltr'><strong>gum</strong></span> <span class='ocrx_word' id='word_1_141' title='bbox 161 2221 395 2295; x_wconf 75' lang='lat' dir='ltr'><strong>Alexandriamr</strong></span> <span class='ocrx_word' id='word_1_142' title='bbox 413 2220 609 2288; x_wconf 80' lang='lat' dir='ltr'><strong>Artemidem</strong></span> <span class='ocrx_word' id='word_1_143' title='bbox 623 2217 821 2307; x_wconf 76' lang='lat' dir='ltr'><strong>Scythicam,</strong></span> <span class='ocrx_word' id='word_1_144' title='bbox 840 2221 940 2308; x_wconf 86' lang='lat' dir='ltr'><strong>ipsum</strong></span> <span class='ocrx_word' id='word_1_145' title='bbox 959 2245 1083 2311; x_wconf 90' lang='lat' dir='ltr'><strong>quoque</strong></span> 
     </span>
     <span class='ocr_line' id='line_1_20' title="bbox 65 2328 1085 2422; baseline 0.002 -26"><span class='ocrx_word' id='word_1_146' title='bbox 65 2331 242 2422; x_wconf 77' lang='lat' dir='ltr'><strong>profugam,</strong></span> <span class='ocrx_word' id='word_1_147' title='bbox 266 2329 469 2405; x_wconf 83' lang='lat' dir='ltr'><strong>homicidam,</strong></span> <span class='ocrx_word' id='word_1_148' title='bbox 492 2331 690 2396; x_wconf 89' lang='lat' dir='ltr'><strong>venatricem.</strong></span> <span class='ocrx_word' id='word_1_149' title='bbox 701 2341 733 2396; x_wconf 90' lang='lat' dir='ltr'><strong>et</strong></span> <span class='ocrx_word' id='word_1_150' title='bbox 753 2328 958 2417; x_wconf 82' lang='lat' dir='ltr'><strong>Endymionis</strong></span> <span class='ocrx_word' id='word_1_151' title='bbox 977 2355 1085 2398; x_wconf 92' lang='lat' dir='ltr'><strong>amore</strong></span> 
     </span>
     <span class='ocr_line' id='line_1_21' title="bbox 67 2436 1086 2529; baseline 0 -23"><span class='ocrx_word' id='word_1_152' title='bbox 67 2439 212 2529; x_wconf 75' lang='lat' dir='ltr'><strong>captam?</strong></span> <span class='ocrx_word' id='word_1_153' title='bbox 224 2437 293 2506; x_wconf 92' lang='lat' dir='ltr'><strong>Nou</strong></span> <span class='ocrx_word' id='word_1_154' title='bbox 305 2436 390 2504; x_wconf 89' lang='lat' dir='ltr'><strong>enim</strong></span> <span class='ocrx_word' id='word_1_155' title='bbox 405 2438 526 2504; x_wconf 90' lang='lat' dir='ltr'><strong>anobis</strong></span> <span class='ocrx_word' id='word_1_156' title='bbox 541 2437 609 2505; x_wconf 84' lang='lat' dir='ltr'><strong>haec</strong></span> <span class='ocrx_word' id='word_1_157' title='bbox 624 2438 786 2514; x_wconf 91' lang='lat' dir='ltr'><strong>dicuntur,</strong></span> <span class='ocrx_word' id='word_1_158' title='bbox 802 2437 859 2504; x_wconf 89' lang='lat' dir='ltr'><strong>sed</strong></span> <span class='ocrx_word' id='word_1_159' title='bbox 872 2461 889 2503; x_wconf 88' lang='lat' dir='ltr'><strong>a</strong></span> <span class='ocrx_word' id='word_1_160' title='bbox 904 2441 1014 2506; x_wconf 85' lang='lat' dir='ltr'><strong>vestris</strong></span> <span class='ocrx_word' id='word_1_161' title='bbox 1025 2441 1086 2506; x_wconf 92' lang='lat' dir='ltr'><strong>his·</strong></span> 
     </span>
     <span class='ocr_line' id='line_1_22' title="bbox 69 2548 567 2638; baseline -0.012 -22"><span class='ocrx_word' id='word_1_162' title='bbox 69 2551 174 2617; x_wconf 87' lang='lat' dir='ltr'><strong>toricis</strong></span> <span class='ocrx_word' id='word_1_163' title='bbox 188 2563 221 2614; x_wconf 89' lang='lat' dir='ltr'><strong>et</strong></span> <span class='ocrx_word' id='word_1_164' title='bbox 234 2548 334 2638; x_wconf 87' lang='lat' dir='ltr'><strong>poetis</strong></span> <span class='ocrx_word' id='word_1_165' title='bbox 348 2548 567 2636; x_wconf 73' lang='lat' dir='ltr'><strong>predicantur.</strong></span> 
     </span>
    </p>

    <p class='ocr_par' dir='ltr' id='par_1_3' title="bbox 67 2654 1088 3947">
     <span class='ocr_line' id='line_1_23' title="bbox 110 2654 1087 2748; baseline -0.003 -21"><span class='ocrx_word' id='word_1_166' title='bbox 110 2661 152 2727; x_wconf 88' lang='lat' dir='ltr'><strong>X.</strong></span> <span class='ocrx_word' id='word_1_167' title='bbox 169 2661 253 2740; x_wconf 88' lang='lat' dir='ltr'><strong>Quid</strong></span> <span class='ocrx_word' id='word_1_168' title='bbox 265 2662 330 2748; x_wconf 92' lang='lat' dir='ltr'><strong>jam</strong></span> <span class='ocrx_word' id='word_1_169' title='bbox 341 2658 435 2724; x_wconf 79' lang='lat' dir='ltr'><strong>refert</strong></span> <span class='ocrx_word' id='word_1_170' title='bbox 450 2679 634 2724; x_wconf 89' lang='lat' dir='ltr'><strong>enumerare</strong></span> <span class='ocrx_word' id='word_1_171' title='bbox 650 2654 884 2742; x_wconf 79' lang='lat' dir='ltr'><strong>multitudinem</strong></span> <span class='ocrx_word' id='word_1_172' title='bbox 903 2657 1087 2724; x_wconf 88' lang='lat' dir='ltr'><strong>animalium</strong></span> 
     </span>
     <span class='ocr_line' id='line_1_24' title="bbox 67 2766 1088 2861; baseline -0.001 -27"><span class='ocrx_word' id='word_1_173' title='bbox 67 2795 135 2861; x_wconf 76' lang='lat' dir='ltr'><strong>quae</strong></span> <span class='ocrx_word' id='word_1_174' title='bbox 149 2771 188 2836; x_wconf 89' lang='lat' dir='ltr'><strong>ab</strong></span> <span class='ocrx_word' id='word_1_175' title='bbox 206 2769 358 2859; x_wconf 78' lang='lat' dir='ltr'><strong>AEgyptiis</strong></span> <span class='ocrx_word' id='word_1_176' title='bbox 374 2767 533 2845; x_wconf 89' lang='lat' dir='ltr'><strong>coluntur,</strong></span> <span class='ocrx_word' id='word_1_177' title='bbox 549 2766 720 2856; x_wconf 89' lang='lat' dir='ltr'><strong>reptilium,</strong></span> <span class='ocrx_word' id='word_1_178' title='bbox 742 2767 913 2855; x_wconf 89' lang='lat' dir='ltr'><strong>pecudum,</strong></span> <span class='ocrx_word' id='word_1_179' title='bbox 934 2768 1088 2847; x_wconf 81' lang='lat' dir='ltr'><strong>ferarum,</strong></span> 
     </span>
     <span class='ocr_line' id='line_1_25' title="bbox 69 2874 1086 2965; baseline -0.004 -19"><span class='ocrx_word' id='word_1_180' title='bbox 69 2879 239 2946; x_wconf 83' lang='lat' dir='ltr'><strong>volatilium</strong></span> <span class='ocrx_word' id='word_1_181' title='bbox 261 2891 293 2946; x_wconf 86' lang='lat' dir='ltr'><strong>et</strong></span> <span class='ocrx_word' id='word_1_182' title='bbox 310 2877 487 2944; x_wconf 87' lang='lat' dir='ltr'><strong>natatilium</strong></span> <span class='ocrx_word' id='word_1_183' title='bbox 505 2874 677 2942; x_wconf 83' lang='lat' dir='ltr'><strong>fluvialium</strong></span> <span class='ocrx_word' id='word_1_184' title='bbox 695 2898 703 2939; x_wconf 75' lang='grc' dir='ltr'><strong><em>ε</em></strong></span> <span class='ocrx_word' id='word_1_185' title='bbox 723 2875 764 2940; x_wconf 90' lang='lat' dir='ltr'><strong>ad</strong></span> <span class='ocrx_word' id='word_1_186' title='bbox 778 2875 847 2941; x_wconf 81' lang='lat' dir='ltr'><strong>haec</strong></span> <span class='ocrx_word' id='word_1_187' title='bbox 868 2875 963 2940; x_wconf 90' lang='lat' dir='ltr'><strong>etiam</strong></span> <span class='ocrx_word' id='word_1_188' title='bbox 982 2877 1086 2965; x_wconf 87' lang='lat' dir='ltr'><strong>pelves</strong></span> 
     </span>
     <span class='ocr_line' id='line_1_26' title="bbox 70 2983 1087 3076; baseline -0.001 -22"><span class='ocrx_word' id='word_1_189' title='bbox 70 3000 102 3054; x_wconf 85' lang='lat' dir='ltr'><strong>et</strong></span> <span class='ocrx_word' id='word_1_190' title='bbox 116 2988 296 3054; x_wconf 85' lang='lat' dir='ltr'><strong>inhonestos</strong></span> <span class='ocrx_word' id='word_1_191' title='bbox 311 2987 425 3051; x_wconf 79' lang='lat' dir='ltr'><strong>sonos?</strong></span> <span class='ocrx_word' id='word_1_192' title='bbox 438 2985 533 3064; x_wconf 92' lang='lat' dir='ltr'><strong>Quod</strong></span> <span class='ocrx_word' id='word_1_193' title='bbox 550 2986 575 3051; x_wconf 86' lang='lat' dir='ltr'><strong>si</strong></span> <span class='ocrx_word' id='word_1_194' title='bbox 586 2983 714 3051; x_wconf 85' lang='lat' dir='ltr'><strong>Graecoa</strong></span> <span class='ocrx_word' id='word_1_195' title='bbox 729 2983 805 3050; x_wconf 86' lang='lat' dir='ltr'><strong>cites</strong></span> <span class='ocrx_word' id='word_1_196' title='bbox 819 2995 852 3047; x_wconf 89' lang='lat' dir='ltr'><strong>et</strong></span> <span class='ocrx_word' id='word_1_197' title='bbox 866 2995 992 3052; x_wconf 75' lang='lat' dir='ltr'><strong>caeteras</strong></span> <span class='ocrx_word' id='word_1_198' title='bbox 1008 3009 1087 3076; x_wconf 82' lang='lat' dir='ltr'><strong>gen-</strong></span> 
     </span>
     <span class='ocr_line' id='line_1_27' title="bbox 72 3089 1086 3182; baseline 0.001 -22"><span class='ocrx_word' id='word_1_199' title='bbox 72 3109 134 3170; x_wconf 83' lang='lat' dir='ltr'><strong>tes;</strong></span> <span class='ocrx_word' id='word_1_200' title='bbox 152 3094 259 3162; x_wconf 88' lang='lat' dir='ltr'><strong>colunt</strong></span> <span class='ocrx_word' id='word_1_201' title='bbox 273 3092 391 3182; x_wconf 90' lang='lat' dir='ltr'><strong>lapides</strong></span> <span class='ocrx_word' id='word_1_202' title='bbox 410 3105 442 3160; x_wconf 90' lang='lat' dir='ltr'><strong>et</strong></span> <span class='ocrx_word' id='word_1_203' title='bbox 461 3092 544 3182; x_wconf 74' lang='lat' dir='ltr'><strong>ligna</strong></span> <span class='ocrx_word' id='word_1_204' title='bbox 565 3115 603 3160; x_wconf 87' lang='lat' dir='ltr'><strong>ac</strong></span> <span class='ocrx_word' id='word_1_205' title='bbox 623 3089 776 3178; x_wconf 89' lang='lat' dir='ltr'><strong>reliquam</strong></span> <span class='ocrx_word' id='word_1_206' title='bbox 796 3091 970 3170; x_wconf 88' lang='lat' dir='ltr'><strong>materiam,</strong></span> <span class='ocrx_word' id='word_1_207' title='bbox 986 3096 1086 3160; x_wconf 89' lang='lat' dir='ltr'><strong>simu-</strong></span> 
     </span>
     <span class='ocr_line' id='line_1_28' title="bbox 71 3199 1086 3292; baseline 0.003 -23"><span class='ocrx_word' id='word_1_208' title='bbox 71 3202 167 3279; x_wconf 87' lang='lat' dir='ltr'><strong>lacra,</strong></span> <span class='ocrx_word' id='word_1_209' title='bbox 183 3216 218 3268; x_wconf 88' lang='lat' dir='ltr'><strong>ut</strong></span> <span class='ocrx_word' id='word_1_210' title='bbox 232 3205 297 3292; x_wconf 78' lang='lat' dir='ltr'><strong>jam</strong></span> <span class='ocrx_word' id='word_1_211' title='bbox 311 3202 458 3278; x_wconf 85' lang='lat' dir='ltr'><strong>diximus,</strong></span> <span class='ocrx_word' id='word_1_212' title='bbox 471 3215 668 3268; x_wconf 90' lang='lat' dir='ltr'><strong>mortuorum</strong></span> <span class='ocrx_word' id='word_1_213' title='bbox 678 3201 853 3268; x_wconf 87' lang='lat' dir='ltr'><strong>hominum.</strong></span> <span class='ocrx_word' id='word_1_214' title='bbox 866 3199 990 3269; x_wconf 87' lang='lat' dir='ltr'><strong>Phidias</strong></span> <span class='ocrx_word' id='word_1_215' title='bbox 1001 3205 1086 3272; x_wconf 90' lang='lat' dir='ltr'><strong>enim</strong></span> 
     </span>
     <span class='ocr_line' id='line_1_29' title="bbox 72 3310 1086 3402; baseline 0.001 -22"><span class='ocrx_word' id='word_1_216' title='bbox 72 3313 226 3402; x_wconf 87' lang='lat' dir='ltr'><strong>reperitur</strong></span> <span class='ocrx_word' id='word_1_217' title='bbox 245 3311 322 3378; x_wconf 74' lang='lat' dir='ltr'><strong>Pisae</strong></span> <span class='ocrx_word' id='word_1_218' title='bbox 344 3311 453 3378; x_wconf 86' lang='lat' dir='ltr'><strong>fecisse</strong></span> <span class='ocrx_word' id='word_1_219' title='bbox 474 3310 549 3378; x_wconf 82' lang='lat' dir='ltr'><strong>Ellis</strong></span> <span class='ocrx_word' id='word_1_220' title='bbox 567 3311 680 3378; x_wconf 88' lang='lat' dir='ltr'><strong>Jovam</strong></span> <span class='ocrx_word' id='word_1_221' title='bbox 696 3311 909 3401; x_wconf 84' lang='lat' dir='ltr'><strong>Olympicum,</strong></span> <span class='ocrx_word' id='word_1_222' title='bbox 932 3325 965 3377; x_wconf 90' lang='lat' dir='ltr'><strong>et</strong></span> <span class='ocrx_word' id='word_1_223' title='bbox 985 3314 1086 3381; x_wconf 84' lang='lat' dir='ltr'><strong>Athe-</strong></span> 
     </span>
     <span class='ocr_line' id='line_1_30' title="bbox 72 3417 1088 3508; baseline 0 -18"><span class='ocrx_word' id='word_1_224' title='bbox 72 3421 230 3490; x_wconf 85' lang='lat' dir='ltr'><strong>niensihus</strong></span> <span class='ocrx_word' id='word_1_225' title='bbox 244 3419 414 3486; x_wconf 84' lang='lat' dir='ltr'><strong>Minervam</strong></span> <span class='ocrx_word' id='word_1_226' title='bbox 428 3419 461 3486; x_wconf 88' lang='lat' dir='ltr'><strong>in</strong></span> <span class='ocrx_word' id='word_1_227' title='bbox 476 3441 558 3486; x_wconf 88' lang='lat' dir='ltr'><strong>aree.</strong></span> <span class='ocrx_word' id='word_1_228' title='bbox 576 3419 670 3486; x_wconf 87' lang='lat' dir='ltr'><strong>Juvat</strong></span> <span class='ocrx_word' id='word_1_229' title='bbox 684 3443 723 3485; x_wconf 80' lang='lat' dir='ltr'><strong>ex</strong></span> <span class='ocrx_word' id='word_1_230' title='bbox 736 3429 780 3495; x_wconf 93' lang='lat' dir='ltr'><strong>te,</strong></span> <span class='ocrx_word' id='word_1_231' title='bbox 792 3443 812 3484; x_wconf 93' lang='lat' dir='ltr'><strong>o</strong></span> <span class='ocrx_word' id='word_1_232' title='bbox 825 3417 934 3497; x_wconf 90' lang='lat' dir='ltr'><strong>homo,</strong></span> <span class='ocrx_word' id='word_1_233' title='bbox 945 3444 1088 3508; x_wconf 75' lang='lat' dir='ltr'><strong>quarere</strong></span> 
     </span>
     <span class='ocr_line' id='line_1_31' title="bbox 73 3527 1084 3622; baseline 0.001 -24"><span class='ocrx_word' id='word_1_234' title='bbox 73 3545 151 3622; x_wconf 90' lang='lat' dir='ltr'><strong>quot</strong></span> <span class='ocrx_word' id='word_1_235' title='bbox 159 3531 356 3598; x_wconf 87' lang='lat' dir='ltr'><strong>inveniantur</strong></span> <span class='ocrx_word' id='word_1_236' title='bbox 365 3530 469 3596; x_wconf 88' lang='lat' dir='ltr'><strong>Jovcs.</strong></span> <span class='ocrx_word' id='word_1_237' title='bbox 483 3529 607 3618; x_wconf 89' lang='lat' dir='ltr'><strong>Jupiter</strong></span> <span class='ocrx_word' id='word_1_238' title='bbox 617 3529 769 3619; x_wconf 85' lang='lat' dir='ltr'><strong>imprimis</strong></span> <span class='ocrx_word' id='word_1_239' title='bbox 777 3527 941 3617; x_wconf 90' lang='lat' dir='ltr'><strong>Olympius</strong></span> <span class='ocrx_word' id='word_1_240' title='bbox 958 3530 1084 3610; x_wconf 89' lang='lat' dir='ltr'><strong>dicitur,</strong></span> 
     </span>
     <span class='ocr_line' id='line_1_32' title="bbox 74 3638 1084 3731; baseline 0.003 -24"><span class='ocrx_word' id='word_1_241' title='bbox 74 3641 185 3708; x_wconf 89' lang='lat' dir='ltr'><strong>deinde</strong></span> <span class='ocrx_word' id='word_1_242' title='bbox 195 3641 320 3731; x_wconf 87' lang='lat' dir='ltr'><strong>Jupiter</strong></span> <span class='ocrx_word' id='word_1_243' title='bbox 331 3638 468 3716; x_wconf 82' lang='lat' dir='ltr'><strong>Latialis,</strong></span> <span class='ocrx_word' id='word_1_244' title='bbox 481 3638 604 3728; x_wconf 89' lang='lat' dir='ltr'><strong>Jupiter</strong></span> <span class='ocrx_word' id='word_1_245' title='bbox 619 3638 753 3714; x_wconf 84' lang='lat' dir='ltr'><strong>Cassius,</strong></span> <span class='ocrx_word' id='word_1_246' title='bbox 765 3638 889 3726; x_wconf 87' lang='lat' dir='ltr'><strong>Jupiter</strong></span> <span class='ocrx_word' id='word_1_247' title='bbox 900 3639 1084 3720; x_wconf 79' lang='lat' dir='ltr'><strong>Ceraunios,</strong></span> 
     </span>
     <span class='ocr_line' id='line_1_33' title="bbox 74 3745 1083 3838; baseline -0.002 -20"><span class='ocrx_word' id='word_1_248' title='bbox 74 3749 195 3838; x_wconf 87' lang='lat' dir='ltr'><strong>Jupiter</strong></span> <span class='ocrx_word' id='word_1_249' title='bbox 208 3749 371 3838; x_wconf 90' lang='lat' dir='ltr'><strong>Propator,</strong></span> <span class='ocrx_word' id='word_1_250' title='bbox 391 3747 515 3838; x_wconf 88' lang='lat' dir='ltr'><strong>Jupiter</strong></span> <span class='ocrx_word' id='word_1_251' title='bbox 529 3746 740 3834; x_wconf 87' lang='lat' dir='ltr'><strong>Pannychius,</strong></span> <span class='ocrx_word' id='word_1_252' title='bbox 757 3745 880 3835; x_wconf 90' lang='lat' dir='ltr'><strong>Jupiter</strong></span> <span class='ocrx_word' id='word_1_253' title='bbox 893 3745 1083 3836; x_wconf 89' lang='lat' dir='ltr'><strong>Polyuchus,</strong></span> 
     </span>
     <span class='ocr_line' id='line_1_34' title="bbox 75 3853 1085 3947; baseline -0.001 -24"><span class='ocrx_word' id='word_1_254' title='bbox 75 3857 196 3946; x_wconf 86' lang='lat' dir='ltr'><strong>Jupiter</strong></span> <span class='ocrx_word' id='word_1_255' title='bbox 220 3855 442 3947; x_wconf 80' lang='lat' dir='ltr'><strong>Capitolinus:</strong></span> <span class='ocrx_word' id='word_1_256' title='bbox 468 3869 561 3944; x_wconf 88' lang='lat' dir='ltr'><strong>atque</strong></span> <span class='ocrx_word' id='word_1_257' title='bbox 584 3854 636 3922; x_wconf 87' lang='lat' dir='ltr'><strong>ille</strong></span> <span class='ocrx_word' id='word_1_258' title='bbox 656 3855 784 3943; x_wconf 85' lang='lat' dir='ltr'><strong>quidem</strong></span> <span class='ocrx_word' id='word_1_259' title='bbox 804 3853 938 3945; x_wconf 87' lang='lat' dir='ltr'><strong>Jupiter,</strong></span> <span class='ocrx_word' id='word_1_260' title='bbox 954 3857 1007 3944; x_wconf 89' lang='lat' dir='ltr'><strong>qui</strong></span> <span class='ocrx_word' id='word_1_261' title='bbox 1026 3857 1085 3924; x_wconf 88' lang='lat' dir='ltr'><strong>Sa-</strong></span> 
     </span>
    </p>
   </div>
   <div class='ocr_carea' id='block_1_3' title="bbox 0 0 1335 4620">
    <p class='ocr_par' dir='ltr' id='par_1_4' title="bbox 0 0 1335 4620">
     <span class='ocr_line' id='line_1_35' title="bbox 0 0 1335 4620; baseline 0 0"><span class='ocrx_word' id='word_1_262' title='bbox 0 0 1335 4620; x_wconf 95' lang='lat' dir='ltr'><strong> </strong></span> 
     </span>
    </p>
   </div>
  </div>
 </body>
</html>
