2630 4614
324 223 343 283 8
695 245 830 286 arriana
855 243 966 284 amaru

323 370 395 412 vere
415 349 534 416 bonum
554 361 601 416 ast
619 349 846 437 inquirendum
864 371 932 414 sese
949 346 1099 414 maneret?
1112 347 1201 424 Quae

323 481 378 522 vos
391 459 546 549 abripiant
559 458 833 549 pbilosophorum,
850 460 905 546 qui
920 457 1076 548 philosophi
1086 469 1185 520 masat.
1202 530 1207 539 Ι

323 565 441 636 lomnes
457 581 651 638 conventus:
673 573 726 660 qui
746 593 856 638 seeum
870 572 931 658 ipsi
945 579 1080 658 pugnant,
1094 578 1210 652 etatqaae

323 701 372 742 res
390 678 423 744 iu
441 691 580 745 mentem
600 679 731 753 venerit,
752 680 793 744 ita
812 701 884 743 eam
903 680 1033 765 quisque
1050 674 1161 740 effutiunt
1173 671 1201 734 ll

322 797 428 850 autem
439 787 533 852 etiam
544 787 627 877 apud
638 811 691 852 eos
703 787 910 852 offensiones:
926 787 995 851 odit
1005 779 1183 848 saumaltualtr

320 889 439 956 aemulis
458 892 540 956 inter
560 915 592 958 se
607 893 805 982 opinionibus
824 904 965 964 certunm
988 889 1157 980 prestantius
1168 885 1199 947 la

321 1000 529 1088 arrogantiam
544 1000 672 1090 eligunt.
692 1002 866 1090 Oportebat
880 1015 1005 1074 autem,
1021 1009 1053 1062 ut
1065 1021 1112 1062 neo
1122 995 1196 1080 inpari

320 1109 454 1196 tioipatis
466 1109 576 1175 ollieiis
588 1108 739 1186 colerent,
752 1134 812 1176 nec
821 1110 1022 1200 principibus
1031 1113 1198 1171 assemrealtt·

320 1229 537 1307 exspectarent
552 1219 628 1288 dum
643 1220 746 1308 magni
761 1220 801 1284 ad
815 1243 869 1284 eos
885 1219 1026 1284 veniant

363 1327 416 1396 lV.
440 1329 526 1410 Quid
543 1339 591 1394 est
608 1329 716 1418 igitur,
734 1353 753 1392 ο
769 1328 883 1404 Graeci,
905 1351 967 1394 our
986 1337 1121 1410 tanquam
1133 1319 1198 1402 inpos

319 1435 452 1504 aliorum
463 1439 602 1504 instituta
613 1438 744 1504 incitam
760 1440 793 1504 in
806 1461 864 1502 nos
878 1436 1001 1502 velitisl
1020 1435 1065 1499 tle
1077 1431 1099 1494 si
1109 1423 1198 1492 uomal·

318 1546 466 1612 institutis
479 1549 524 1612 uti
536 1547 621 1624 nolo,
635 1571 693 1614 cur
707 1560 855 1635 tanquam
867 1545 1101 1612 scelestissimus
1110 1535 1201 1604 odiolal

318 1655 416 1722 lubet
438 1680 492 1720 rex
511 1657 628 1721 tributa
647 1655 807 1744 pendere?
826 1666 955 1744 paratus
977 1675 1051 1720 sum
1068 1646 1168 1714 solvent
1180 1635 1211 1700 ’τ’

320 1775 352 1830 et
372 1765 548 1830 ministrare
568 1763 736 1830 dominus?
756 1765 938 1830 servitutem
952 1782 1099 1852 agnosco·
1117 1755 1180 1818 llam
1202 1738 1205 1757 Ι

318 1882 354 1936 ut
372 1872 532 1938 hominem
545 1873 655 1947 *decet
676 1871 826 1938 colendus
845 1884 915 1938 est:
938 1870 1028 1937 solus
1045 1877 1135 1931 auten
1146 1861 1188 1925 boa

316 1981 465 2054 tuendus,
478 1982 531 2068 qui
543 2003 604 2044 nee
615 1977 713 2044 oculis
724 1979 869 2044 humanis
879 1981 966 2046 cerni
978 1985 1095 2068 potest,
1105 1978 1186 2038 rretttl⁴
1200 1986 1202 1991 '

317 2086 480 2176 prehendi.
500 2087 594 2152 Hune
604 2111 719 2176 negare
731 2089 755 2153 si
769 2089 894 2176 jubear,
910 2088 970 2153 bac
983 2081 1137 2152 tantumin
1147 2091 1197 2148 ΜΗ,
1228 2050 1230 2161 l

317 2199 407 2272 rebo,
435 2196 614 2284 moriorque
635 2198 749 2286 potius,
773 2219 813 2264 ae
834 2196 968 2262 mendax
990 2207 1025 2261 et
1049 2190 1207 2280 ingrtltttll

317 2301 402 2368 Deus
425 2312 615 2368 nosternon
636 2325 704 2368 esse
724 2304 819 2390 ooepit
840 2304 873 2368 in
895 2314 1051 2390 tempore,
1072 2315 1139 2362 cuna
1152 2299 1205 2350 «ω’
1227 2248 1230 2377 l

316 2411 484 2500 principio,
501 2411 566 2498 ipse
580 2411 721 2476 omnium
737 2410 776 2476 sit
789 2411 989 2499 principium.
1013 2405 1139 2496 Spiritus
1150 2398 1230 2503 lint}¹

317 2531 424 2584 tamen
439 2519 602 2586 materiam
616 2540 780 2606 permeans
796 2519 934 2606 spiritus,
951 2519 1007 2582 sed
1022 2507 1202 2581 materialiu-
1229 2534 1230 2571 t

316 2640 408 2692 tuum
427 2637 459 2691 et
477 2625 661 2713 figurarum,
682 2647 751 2712 quae
770 2626 802 2690 in
821 2625 949 2690 materia
969 2638 1055 2700 sunt,
1075 2596 1230 2708 opilat-'tf'¹

317 2745 450 2801 attactu
466 2732 724 2821 indeprehensus,
741 2735 856 2824 quippe
871 2757 945 2800 oum
960 2736 1025 2823 ipse
1040 2717 1224 2798 sensibilitati*

319 2842 487 2910 visibilium
505 2842 657 2906 exstiterit
676 2865 798 2930 parens.
823 2843 916 2908 Hune
934 2865 972 2906 ex
991 2841 1039 2908 his
1059 2859 1121 2926 qaae
1136 2821 1229 2894 cttttl‘:

319 2952 510 3040 passumus,
526 2961 560 3014 et
573 2951 745 3038 potentiam
757 2949 944 3016 invisibilem
955 2974 993 3015 ex
1004 2946 1139 3040 operibus
1151 2923 1226 3021 appuli*

319 3059 432 3125 dimus.
456 3057 543 3146 Opus
562 3058 600 3122 ab
620 3080 660 3122 eo
678 3069 783 3122 nostra
805 3081 898 3122 eausa
918 3060 1078 3124 eonditum
1096 3049 1216 3116 adorant

318 3164 373 3232 sot
388 3177 420 3230 et
433 3164 505 3230 luna
520 3176 650 3254 propter
664 3187 721 3230 nos
735 3177 839 3230 creata
856 3178 949 3230 sunt:
970 3161 1121 3254 quomodo
1134 3171 1185 3238 ergo
1194 3162 1230 3204 nu·

319 3289 384 3340 tros
400 3297 487 3340 meos
502 3273 649 3338 adoreml
670 3275 830 3362 quomodo
848 3273 930 3364 ligna
951 3287 982 3342 et
1001 3275 1112 3364 lapides
1125 3249 1230 3356 pmnult

320 3384 411 3448 deos!
434 3383 489 3448 Est
507 3381 592 3446 euim
611 3379 729 3468 Spiritu
747 3381 896 3448 diviniore
916 3384 1043 3449 inferior
1058 3380 1104 3448 illo
1117 3365 1225 3462 spiritual

319 3489 482 3556 materiam
495 3487 635 3579 pervadit
648 3511 655 3553 ε
675 3490 728 3577 qui
740 3491 867 3578 quidem
879 3515 952 3558 oum
964 3493 1072 3558 animae
1082 3472 1232 3554 minutam

319 3623 383 3664 non
397 3600 509 3664 eodem
524 3621 562 3664 aa
576 3599 733 3688 perlaetus
748 3601 831 3668 Deus
847 3603 966 3669 honore
982 3601 1123 3668 colendus
1135 3601 1174 3656 est
1188 3575 1232 3650 pp

319 3709 413 3804 etiam
436 3706 523 3774 illum
546 3733 610 3775 non
631 3710 838 3778 enarrabilem
859 3714 961 3780 Deum
986 3705 1130 3778 munerari
1150 3693 1227 3762 dehent

320 3816 399 3884 Nam
414 3815 467 3900 qui
482 3813 596 3880 nullius
611 3819 656 3881 rei
668 3818 813 3906 indiguus
828 3832 888 3894 est,
901 3823 926 3885 is
943 3833 976 3886 ut
988 3821 1118 3907 indigere
1129 3797 1232 3874 sutrinos
