2640 4622
269 231 333 294 seo
565 249 677 294 sarcrr
698 247 816 291 suerrus
840 222 1005 290 userrms‘

270 385 284 416 ι
296 355 455 420 audieritis
465 353 721 442 pradicationem
731 353 800 437 ejus
806 374 816 424 ;
827 348 1002 414 ludibrium
1009 347 1105 413 eritis
1114 345 1293 434 gentibusa

269 466 309 529 lit
323 485 361 528 ex
374 461 519 528 Jeremiae
534 460 638 526 verbis
659 460 728 525 haec
745 457 946 523 reciderunt:
963 458 1061 543 :Ego
1079 465 1123 517 ut¹
1136 476 1241 540 ugnus
1257 453 1297 536 qu

270 583 440 658 »portatur
455 571 495 634 ed
510 567 748 634 immolandum.
767 565 870 654 Super
881 587 932 629 me
943 564 1182 652 cogitaverunt
1197 561 1296 645 cogita-

269 705 282 739 ι
296 679 415 742 tionem
426 678 565 742 dicentes
584 701 592 741 s
606 677 719 742 Venite
730 673 891 738 mittamus
905 672 1029 759 lignum
1042 673 1078 734 in
1088 691 1219 758 panem
1228 670 1293 752 ejas.

270 811 283 844 s
297 795 329 848 et
340 781 485 846 tollamus
496 805 571 848 eum
581 805 600 847 e
611 796 693 847 terro
704 781 887 855 viventium,
899 793 931 844 et
943 801 1065 845 nomen
1077 779 1159 864 ejus
1171 799 1237 842 non
1246 799 1285 839 ne

269 900 439 954 »moretur
457 888 623 976 emplius¹.
647 888 840 966 »Quoniam
857 897 964 950 eutem
987 886 1080 952 hunc
1104 909 1151 950 ex
1172 885 1289 948 terens

269 995 375 1061 locum
390 994 495 1061 adhuc
517 993 668 1062 nonnulla
686 1018 724 1058 ex
739 994 788 1058 bis
804 1015 874 1078 que
893 989 979 1079 a'pud
994 992 1202 1056 Judaeorum
1217 1012 1290 1073 sym

270 1125 365 1190 gogus
375 1114 585 1177 asserventur,
599 1101 787 1189 exemplaria
798 1101 951 1186 seriptum
962 1099 1113 1163 retinent
1129 1099 1212 1182 (non
1226 1097 1289 1159 eoin

271 1210 326 1273 diu
337 1221 384 1272 cst
395 1211 480 1296 quod
491 1210 559 1275 haec
570 1208 780 1295 reciderunt);
795 1206 960 1293 siquando
969 1228 1010 1270 ex
1021 1205 1076 1270 his
1090 1205 1198 1268 etiam
1209 1205 1288 1268 serbis

271 1315 505 1379 demonstretur
519 1314 686 1381 consilium
705 1337 723 1377 a
742 1313 860 1378 Judoeis
879 1313 996 1376 initum
1013 1311 1122 1376 fuisse
1149 1323 1189 1374 ut
1207 1311 1289 1374 Chris

270 1433 339 1483 tum
350 1419 570 1507 crucifigentes
585 1418 780 1493 occiderent.
794 1418 961 1506 ipsumque
975 1417 1194 1488 ostendetur,
1204 1437 1287 1502 quen

265 1527 443 1592 odmodum
458 1539 491 1591 et
511 1529 551 1591 ub
574 1527 664 1591 Esoia
685 1527 913 1614 praenuntiotur
933 1521 1020 1588 velut
1035 1524 1110 1588 ovis
1135 1525 1181 1588 od
1197 1544 1287 1586 nean

269 1633 439 1707 abductus,
455 1633 497 1696 ite
512 1633 607 1697 etiem
622 1633 684 1696 boc
699 1632 770 1697 loco
785 1631 873 1698 velut
892 1653 1009 1719 egnum
1024 1631 1171 1694 minime
1191 1629 1287 1694 melan

270 1741 419 1811 describis
438 1741 486 1804 his
501 1741 595 1804 rebus
611 1740 643 1803 in
657 1741 815 1828 angustius
830 1738 968 1826 conjecti
982 1737 1023 1802 ad
1035 1737 1286 1826 blasphemiusse

271 1859 470 1912 convertunt.
490 1848 566 1912 llaec
576 1847 673 1911 etium
688 1869 728 1910 ex
741 1847 887 1911 deremire
902 1845 994 1909 dictis
1009 1843 1166 1908 similiter
1184 1843 1285 1906 recide

271 1967 346 2020 runt
362 1979 372 2019 s
387 1956 605 2022 «Recordatus
616 1968 664 2020 est
678 1955 832 2020 Dominus
846 1955 931 2018 Deus
946 1963 1160 2020 mortuoram
1176 1973 1286 2016 suorum

272 2085 337 2124 sex
351 2060 477 2136 lsraele,
494 2062 547 2147 qui
563 2061 801 2125 obdormierunt
816 2061 848 2124 in
864 2071 946 2124 terra
962 2060 1105 2146 aggeriss
1124 2071 1160 2124 et
1176 2059 1287 2123 descen

170 2183 172 2188 '
273 2196 286 2228 s
301 2168 347 2232 dit
361 2169 402 2231 ud
415 2191 481 2242 eos,
497 2180 532 2231 ut
547 2167 774 2254 evangelizaret
788 2168 833 2232 eis
845 2160 1099 2232 solutaresuum.
1117 2197 1132 2228 ι

314 2273 462 2337 Ltottll.
481 2275 521 2338 Et
540 2297 579 2338 ex
598 2271 720 2361 psalmo
734 2274 863 2338 Doridis
876 2275 1084 2360 nonogesimo
1096 2276 1204 2361 quinto
1216 2295 1286 2358 per-

273 2402 372 2467 pauca
387 2377 455 2448 haec
469 2381 678 2456 abstulerunt,
694 2407 716 2446 a
731 2382 838 2470 ligno·
852 2381 932 2446 Nom
944 2403 1019 2446 cum
1033 2382 1080 2445 ito
1092 2381 1288 2446 dictaminis

231 2509 236 2516 ·
276 2500 334 2562 set,
353 2487 458 2550 Dicite
472 2487 509 2549 in
522 2489 672 2576 gentibus
689 2512 699 2552 :
716 2489 882 2552 Dominus
895 2489 1052 2577 regnauit
1066 2515 1090 2553 a
1100 2491 1206 2578 ligno,
1224 2488 1287 2552 reli·

273 2605 423 2680 querunt,
443 2595 552 2659 Dicite
567 2595 605 2656 in
622 2594 799 2684 gentibus:
819 2595 984 2660 Dominus
1004 2599 1177 2684 regnauit.
1200 2597 1285 2662 Nemo

274 2717 379 2768 autem
398 2721 536 2790 unqrrum
558 2725 597 2768 ex
611 2715 714 2768 vestro
735 2725 850 2791 genere
869 2703 982 2778 extitit,
997 2703 1039 2768 de
1060 2728 1130 2791 quo
1150 2717 1285 2792 tanqmn

272 2811 311 2874 de
329 2812 444 2875 Decet
464 2811 599 2874 Domino
617 2810 787 2884 diceretur,
810 2834 884 2874 eum
909 2812 942 2874 in
964 2811 1113 2898 gentibus
1139 2835 1285 2901 regmsse.

271 2931 386 3004 praeter
402 2919 488 2984 bunc
508 2919 610 2984 solum
628 2920 829 2994 crucifixum,
854 2943 948 3007 quom
964 2932 997 2986 et
1017 2909 1244 3009 resurgentem
1259 2946 1285 2984 rr

272 3027 402 3090 mortuis
418 3025 584 3091 liberatum
604 3049 672 3092 esse
693 3027 827 3113 Spiritus
843 3039 968 3092 sanctus
991 3028 1025 3094 in
1046 3029 1167 3096 eodem
1182 3029 1287 3118 psalma

272 3135 397 3207 usserit:
418 3157 555 3222 eumque
571 3136 629 3200 diis
649 3136 791 3223 gentium
815 3134 948 3200 similem
968 3159 1032 3202 non
1051 3160 1120 3202 esse
1147 3139 1288 3205 declaret.

272 3242 339 3308 illos
353 3243 439 3307 enim
451 3266 517 3308 esse
529 3242 695 3308 simulacro
708 3241 1027 3312 demoniorumrsed
1038 3247 1167 3332 utquid
1177 3249 1290 3314 dicetur

271 3350 461 3439 intelligatis,
480 3361 582 3416 totum
597 3345 684 3416 robis
699 3350 855 3438 psalmum
874 3353 1025 3417 recitabo.
1046 3352 1101 3418 Sic
1114 3368 1233 3420 eutem
1249 3359 1291 3421 lu·

271 3462 326 3538 bet
343 3483 352 3524 ι
368 3487 381 3518 a
396 3459 528 3526 Cantate
542 3460 678 3524 Domino
690 3461 849 3527 canticum
861 3453 1000 3527 novum:
1016 3473 1145 3527 cantate
1164 3465 1292 3530 Bomio¹

273 3595 285 3626 o
301 3567 403 3631 omnis
418 3579 511 3632 terro.
531 3565 663 3634 cantate
677 3569 826 3644 Domino,
838 3582 871 3633 et
886 3570 1063 3634 benedicite
1074 3590 1199 3638 nomen
1213 3577 1293 3660 ejus:

274 3676 381 3739 »bene
396 3675 539 3741 nuntiate
553 3676 593 3740 de
608 3675 659 3746 die
673 3678 706 3742 in
720 3677 805 3742 diem
817 3677 952 3744 solutore
962 3679 1042 3766 ejus.
1058 3679 1265 3748 Annuntiatr
1274 3685 1295 3745 ir

307 3799 421 3849 ¹lesem.
436 3815 470 3858 xa,
486 3817 523 3864 ¹9·
