2648 4598
319 191 377 255 116
471 211 494 252 s.
521 209 721 262 rnnornnrs,
745 209 916 254 nrrscorrs
944 209 1145 256 anrrocnnms.

317 351 333 386 »
350 331 463 388 stat...
481 313 579 386 nlius
599 320 704 387 etiam
726 332 845 388 exstat
867 314 961 386 liber
982 341 1079 411 quem
1097 325 1234 390 conualle-

319 457 336 491 »
353 426 493 520 mogeni
509 421 669 493 haeresim
689 427 888 522 inscripsit,
905 427 942 494 in
958 447 1028 518 quo
1043 425 1234 494 testimonim-

318 563 334 598 ι)
353 547 413 602 tur
426 553 469 598 ex
481 531 625 598 toannis
639 529 860 601 revelatione
877 530 1081 626 desumptis.
1091 559 1105 594 1
1116 529 1213 624 (Euscb
1220 557 1236 600 1.

322 641 383 722 243
404 639 548 706 Hieron.
566 633 642 706 Cat.
662 635 768 730 xxv.)

367 748 474 814 Nunc
495 755 614 812 autem
642 742 707 812 soli
731 757 935 840 supersunt
968 757 1037 812 tres
1059 741 1100 811 ad
1117 742 1236 835 Aetolica

319 852 414 936 libri,
432 849 494 919 ubi
513 846 557 918 de
576 848 758 945 religionis
774 853 933 919 veritate
955 850 1155 946 potissimum
1165 847 1237 918 discit

320 963 392 1052 Qui
413 957 487 1026 huc
505 977 620 1050 usque
642 956 886 1026 intermunus
913 969 1106 1038 versantur,
1123 959 1237 1023 amium

320 1060 535 1135 desiderium
553 1060 743 1154 injiciunt:
766 1063 803 1128 in
824 1058 997 1130 doctrina
1020 1061 1142 1144 veritas,
1157 1061 1180 1125 in
1195 1083 1237 1150 ap·

320 1170 451 1239 mentis
473 1165 662 1250 rectitudo,
692 1167 730 1234 in
757 1164 1043 1261 cogitationibus
1063 1163 1235 1259 jocunditer

322 1277 480 1348 dictione
504 1297 588 1343 vero
614 1271 779 1342 sublimis
803 1271 1024 1370 urbanaque
1046 1276 1166 1342 varietas
1181 1271 1234 1364 lep
1269 1346 1270 1363 χ

320 1379 626 1452 henditur.Sacrae
637 1377 1078 1477 profanaquedisciplinae
1090 1380 1233 1476 pertissima
1269 1372 1270 1385 ¹

324 1503 480 1585 arguunt
499 1485 643 1575 laudata
659 1488 786 1582 saepius
803 1485 891 1557 hinc
909 1504 1095 1586 poetarum
1109 1481 1236 1582 philosopr
1270 1499 1271 1502 ’

325 1618 480 1692 rumque
491 1593 631 1691 placita,
643 1592 729 1662 hinc
740 1592 1011 1691 Prophetarum
1024 1589 1235 1689 Apostolorum

326 1702 480 1775 oracula.
496 1699 756 1788 Antiochenam
774 1698 965 1772 ecclesiam
981 1704 1105 1771 rexisse
1117 1693 1236 1767 edne

325 1835 397 1908 que
414 1807 457 1880 ad
477 1831 611 1897 annum
634 1805 712 1878 186.

367 1964 448 2040 Libri
465 1962 502 2021 ad
515 1963 688 2038 Autolycum
704 1961 734 2018 in
746 1961 836 2020 lucem
851 1963 953 2022 emissi
966 1975 1034 2023 sunt
1047 1957 1236 2039 pacemne

328 2053 400 2112 rado
413 2055 551 2130 Gesnero,
566 2049 680 2124 zurich,
696 2049 787 2106 in-sol.
808 2069 873 2108 cum
890 2052 1012 2130 scriptis
1031 2046 1136 2114 Tatimi3
1147 2041 1237 2098 latitem
1268 2035 1270 2047 '

329 2141 437 2199 ibidem
451 2159 486 2196 ex
499 2137 732 2215 interpretatione
743 2137 867 2196 conradi
880 2139 1028 2210 Clausen,
1044 2130 1174 2214 quaequlffl
1183 2125 1239 2216 itrnn

331 2246 435 2285 excusa
447 2239 489 2284 est
500 2239 560 2284 tum
576 2227 605 2283 in
617 2225 800 2284 Bibliothecis
811 2233 937 2298 Petrum,
954 2241 1019 2286 tum
1034 2228 1064 2284 in
1076 2207 1240 2302 ortbdttttflll}s

332 2336 422 2394 graece
438 2327 466 2374 et
481 2315 578 2384 latine,
593 2316 709 2374 Basileae
728 2316 812 2390 1555,
830 2328 890 2374 tum
905 2317 937 2373 in
957 2317 1085 2376 editione
1096 2300 1241 2368 §.lullssll’ffl'

333 2405 381 2463 siis
400 2403 473 2459 1616
488 2415 517 2459 et
533 2403 619 2472 1636,
635 2416 663 2462 et
679 2404 805 2462 Coloniae
821 2403 904 2476 1666,
919 2418 985 2464 tum
999 2404 1029 2462 in
1042 2393 1238 2461 llibliothtulaltum

334 2491 492 2566 auctuario,
517 2492 602 2560 1624,
619 2491 744 2566 Parisiis,
758 2491 847 2548 in-sol.
867 2497 908 2551 Ea
926 2507 1028 2553 autern
1049 2467 1240 2550 acnnatiul'l‘ffl

336 2594 379 2654 est
395 2601 458 2660 quae
473 2599 564 2656 graece
579 2591 607 2637 et
623 2579 710 2637 latine
725 2579 832 2656 prodiit
847 2581 976 2658 Parisiis,
993 2603 1040 2640 an.
1059 2585 1128 2650 ¹7l²‚
1142 2557 1237 2628 stodill

336 2678 448 2742 Marna,
464 2667 498 2728 ad
512 2669 617 2728 calcem
631 2689 750 2748 operam
764 2673 792 2728 S.
806 2671 918 2730 Justini.
