2516 4636
379 317 500 363 conans
523 315 673 362 nauseas.
976 293 1038 383 595

71 428 148 503 atis,
163 428 269 494 statim
281 428 394 494 timore
406 426 586 514 corripitur,
596 437 628 491 et
640 424 863 490 absconditur:
876 447 939 490 non
952 425 1039 512 quasi

41 523 103 604 *sit
118 539 260 628 effugere
275 539 391 613 Deum,
408 537 463 602 sed
479 536 640 612 confusus,
657 535 807 623 quoniam
827 546 1039 623 transgressus

29 717 31 720 ,
70 658 204 734 ceptum
218 647 300 732 ejus,
317 645 463 734 indignus
479 655 527 710 est
541 643 646 708 venire
660 643 693 708 in
709 652 917 732 conspectum
930 654 962 708 et
977 641 1040 710 eol-

29 750 47 836 s
61 757 154 822 nium
161 755 229 821 Dei.
243 754 487 820 «Timorautem
495 753 622 821 Domini
631 749 1030 842 initiumintelligentiae¹3s

59 864 188 931 allectus
200 887 275 929 vero
285 863 540 952 transgressionis
551 861 626 927 lecit
636 863 853 950 paenitentiam
867 861 1040 950 :poeniten-

55 997 90 1038 as
108 985 218 1040 autem
236 973 367 1064 largitur
382 973 609 1064 benignitatem
624 994 713 1038 suum
728 973 822 1038 Deus.
841 973 967 1039 Etenim
980 995 1039 1061 per

35 1083 256 1150 ‘cinctorium
278 1083 311 1149 in
329 1082 413 1148 facto
431 1080 569 1148 ostendit
589 1103 679 1148 suam
701 1081 931 1169 paenitentiam,
957 1079 1037 1148 soliis

37 1194 151 1262 ‘alueis
175 1194 381 1282 semetipsum
395 1205 579 1281 contegens,
598 1189 804 1257 existentibus
819 1202 851 1254 et
870 1189 937 1256 aliis
956 1189 1037 1256 foliis

31 1303 128 1381 altis,
146 1327 216 1391 quas
231 1302 335 1370 minus
350 1323 464 1392 corpus
479 1302 549 1390 ejus
566 1323 678 1366 vexare
693 1300 895 1390 potuissent:
910 1302 1037 1392 condig-

46 1439 84 1480 m
96 1425 204 1482 tamen
214 1413 435 1480 inobedientiae
449 1413 602 1480 amictum
613 1410 700 1487 fecit,
715 1410 906 1476 conterritus
921 1410 1035 1477 timore

47 1525 77 1596 i;
101 1532 134 1588 et
159 1522 330 1588 retundens
353 1519 549 1610 petulantem
572 1519 675 1586 carnis
695 1521 863 1607 impetum,
884 1520 1034 1606 quoniam

40 1629 145 1697 lolem
165 1642 197 1696 et
219 1629 374 1719 puerilem
394 1631 542 1695 amiserat
555 1649 696 1704 sensum,
712 1640 744 1693 et
763 1628 795 1693 in
812 1627 1034 1716 cogitationem

29 1739 152 1829 ‘jurum
166 1751 306 1815 venerat,
323 1741 448 1806 frenum
460 1739 662 1805 continentiae
677 1738 737 1804 sibi
752 1750 785 1804 et
796 1738 886 1802 uxori
897 1759 961 1803 sues
973 1739 1037 1802 oir-

29 1845 182 1920 tmdedit,
198 1845 312 1911 timens
327 1846 443 1920 Deum,
459 1855 492 1910 et
510 1845 682 1910 adventum
701 1844 771 1932 ejus
789 1853 986 1932 exspectans,
1003 1856 1035 1909 et

29 1953 91 2018 *lut
107 1952 168 2020 tale
183 1953 260 2042 quid
274 1953 481 2042 significans:
506 1952 679 2032 Quoniam,
702 1951 816 2042 inquit,
841 1975 913 2019 eam
936 1975 1033 2041 quam

29 2062 101 2127 abui
120 2061 270 2152 aSpiritu
281 2062 454 2128 sanctitatis
466 2059 579 2129 stolam
591 2061 680 2127 amisi
695 2085 753 2152 per
771 2061 1032 2138 inobedientiam,

53 2193 143 2238 nunc
166 2193 324 2260 cognosco
339 2169 425 2259 quod
440 2171 499 2237 sim
521 2170 633 2260 dignus
652 2169 706 2236 tali
730 2180 926 2259 tegumento,
947 2171 1033 2260 quud

29 2281 247 2347 electationem
268 2281 398 2371 quidem
418 2280 539 2348 nullam
561 2293 700 2370 prestat,
724 2283 849 2347 mordet
871 2296 978 2349 nutem
999 2294 1032 2348 et
1135 2303 1145 2324 ⁸

29 2391 114 2479 angit
129 2413 254 2479 corpus.
269 2391 309 2457 Et
323 2392 386 2458 hoe
399 2389 545 2458 videlieet
558 2413 684 2480 semper
694 2391 854 2458 habuisset
865 2391 1032 2459 indumen-

29 2525 85 2578 ma,
107 2500 277 2568 humilians
294 2503 510 2591 semetipsum,
527 2502 586 2568 nisi
607 2503 774 2578 Dominus,
795 2503 851 2591 qui
868 2514 916 2568 est
934 2503 1030 2568 mise·

29 2637 112 2690 cors,
129 2614 252 2682 tunicas
271 2613 418 2704 pelliceas
434 2637 493 2704 pro
516 2613 597 2680 soliis
619 2614 763 2682 ficulneis
785 2614 938 2680 induisset
961 2636 1026 2680 eos.

29 2735 132 2812 supter
142 2723 204 2791 hoe
215 2737 322 2792 autem
334 2739 366 2791 et
380 2725 554 2814 interrogat
565 2747 632 2801 eos,
646 2725 691 2788 uti
703 2723 745 2789 ad
760 2721 925 2788 mulierem
941 2725 1029 2789 veni-

29 2845 47 2897 ιι
64 2835 222 2900 accusatio
228 2859 237 2908 ;
253 2847 285 2899 et
300 2833 387 2898 illam
404 2857 514 2899 rursus
534 2834 719 2920 interrogat,
737 2833 782 2896 uti
794 2832 835 2898 ud
850 2845 1028 2919 serpentem

29 2941 227 3004 ansmitteret
238 2959 376 3003 causam.
386 2939 472 3004 Dixit
482 2939 568 3004 enim
576 2938 663 3026 quod
674 2938 776 3004 luerat
786 2935 922 3004 lactum:
935 2939 1028 3008 «Ser-

29 3068 121 3136 pens,
142 3047 197 3122 uit,
215 3046 337 3111 seduxit
356 3069 420 3122 me,
437 3056 470 3112 et
487 3045 708 3114 manducavit
729 3046 938 3136 »Serpentem
953 3071 1027 3114 vero

29 3179 68 3221 sn
88 3153 305 3244 interrogavita
327 3154 446 3220 sciebat
461 3155 546 3221 enim
565 3176 641 3220 eum
659 3157 835 3246 principem
854 3168 1027 3247 transgres-

29 3263 97 3329 onia
111 3261 251 3330 laetum:
268 3263 324 3328 sed
338 3261 544 3332 maledictum
559 3265 662 3355 primo
677 3265 806 3332 immisit
825 3267 858 3332 in
873 3289 960 3344 eum,
978 3267 1024 3334 uti

29 3371 137 3439 rcuuda
152 3373 326 3461 increpatio
346 3374 466 3439 veniret
480 3375 513 3441 in
531 3374 703 3441 bominem.
725 3376 808 3440 lium
822 3375 907 3440 enim
927 3376 1025 3442 odivit

29 3505 86 3548 eus
108 3482 160 3570 qui
177 3482 300 3549 seduxit
316 3481 493 3558 homiuem
508 3483 537 3550 ei
553 3505 628 3550 vero
641 3483 696 3575 qui
711 3483 860 3551 seductus
875 3496 935 3561 est,
955 3507 1024 3552 san·

29 3615 61 3658 m
75 3590 285 3684 paulatimque
304 3593 451 3662 misertus
466 3607 524 3661 est.

46 3703 243 3791 Quapropter
257 3715 290 3769 et
307 3705 402 3794 ejecit
419 3728 493 3772 eum
516 3706 556 3772 de
578 3705 738 3786 Paradiso,
761 3716 794 3772 ot
811 3730 828 3772 a
852 3703 937 3796 ligno
951 3706 1022 3771 vite

29 3833 92 3899 nge
106 3810 262 3878 transtulit
277 3835 284 3877 :
299 3835 363 3880 uon
378 3813 520 3882 invidens
536 3814 564 3880 ei
580 3812 700 3906 lignum
715 3817 797 3894 vitae,
814 3814 1022 3904 quemadmo-

36 3944 119 3994 ¹I¹sal.
130 3963 168 4009 cr,
184 3965 224 4008 ¹0;
239 3947 309 3998 l‘ror.
323 3967 339 4008 r,
352 3965 376 4013 7.
389 3977 418 3989 -
429 3947 439 3984 ²
451 3949 517 4001 Gen.
530 3967 566 4009 su,
584 3949 618 4000 15.
