<?xml version="1.0" encoding="UTF-8"?>
<!DOCTYPE html PUBLIC "-//W3C//DTD XHTML 1.0 Transitional//EN"
    "http://www.w3.org/TR/xhtml1/DTD/xhtml1-transitional.dtd">
<html xmlns="http://www.w3.org/1999/xhtml" xml:lang="en" lang="en">
 <head>
  <title>
</title>
<meta http-equiv="Content-Type" content="text/html;charset=utf-8" />
  <meta name='ocr-system' content='tesseract 3.04.00' />
  <meta name='ocr-capabilities' content='ocr_page ocr_carea ocr_par ocr_line ocrx_word'/>
</head>
<body>
  <div class='ocr_page' id='page_1' title='image "./collectioselect02guilgoog_0645.png"; bbox 0 0 2616 4620; ppageno 0'>
   <div class='ocr_carea' id='block_1_1' title="bbox 303 211 971 288">
    <p class='ocr_par' dir='ltr' id='par_1_1' title="bbox 303 211 971 288">
     <span class='ocr_line' id='line_1_1' title="bbox 303 211 971 288; baseline -0.006 -13"><span class='ocrx_word' id='word_1_1' title='bbox 303 211 361 288; x_wconf 75' lang='lat' dir='ltr'>ide</span> <span class='ocrx_word' id='word_1_2' title='bbox 643 230 667 271; x_wconf 77' lang='lat' dir='ltr'>e.</span> <span class='ocrx_word' id='word_1_3' title='bbox 695 229 723 271; x_wconf 90' lang='lat' dir='ltr'>r.</span> <span class='ocrx_word' id='word_1_4' title='bbox 749 229 779 272; x_wconf 76' lang='lat' dir='ltr'>a.</span> <span class='ocrx_word' id='word_1_5' title='bbox 807 229 971 274; x_wconf 79' lang='lat' dir='ltr'>ranorum</span> 
     </span>
    </p>
   </div>
   <div class='ocr_carea' id='block_1_2' title="bbox 192 331 1250 2945">
    <p class='ocr_par' dir='ltr' id='par_1_2' title="bbox 294 331 1250 973">
     <span class='ocr_line' id='line_1_2' title="bbox 294 331 1228 424; baseline 0 -22"><span class='ocrx_word' id='word_1_6' title='bbox 294 345 518 411; x_wconf 69' lang='lat' dir='ltr'>mortuuateat,</span> <span class='ocrx_word' id='word_1_7' title='bbox 542 331 583 402; x_wconf 83' lang='lat' dir='ltr'>an</span> <span class='ocrx_word' id='word_1_8' title='bbox 606 337 679 423; x_wconf 84' lang='lat' dir='ltr'>quia</span> <span class='ocrx_word' id='word_1_9' title='bbox 695 359 785 402; x_wconf 84' lang='lat' dir='ltr'>mons</span> <span class='ocrx_word' id='word_1_10' title='bbox 809 337 866 404; x_wconf 81' lang='lat' dir='ltr'>iate</span> <span class='ocrx_word' id='word_1_11' title='bbox 892 337 993 404; x_wconf 80' lang='lat' dir='ltr'>minus</span> <span class='ocrx_word' id='word_1_12' title='bbox 1011 336 1068 424; x_wconf 82' lang='lat' dir='ltr'>jun</span> <span class='ocrx_word' id='word_1_13' title='bbox 1085 336 1110 400; x_wconf 88' lang='lat' dir='ltr'>ei</span> <span class='ocrx_word' id='word_1_14' title='bbox 1127 335 1228 424; x_wconf 74' lang='lat' dir='ltr'>planeta]</span> 
     </span>
     <span class='ocr_line' id='line_1_3' title="bbox 298 445 1228 534; baseline -0.002 -21"><span class='ocrx_word' id='word_1_15' title='bbox 298 449 445 527; x_wconf 86' lang='lat' dir='ltr'>Quonam</span> <span class='ocrx_word' id='word_1_16' title='bbox 464 457 571 512; x_wconf 89' lang='lat' dir='ltr'>autem</span> <span class='ocrx_word' id='word_1_17' title='bbox 592 446 753 534; x_wconf 81' lang='lat' dir='ltr'>proiectus</span> <span class='ocrx_word' id='word_1_18' title='bbox 773 448 843 514; x_wconf 75' lang='lat' dir='ltr'>est?</span> <span class='ocrx_word' id='word_1_19' title='bbox 857 449 896 514; x_wconf 89' lang='lat' dir='ltr'>ln</span> <span class='ocrx_word' id='word_1_20' title='bbox 917 445 1047 513; x_wconf 85' lang='lat' dir='ltr'>eoeinm?</span> <span class='ocrx_word' id='word_1_21' title='bbox 1060 445 1169 511; x_wconf 85' lang='lat' dir='ltr'>minime.</span> <span class='ocrx_word' id='word_1_22' title='bbox 1182 448 1228 512; x_wconf 77' lang='lat' dir='ltr'>iiia</span> 
     </span>
     <span class='ocr_line' id='line_1_4' title="bbox 296 555 1230 644; baseline -0.002 -22"><span class='ocrx_word' id='word_1_23' title='bbox 296 559 376 623; x_wconf 86' lang='lat' dir='ltr'>sorte</span> <span class='ocrx_word' id='word_1_24' title='bbox 387 558 419 623; x_wconf 92' lang='lat' dir='ltr'>in</span> <span class='ocrx_word' id='word_1_25' title='bbox 433 555 561 622; x_wconf 80' lang='lat' dir='ltr'><strong>Cretam</strong></span> <span class='ocrx_word' id='word_1_26' title='bbox 574 579 582 620; x_wconf 93' lang='lat'><strong>:</strong></span> <span class='ocrx_word' id='word_1_27' title='bbox 595 557 715 644; x_wconf 90' lang='lat' dir='ltr'>optime</span> <span class='ocrx_word' id='word_1_28' title='bbox 722 581 731 630; x_wconf 72' lang='grc' dir='ltr'>ς</span> <span class='ocrx_word' id='word_1_29' title='bbox 744 557 786 624; x_wconf 89' lang='lat' dir='ltr'>ibi</span> <span class='ocrx_word' id='word_1_30' title='bbox 799 558 884 623; x_wconf 91' lang='lat' dir='ltr'>enim</span> <span class='ocrx_word' id='word_1_31' title='bbox 896 558 1044 643; x_wconf 86' lang='lat' dir='ltr'>haetenus</span> <span class='ocrx_word' id='word_1_32' title='bbox 1052 558 1112 643; x_wconf 79' lang='lat' dir='ltr'>ejus</span> <span class='ocrx_word' id='word_1_33' title='bbox 1121 555 1230 643; x_wconf 76' lang='lat' dir='ltr'>aepulare</span> 
     </span>
     <span class='ocr_line' id='line_1_5' title="bbox 297 663 1250 755; baseline -0.006 -24"><span class='ocrx_word' id='word_1_34' title='bbox 297 667 416 732; x_wconf 85' lang='lat' dir='ltr'>visitur.</span> <span class='ocrx_word' id='word_1_35' title='bbox 430 665 457 731; x_wconf 90' lang='lat' dir='ltr'>F</span> <span class='ocrx_word' id='word_1_36' title='bbox 458 677 527 730; x_wconf 86' lang='lat' dir='ltr'>orte</span> <span class='ocrx_word' id='word_1_37' title='bbox 540 665 637 730; x_wconf 84' lang='lat' dir='ltr'>etiam</span> <span class='ocrx_word' id='word_1_38' title='bbox 651 664 735 732; x_wconf 77' lang='lat' dir='ltr'>Pisas</span> <span class='ocrx_word' id='word_1_39' title='bbox 750 665 862 732; x_wconf 78' lang='lat' dir='ltr'>abiisse</span> <span class='ocrx_word' id='word_1_40' title='bbox 874 667 974 740; x_wconf 79' lang='lat' dir='ltr'>dices,</span> <span class='ocrx_word' id='word_1_41' title='bbox 991 665 1040 730; x_wconf 87' lang='lat' dir='ltr'>uti</span> <span class='ocrx_word' id='word_1_42' title='bbox 1053 663 1175 728; x_wconf 82' lang='lat' dir='ltr'>hactenus</span> <span class='ocrx_word' id='word_1_43' title='bbox 1183 667 1229 728; x_wconf 75' lang='lat' dir='ltr'>mni</span> <span class='ocrx_word' id='word_1_44' title='bbox 1249 732 1250 755; x_wconf 26' lang='lat' dir='ltr'>q</span> 
     </span>
     <span class='ocr_line' id='line_1_6' title="bbox 298 773 1231 844; baseline -0.011 -2"><span class='ocrx_word' id='word_1_45' title='bbox 298 777 358 842; x_wconf 88' lang='lat' dir='ltr'>hus</span> <span class='ocrx_word' id='word_1_46' title='bbox 376 773 494 842; x_wconf 74' lang='lat' dir='ltr'>Phidiae</span> <span class='ocrx_word' id='word_1_47' title='bbox 515 775 630 840; x_wconf 77' lang='lat' dir='ltr'>famam</span> <span class='ocrx_word' id='word_1_48' title='bbox 648 786 681 840; x_wconf 85' lang='lat' dir='ltr'>et</span> <span class='ocrx_word' id='word_1_49' title='bbox 698 773 795 844; x_wconf 80' lang='lat' dir='ltr'>deone</span> <span class='ocrx_word' id='word_1_50' title='bbox 812 774 971 843; x_wconf 81' lang='lat' dir='ltr'>conciliat.</span> <span class='ocrx_word' id='word_1_51' title='bbox 985 773 1133 840; x_wconf 76' lang='lat' dir='ltr'>Veniamus</span> <span class='ocrx_word' id='word_1_52' title='bbox 1148 773 1231 836; x_wconf 78' lang='lat' dir='ltr'>nuntii</span> 
     </span>
     <span class='ocr_line' id='line_1_7' title="bbox 296 881 921 973; baseline -0.003 -23"><span class='ocrx_word' id='word_1_53' title='bbox 296 885 411 972; x_wconf 78' lang='lat' dir='ltr'>scripta</span> <span class='ocrx_word' id='word_1_54' title='bbox 425 881 685 973; x_wconf 86' lang='lat' dir='ltr'>philosophorum</span> <span class='ocrx_word' id='word_1_55' title='bbox 699 895 731 948; x_wconf 90' lang='lat' dir='ltr'>et</span> <span class='ocrx_word' id='word_1_56' title='bbox 746 895 921 972; x_wconf 84' lang='lat' dir='ltr'>poetarum.</span> 
     </span>
    </p>

    <p class='ocr_par' dir='ltr' id='par_1_3' title="bbox 192 991 1230 2945">
     <span class='ocr_line' id='line_1_8' title="bbox 341 991 1230 1076; baseline -0.011 -18"><span class='ocrx_word' id='word_1_57' title='bbox 341 991 394 1060; x_wconf 77' lang='lat' dir='ltr'>IV.</span> <span class='ocrx_word' id='word_1_58' title='bbox 415 993 554 1071; x_wconf 87' lang='lat' dir='ltr'>Quidam</span> <span class='ocrx_word' id='word_1_59' title='bbox 568 1015 607 1058; x_wconf 86' lang='lat' dir='ltr'>ex</span> <span class='ocrx_word' id='word_1_60' title='bbox 621 992 749 1060; x_wconf 84' lang='lat' dir='ltr'>Portiou</span> <span class='ocrx_word' id='word_1_61' title='bbox 764 993 868 1058; x_wconf 87' lang='lat' dir='ltr'>Deum</span> <span class='ocrx_word' id='word_1_62' title='bbox 885 993 1016 1058; x_wconf 91' lang='lat' dir='ltr'>omniuo</span> <span class='ocrx_word' id='word_1_63' title='bbox 1036 1001 1136 1076; x_wconf 82' lang='lat' dir='ltr'>negant</span> <span class='ocrx_word' id='word_1_64' title='bbox 1148 1009 1199 1058; x_wconf 74' lang='lat' dir='ltr'>eae,</span> <span class='ocrx_word' id='word_1_65' title='bbox 1209 1006 1230 1048; x_wconf 78' lang='lat' dir='ltr'>aa</span> 
     </span>
     <span class='ocr_line' id='line_1_9' title="bbox 298 1096 1230 1192; baseline -0.013 -25"><span class='ocrx_word' id='word_1_66' title='bbox 298 1102 324 1167; x_wconf 78' lang='lat' dir='ltr'>ei</span> <span class='ocrx_word' id='word_1_67' title='bbox 346 1102 415 1190; x_wconf 87' lang='lat' dir='ltr'>quis</span> <span class='ocrx_word' id='word_1_68' title='bbox 438 1103 490 1179; x_wconf 83' lang='lat' dir='ltr'>sit,</span> <span class='ocrx_word' id='word_1_69' title='bbox 513 1101 629 1170; x_wconf 83' lang='lat' dir='ltr'>nullius</span> <span class='ocrx_word' id='word_1_70' title='bbox 648 1125 759 1168; x_wconf 87' lang='lat' dir='ltr'>curam</span> <span class='ocrx_word' id='word_1_71' title='bbox 774 1125 883 1192; x_wconf 79' lang='lat' dir='ltr'>gerere</span> <span class='ocrx_word' id='word_1_72' title='bbox 904 1114 1102 1192; x_wconf 84' lang='lat' dir='ltr'>praeterquam</span> <span class='ocrx_word' id='word_1_73' title='bbox 1120 1096 1164 1162; x_wconf 86' lang='lat' dir='ltr'>sui.</span> <span class='ocrx_word' id='word_1_74' title='bbox 1181 1097 1230 1178; x_wconf 79' lang='lat' dir='ltr'>Atqu·</span> 
     </span>
     <span class='ocr_line' id='line_1_10' title="bbox 298 1205 1230 1300; baseline -0.012 -25"><span class='ocrx_word' id='word_1_75' title='bbox 298 1209 366 1275; x_wconf 87' lang='lat' dir='ltr'>haee</span> <span class='ocrx_word' id='word_1_76' title='bbox 381 1212 510 1299; x_wconf 89' lang='lat' dir='ltr'>quidem</span> <span class='ocrx_word' id='word_1_77' title='bbox 526 1211 655 1278; x_wconf 92' lang='lat' dir='ltr'>omnino</span> <span class='ocrx_word' id='word_1_78' title='bbox 670 1211 799 1299; x_wconf 84' lang='lat' dir='ltr'>Epicuri</span> <span class='ocrx_word' id='word_1_79' title='bbox 814 1223 846 1277; x_wconf 90' lang='lat' dir='ltr'>et</span> <span class='ocrx_word' id='word_1_80' title='bbox 862 1209 1030 1300; x_wconf 78' lang='lat' dir='ltr'>Chrysippi</span> <span class='ocrx_word' id='word_1_81' title='bbox 1044 1205 1151 1274; x_wconf 86' lang='lat' dir='ltr'>stultitia</span> <span class='ocrx_word' id='word_1_82' title='bbox 1159 1226 1230 1292; x_wconf 75' lang='lat' dir='ltr'>prona</span> 
     </span>
     <span class='ocr_line' id='line_1_11' title="bbox 298 1314 1229 1397; baseline -0.01 -13"><span class='ocrx_word' id='word_1_83' title='bbox 298 1320 395 1384; x_wconf 83' lang='lat' dir='ltr'>tiavit.</span> <span class='ocrx_word' id='word_1_84' title='bbox 410 1319 472 1387; x_wconf 80' lang='lat' dir='ltr'>Alii</span> <span class='ocrx_word' id='word_1_85' title='bbox 487 1321 592 1387; x_wconf 88' lang='lat' dir='ltr'>omnia</span> <span class='ocrx_word' id='word_1_86' title='bbox 607 1320 737 1386; x_wconf 81' lang='lat' dir='ltr'>fortuito</span> <span class='ocrx_word' id='word_1_87' title='bbox 752 1321 821 1388; x_wconf 88' lang='lat' dir='ltr'>fieri</span> <span class='ocrx_word' id='word_1_88' title='bbox 836 1333 994 1394; x_wconf 82' lang='lat' dir='ltr'>asserunt,</span> <span class='ocrx_word' id='word_1_89' title='bbox 1009 1341 1046 1384; x_wconf 88' lang='lat' dir='ltr'>ae</span> <span class='ocrx_word' id='word_1_90' title='bbox 1058 1314 1179 1382; x_wconf 93' lang='lat' dir='ltr'>mundun</span> <span class='ocrx_word' id='word_1_91' title='bbox 1189 1315 1229 1397; x_wconf 77' lang='lat' dir='ltr'>inp·</span> 
     </span>
     <span class='ocr_line' id='line_1_12' title="bbox 298 1421 1228 1499; baseline -0.013 -4"><span class='ocrx_word' id='word_1_92' title='bbox 298 1429 401 1496; x_wconf 91' lang='lat' dir='ltr'>nitum</span> <span class='ocrx_word' id='word_1_93' title='bbox 422 1453 490 1496; x_wconf 87' lang='lat' dir='ltr'>esse</span> <span class='ocrx_word' id='word_1_94' title='bbox 509 1443 542 1494; x_wconf 92' lang='lat' dir='ltr'>et</span> <span class='ocrx_word' id='word_1_95' title='bbox 561 1441 712 1496; x_wconf 73' lang='lat' dir='ltr'>aeternam</span> <span class='ocrx_word' id='word_1_96' title='bbox 734 1444 904 1499; x_wconf 84' lang='lat' dir='ltr'>naturam:</span> <span class='ocrx_word' id='word_1_97' title='bbox 926 1454 965 1498; x_wconf 91' lang='lat' dir='ltr'>ae</span> <span class='ocrx_word' id='word_1_98' title='bbox 979 1427 1099 1496; x_wconf 91' lang='lat' dir='ltr'>omnino</span> <span class='ocrx_word' id='word_1_99' title='bbox 1114 1421 1228 1490; x_wconf 75' lang='lat' dir='ltr'>rellania</span> 
     </span>
     <span class='ocr_line' id='line_1_13' title="bbox 299 1529 1227 1630; baseline -0.01 -24"><span class='ocrx_word' id='word_1_100' title='bbox 299 1564 367 1608; x_wconf 82' lang='lat' dir='ltr'>esse</span> <span class='ocrx_word' id='word_1_101' title='bbox 381 1542 611 1630; x_wconf 83' lang='lat' dir='ltr'>providentiam</span> <span class='ocrx_word' id='word_1_102' title='bbox 622 1543 728 1610; x_wconf 88' lang='lat' dir='ltr'>dioere</span> <span class='ocrx_word' id='word_1_103' title='bbox 739 1545 806 1609; x_wconf 80' lang='lat' dir='ltr'>ausi</span> <span class='ocrx_word' id='word_1_104' title='bbox 818 1554 904 1619; x_wconf 86' lang='lat' dir='ltr'>sunt,</span> <span class='ocrx_word' id='word_1_105' title='bbox 917 1544 974 1608; x_wconf 84' lang='lat' dir='ltr'>sed</span> <span class='ocrx_word' id='word_1_106' title='bbox 988 1542 1084 1610; x_wconf 88' lang='lat' dir='ltr'>Deum</span> <span class='ocrx_word' id='word_1_107' title='bbox 1094 1529 1227 1601; x_wconf 72' lang='lat' dir='ltr'>unimoda</span> 
     </span>
     <span class='ocr_line' id='line_1_14' title="bbox 245 1640 1226 1750; baseline -0.017 -33"><span class='ocrx_word' id='word_1_108' title='bbox 245 1743 247 1750; x_wconf 15' lang='grc' dir='ltr'><em>γ</em></span> <span class='ocrx_word' id='word_1_109' title='bbox 298 1675 366 1717; x_wconf 86' lang='lat' dir='ltr'>esse</span> <span class='ocrx_word' id='word_1_110' title='bbox 380 1650 489 1719; x_wconf 85' lang='lat' dir='ltr'>volunt</span> <span class='ocrx_word' id='word_1_111' title='bbox 503 1652 751 1741; x_wconf 83' lang='lat' dir='ltr'>uniuscujusque</span> <span class='ocrx_word' id='word_1_112' title='bbox 766 1654 1004 1720; x_wconf 84' lang='lat' dir='ltr'>conscientiam.</span> <span class='ocrx_word' id='word_1_113' title='bbox 1018 1648 1074 1716; x_wconf 80' lang='lat' dir='ltr'>Alii</span> <span class='ocrx_word' id='word_1_114' title='bbox 1085 1667 1142 1711; x_wconf 80' lang='lat' dir='ltr'>rero</span> <span class='ocrx_word' id='word_1_115' title='bbox 1152 1640 1226 1729; x_wconf 82' lang='lat' dir='ltr'>spiritu</span> 
     </span>
     <span class='ocr_line' id='line_1_15' title="bbox 300 1751 1228 1854; baseline -0.023 -26"><span class='ocrx_word' id='word_1_116' title='bbox 300 1761 390 1830; x_wconf 89' lang='lat' dir='ltr'>ilium</span> <span class='ocrx_word' id='word_1_117' title='bbox 404 1765 459 1853; x_wconf 92' lang='lat' dir='ltr'>qui</span> <span class='ocrx_word' id='word_1_118' title='bbox 478 1765 582 1831; x_wconf 90' lang='lat' dir='ltr'>omnia</span> <span class='ocrx_word' id='word_1_119' title='bbox 603 1765 759 1854; x_wconf 78' lang='lat' dir='ltr'>pervadit,</span> <span class='ocrx_word' id='word_1_120' title='bbox 772 1765 875 1831; x_wconf 87' lang='lat' dir='ltr'>Deum</span> <span class='ocrx_word' id='word_1_121' title='bbox 886 1789 957 1831; x_wconf 84' lang='lat' dir='ltr'>esse</span> <span class='ocrx_word' id='word_1_122' title='bbox 975 1751 1228 1829; x_wconf 59' lang='lat' dir='ltr'>decernundum-</span> 
     </span>
     <span class='ocr_line' id='line_1_16' title="bbox 299 1856 1224 1964; baseline -0.018 -25"><span class='ocrx_word' id='word_1_123' title='bbox 299 1886 363 1939; x_wconf 87' lang='lat' dir='ltr'>tem</span> <span class='ocrx_word' id='word_1_124' title='bbox 378 1885 411 1939; x_wconf 88' lang='lat' dir='ltr'>et</span> <span class='ocrx_word' id='word_1_125' title='bbox 424 1875 479 1963; x_wconf 95' lang='lat' dir='ltr'>qui</span> <span class='ocrx_word' id='word_1_126' title='bbox 494 1897 569 1940; x_wconf 92' lang='lat' dir='ltr'>eum</span> <span class='ocrx_word' id='word_1_127' title='bbox 584 1887 771 1962; x_wconf 84' lang='lat' dir='ltr'>sequnntur,</span> <span class='ocrx_word' id='word_1_128' title='bbox 783 1873 886 1942; x_wconf 87' lang='lat' dir='ltr'>Deum</span> <span class='ocrx_word' id='word_1_129' title='bbox 902 1873 1031 1964; x_wconf 90' lang='lat' dir='ltr'>quidem</span> <span class='ocrx_word' id='word_1_130' title='bbox 1046 1869 1156 1936; x_wconf 77' lang='lat' dir='ltr'>fatente</span> <span class='ocrx_word' id='word_1_131' title='bbox 1167 1856 1224 1944; x_wconf 69' lang='lat' dir='ltr'>ingen·</span> 
     </span>
     <span class='ocr_line' id='line_1_17' title="bbox 299 1967 1225 2073; baseline -0.021 -23"><span class='ocrx_word' id='word_1_132' title='bbox 299 1995 380 2059; x_wconf 81' lang='lat' dir='ltr'>tum,</span> <span class='ocrx_word' id='word_1_133' title='bbox 397 1996 429 2049; x_wconf 91' lang='lat' dir='ltr'>et</span> <span class='ocrx_word' id='word_1_134' title='bbox 443 1996 565 2073; x_wconf 87' lang='lat' dir='ltr'>patrem</span> <span class='ocrx_word' id='word_1_135' title='bbox 579 1996 611 2049; x_wconf 87' lang='lat' dir='ltr'>et</span> <span class='ocrx_word' id='word_1_136' title='bbox 627 1995 803 2051; x_wconf 87' lang='lat' dir='ltr'>creatorem</span> <span class='ocrx_word' id='word_1_137' title='bbox 814 1985 959 2050; x_wconf 91' lang='lat' dir='ltr'>omnium</span> <span class='ocrx_word' id='word_1_138' title='bbox 973 2003 1053 2054; x_wconf 84' lang='lat' dir='ltr'>esse;</span> <span class='ocrx_word' id='word_1_139' title='bbox 1067 1975 1113 2044; x_wconf 84' lang='lat' dir='ltr'>sed</span> <span class='ocrx_word' id='word_1_140' title='bbox 1124 1967 1225 2037; x_wconf 75' lang='lat' dir='ltr'>deinter</span> 
     </span>
     <span class='ocr_line' id='line_1_18' title="bbox 300 2072 1224 2182; baseline -0.009 -25"><span class='ocrx_word' id='word_1_141' title='bbox 300 2105 395 2158; x_wconf 90' lang='lat' dir='ltr'>tuunt</span> <span class='ocrx_word' id='word_1_142' title='bbox 409 2093 473 2159; x_wconf 93' lang='lat' dir='ltr'>duo</span> <span class='ocrx_word' id='word_1_143' title='bbox 489 2117 556 2159; x_wconf 85' lang='lat' dir='ltr'>esse</span> <span class='ocrx_word' id='word_1_144' title='bbox 570 2093 722 2182; x_wconf 83' lang='lat' dir='ltr'>ingenita,</span> <span class='ocrx_word' id='word_1_145' title='bbox 738 2093 841 2161; x_wconf 90' lang='lat' dir='ltr'>Deum</span> <span class='ocrx_word' id='word_1_146' title='bbox 855 2105 888 2158; x_wconf 93' lang='lat' dir='ltr'>et</span> <span class='ocrx_word' id='word_1_147' title='bbox 907 2091 1080 2163; x_wconf 86' lang='lat' dir='ltr'>materiam,</span> <span class='ocrx_word' id='word_1_148' title='bbox 1095 2099 1185 2166; x_wconf 72' lang='lat' dir='ltr'>eamque</span> <span class='ocrx_word' id='word_1_149' title='bbox 1195 2072 1224 2136; x_wconf 57' lang='lat' dir='ltr'>lit*</span> 
     </span>
     <span class='ocr_line' id='line_1_19' title="bbox 299 2177 1223 2290; baseline -0.021 -22"><span class='ocrx_word' id='word_1_150' title='bbox 299 2223 437 2268; x_wconf 84' lang='lat' dir='ltr'>ooaevam</span> <span class='ocrx_word' id='word_1_151' title='bbox 458 2225 525 2267; x_wconf 87' lang='lat' dir='ltr'>esse</span> <span class='ocrx_word' id='word_1_152' title='bbox 546 2202 665 2268; x_wconf 87' lang='lat' dir='ltr'>dicunt.</span> <span class='ocrx_word' id='word_1_153' title='bbox 687 2202 783 2281; x_wconf 85' lang='lat' dir='ltr'>Quod</span> <span class='ocrx_word' id='word_1_154' title='bbox 804 2204 829 2268; x_wconf 83' lang='lat' dir='ltr'>si</span> <span class='ocrx_word' id='word_1_155' title='bbox 850 2202 936 2268; x_wconf 85' lang='lat' dir='ltr'>Deus</span> <span class='ocrx_word' id='word_1_156' title='bbox 960 2197 1115 2290; x_wconf 81' lang='lat' dir='ltr'>ingenitus,</span> <span class='ocrx_word' id='word_1_157' title='bbox 1126 2201 1148 2254; x_wconf 87' lang='lat' dir='ltr'>et</span> <span class='ocrx_word' id='word_1_158' title='bbox 1160 2177 1223 2250; x_wconf 66' lang='lat' dir='ltr'>netad</span> 
     </span>
     <span class='ocr_line' id='line_1_20' title="bbox 299 2285 1221 2398; baseline -0.012 -23"><span class='ocrx_word' id='word_1_159' title='bbox 299 2309 436 2398; x_wconf 80' lang='lat' dir='ltr'>ingenita</span> <span class='ocrx_word' id='word_1_160' title='bbox 441 2333 451 2382; x_wconf 88' lang='lat'>;</span> <span class='ocrx_word' id='word_1_161' title='bbox 465 2332 530 2374; x_wconf 90' lang='lat' dir='ltr'>non</span> <span class='ocrx_word' id='word_1_162' title='bbox 541 2310 607 2396; x_wconf 88' lang='lat' dir='ltr'>jam</span> <span class='ocrx_word' id='word_1_163' title='bbox 617 2310 702 2378; x_wconf 87' lang='lat' dir='ltr'>Deus</span> <span class='ocrx_word' id='word_1_164' title='bbox 714 2323 838 2379; x_wconf 87' lang='lat' dir='ltr'>creator</span> <span class='ocrx_word' id='word_1_165' title='bbox 851 2320 899 2376; x_wconf 85' lang='lat' dir='ltr'>est</span> <span class='ocrx_word' id='word_1_166' title='bbox 912 2311 1056 2377; x_wconf 91' lang='lat' dir='ltr'>omnium</span> <span class='ocrx_word' id='word_1_167' title='bbox 1069 2285 1221 2370; x_wconf 49' lang='lat' dir='ltr'>secunduli*</span> 
     </span>
     <span class='ocr_line' id='line_1_21' title="bbox 299 2399 1219 2508; baseline -0.018 -24"><span class='ocrx_word' id='word_1_168' title='bbox 299 2418 434 2494; x_wconf 85' lang='lat' dir='ltr'>tonioos,</span> <span class='ocrx_word' id='word_1_169' title='bbox 447 2440 507 2484; x_wconf 87' lang='lat' dir='ltr'>neo</span> <span class='ocrx_word' id='word_1_170' title='bbox 522 2417 579 2483; x_wconf 90' lang='lat' dir='ltr'>Dei</span> <span class='ocrx_word' id='word_1_171' title='bbox 591 2421 749 2486; x_wconf 81' lang='lat' dir='ltr'>constabit</span> <span class='ocrx_word' id='word_1_172' title='bbox 759 2419 956 2495; x_wconf 86' lang='lat' dir='ltr'>monarchia,</span> <span class='ocrx_word' id='word_1_173' title='bbox 972 2427 1110 2508; x_wconf 87' lang='lat' dir='ltr'>quantum</span> <span class='ocrx_word' id='word_1_174' title='bbox 1119 2399 1219 2490; x_wconf 64' lang='lat' dir='ltr'>inipsisoi</span> 
     </span>
     <span class='ocr_line' id='line_1_22' title="bbox 192 2503 1216 2618; baseline -0.013 -24"><span class='ocrx_word' id='word_1_175' title='bbox 192 2567 195 2572; x_wconf 30' lang='grc' dir='ltr'><strong><em>ι</em></strong></span> <span class='ocrx_word' id='word_1_176' title='bbox 298 2525 432 2601; x_wconf 85' lang='lat' dir='ltr'>Deinde,</span> <span class='ocrx_word' id='word_1_177' title='bbox 453 2526 721 2612; x_wconf 80' lang='lat' dir='ltr'>quemadmodum</span> <span class='ocrx_word' id='word_1_178' title='bbox 740 2528 837 2602; x_wconf 80' lang='lat' dir='ltr'>Deua,</span> <span class='ocrx_word' id='word_1_179' title='bbox 859 2537 1015 2615; x_wconf 81' lang='lat' dir='ltr'>quatenns</span> <span class='ocrx_word' id='word_1_180' title='bbox 1036 2503 1216 2618; x_wconf 53' lang='lat' dir='ltr'>ingenuavit</span> 
     </span>
     <span class='ocr_line' id='line_1_23' title="bbox 299 2603 1215 2725; baseline -0.009 -23"><span class='ocrx_word' id='word_1_181' title='bbox 299 2634 503 2702; x_wconf 85' lang='lat' dir='ltr'>immutabilis</span> <span class='ocrx_word' id='word_1_182' title='bbox 515 2647 575 2712; x_wconf 87' lang='lat' dir='ltr'>est,</span> <span class='ocrx_word' id='word_1_183' title='bbox 588 2637 629 2702; x_wconf 86' lang='lat' dir='ltr'>ita</span> <span class='ocrx_word' id='word_1_184' title='bbox 642 2649 674 2702; x_wconf 88' lang='lat' dir='ltr'>et</span> <span class='ocrx_word' id='word_1_185' title='bbox 685 2637 815 2704; x_wconf 85' lang='lat' dir='ltr'>materia</span> <span class='ocrx_word' id='word_1_186' title='bbox 828 2637 853 2702; x_wconf 81' lang='lat' dir='ltr'>si</span> <span class='ocrx_word' id='word_1_187' title='bbox 865 2649 946 2703; x_wconf 81' lang='lat' dir='ltr'>esset</span> <span class='ocrx_word' id='word_1_188' title='bbox 958 2633 1100 2725; x_wconf 82' lang='lat' dir='ltr'>ingenita,</span> <span class='ocrx_word' id='word_1_189' title='bbox 1111 2603 1215 2720; x_wconf 29' lang='lat' dir='ltr'>manta·</span> 
     </span>
     <span class='ocr_line' id='line_1_24' title="bbox 298 2722 1218 2837; baseline -0.015 -25"><span class='ocrx_word' id='word_1_190' title='bbox 298 2771 424 2836; x_wconf 87' lang='lat' dir='ltr'>quoque</span> <span class='ocrx_word' id='word_1_191' title='bbox 439 2759 471 2812; x_wconf 90' lang='lat' dir='ltr'>et</span> <span class='ocrx_word' id='word_1_192' title='bbox 488 2747 555 2813; x_wconf 90' lang='lat' dir='ltr'>Deo</span> <span class='ocrx_word' id='word_1_193' title='bbox 570 2745 696 2835; x_wconf 72' lang='lat' dir='ltr'>equalis</span> <span class='ocrx_word' id='word_1_194' title='bbox 712 2747 816 2813; x_wconf 85' lang='lat' dir='ltr'>soret:</span> <span class='ocrx_word' id='word_1_195' title='bbox 830 2747 915 2837; x_wconf 94' lang='lat' dir='ltr'>quod</span> <span class='ocrx_word' id='word_1_196' title='bbox 930 2749 1017 2814; x_wconf 91' lang='lat' dir='ltr'>enim</span> <span class='ocrx_word' id='word_1_197' title='bbox 1028 2722 1218 2836; x_wconf 70' lang='lat' dir='ltr'>genitumatttffl</span> 
     </span>
     <span class='ocr_line' id='line_1_25' title="bbox 299 2843 1213 2945; baseline -0.01 -23"><span class='ocrx_word' id='word_1_198' title='bbox 299 2868 330 2922; x_wconf 89' lang='lat' dir='ltr'>et</span> <span class='ocrx_word' id='word_1_199' title='bbox 346 2856 461 2922; x_wconf 89' lang='lat' dir='ltr'>mutari</span> <span class='ocrx_word' id='word_1_200' title='bbox 476 2867 592 2945; x_wconf 83' lang='lat' dir='ltr'>potest,</span> <span class='ocrx_word' id='word_1_201' title='bbox 604 2855 782 2945; x_wconf 81' lang='lat' dir='ltr'>ingenitum</span> <span class='ocrx_word' id='word_1_202' title='bbox 792 2869 900 2922; x_wconf 88' lang='lat' dir='ltr'>autem</span> <span class='ocrx_word' id='word_1_203' title='bbox 912 2879 972 2923; x_wconf 88' lang='lat' dir='ltr'>nee</span> <span class='ocrx_word' id='word_1_204' title='bbox 984 2851 1059 2922; x_wconf 82' lang='lat' dir='ltr'>verti</span> <span class='ocrx_word' id='word_1_205' title='bbox 1069 2843 1213 2937; x_wconf 65' lang='lat' dir='ltr'>potatmecum</span> 
     </span>
    </p>
   </div>
   <div class='ocr_carea' id='block_1_3' title="bbox 298 2937 1250 3382">
    <p class='ocr_par' dir='ltr' id='par_1_4' title="bbox 298 2937 1250 3382">
     <span class='ocr_line' id='line_1_26' title="bbox 298 2937 1250 3062; baseline -0.017 -30"><span class='ocrx_word' id='word_1_206' title='bbox 298 2969 367 3032; x_wconf 88' lang='lat' dir='ltr'>tari.</span> <span class='ocrx_word' id='word_1_207' title='bbox 387 2967 473 3045; x_wconf 86' lang='lat' dir='ltr'>Quid</span> <span class='ocrx_word' id='word_1_208' title='bbox 488 2979 595 3034; x_wconf 88' lang='lat' dir='ltr'>autem</span> <span class='ocrx_word' id='word_1_209' title='bbox 609 2968 714 3056; x_wconf 82' lang='lat' dir='ltr'>magni</span> <span class='ocrx_word' id='word_1_210' title='bbox 730 2980 824 3043; x_wconf 82' lang='lat' dir='ltr'>esset,</span> <span class='ocrx_word' id='word_1_211' title='bbox 843 2968 867 3034; x_wconf 84' lang='lat' dir='ltr'>si</span> <span class='ocrx_word' id='word_1_212' title='bbox 882 2968 967 3036; x_wconf 82' lang='lat' dir='ltr'>Deus</span> <span class='ocrx_word' id='word_1_213' title='bbox 984 2991 1022 3032; x_wconf 83' lang='lat' dir='ltr'>ex</span> <span class='ocrx_word' id='word_1_214' title='bbox 1035 2953 1141 3028; x_wconf 82' lang='lat' dir='ltr'>materia</span> <span class='ocrx_word' id='word_1_215' title='bbox 1151 2937 1219 3062; x_wconf 47' lang='lat' dir='ltr'>§thid</span> <span class='ocrx_word' id='word_1_216' title='bbox 1249 3034 1250 3043; x_wconf 8' lang='grc' dir='ltr'>ἵ</span> 
     </span>
     <span class='ocr_line' id='line_1_27' title="bbox 299 3036 1218 3166; baseline -0.013 -24"><span class='ocrx_word' id='word_1_217' title='bbox 299 3075 454 3142; x_wconf 87' lang='lat' dir='ltr'>mundum</span> <span class='ocrx_word' id='word_1_218' title='bbox 470 3076 609 3143; x_wconf 76' lang='lat' dir='ltr'>iaceret?</span> <span class='ocrx_word' id='word_1_219' title='bbox 620 3076 733 3164; x_wconf 80' lang='lat' dir='ltr'>Opisex</span> <span class='ocrx_word' id='word_1_220' title='bbox 746 3077 833 3143; x_wconf 87' lang='lat' dir='ltr'>enim</span> <span class='ocrx_word' id='word_1_221' title='bbox 847 3077 932 3166; x_wconf 89' lang='lat' dir='ltr'>apud</span> <span class='ocrx_word' id='word_1_222' title='bbox 947 3100 1005 3144; x_wconf 92' lang='lat' dir='ltr'>nos</span> <span class='ocrx_word' id='word_1_223' title='bbox 1020 3092 1086 3140; x_wconf 87' lang='lat' dir='ltr'>oum</span> <span class='ocrx_word' id='word_1_224' title='bbox 1097 3036 1218 3165; x_wconf 54' lang='lat' dir='ltr'>metienti</span> 
     </span>
     <span class='ocr_line' id='line_1_28' title="bbox 299 3159 1250 3274; baseline -0.027 -26"><span class='ocrx_word' id='word_1_225' title='bbox 299 3182 404 3273; x_wconf 90' lang='lat' dir='ltr'>aliquo</span> <span class='ocrx_word' id='word_1_226' title='bbox 418 3186 587 3273; x_wconf 85' lang='lat' dir='ltr'>acceperit,</span> <span class='ocrx_word' id='word_1_227' title='bbox 603 3208 641 3250; x_wconf 86' lang='lat' dir='ltr'>ex</span> <span class='ocrx_word' id='word_1_228' title='bbox 662 3207 698 3251; x_wconf 88' lang='lat' dir='ltr'>ea</span> <span class='ocrx_word' id='word_1_229' title='bbox 714 3185 868 3274; x_wconf 92' lang='lat' dir='ltr'>quidquid</span> <span class='ocrx_word' id='word_1_230' title='bbox 881 3184 1035 3274; x_wconf 77' lang='lat' dir='ltr'>placuerit</span> <span class='ocrx_word' id='word_1_231' title='bbox 1048 3170 1148 3260; x_wconf 84' lang='lat' dir='ltr'>effingit.</span> <span class='ocrx_word' id='word_1_232' title='bbox 1159 3159 1220 3225; x_wconf 67' lang='lat' dir='ltr'>liott</span> <span class='ocrx_word' id='word_1_233' title='bbox 1249 3203 1250 3252; x_wconf 60' lang='lat' dir='ltr'>q</span> 
     </span>
     <span class='ocr_line' id='line_1_29' title="bbox 299 3277 1219 3382; baseline -0.013 -24"><span class='ocrx_word' id='word_1_234' title='bbox 299 3305 365 3359; x_wconf 86' lang='lat' dir='ltr'>tem</span> <span class='ocrx_word' id='word_1_235' title='bbox 379 3293 519 3382; x_wconf 86' lang='lat' dir='ltr'>potentia</span> <span class='ocrx_word' id='word_1_236' title='bbox 534 3294 567 3359; x_wconf 93' lang='lat' dir='ltr'>in</span> <span class='ocrx_word' id='word_1_237' title='bbox 585 3317 623 3358; x_wconf 85' lang='lat' dir='ltr'>eo</span> <span class='ocrx_word' id='word_1_238' title='bbox 638 3306 810 3381; x_wconf 83' lang='lat' dir='ltr'>spectatur,</span> <span class='ocrx_word' id='word_1_239' title='bbox 828 3305 863 3359; x_wconf 94' lang='lat' dir='ltr'>ut</span> <span class='ocrx_word' id='word_1_240' title='bbox 878 3317 916 3358; x_wconf 84' lang='lat' dir='ltr'>ex</span> <span class='ocrx_word' id='word_1_241' title='bbox 931 3293 1028 3359; x_wconf 85' lang='lat' dir='ltr'>nihilo</span> <span class='ocrx_word' id='word_1_242' title='bbox 1045 3285 1120 3355; x_wconf 81' lang='lat' dir='ltr'>faciat</span> <span class='ocrx_word' id='word_1_243' title='bbox 1134 3277 1219 3362; x_wconf 60' lang='lat' dir='ltr'>qttfflffl&#39;</span> 
     </span>
    </p>
   </div>
   <div class='ocr_carea' id='block_1_4' title="bbox 298 3378 1252 3817">
    <p class='ocr_par' dir='ltr' id='par_1_5' title="bbox 298 3378 1252 3817">
     <span class='ocr_line' id='line_1_30' title="bbox 299 3378 1250 3491; baseline -0.018 -24"><span class='ocrx_word' id='word_1_244' title='bbox 299 3425 361 3490; x_wconf 89' lang='lat' dir='ltr'>que</span> <span class='ocrx_word' id='word_1_245' title='bbox 376 3400 528 3468; x_wconf 86' lang='lat' dir='ltr'>voluerit:</span> <span class='ocrx_word' id='word_1_246' title='bbox 544 3401 814 3491; x_wconf 82' lang='lat' dir='ltr'>quemadmodum</span> <span class='ocrx_word' id='word_1_247' title='bbox 826 3401 965 3468; x_wconf 87' lang='lat' dir='ltr'>animam</span> <span class='ocrx_word' id='word_1_248' title='bbox 979 3414 1011 3468; x_wconf 89' lang='lat' dir='ltr'>et</span> <span class='ocrx_word' id='word_1_249' title='bbox 1025 3407 1125 3468; x_wconf 85' lang='lat' dir='ltr'>notun</span> <span class='ocrx_word' id='word_1_250' title='bbox 1133 3380 1219 3490; x_wconf 45' lang='lat' dir='ltr'>dtfflqfl‘*</span> <span class='ocrx_word' id='word_1_251' title='bbox 1248 3378 1250 3472; x_wconf 66' lang='lat' dir='ltr'>i</span> 
     </span>
     <span class='ocr_line' id='line_1_31' title="bbox 298 3489 1219 3601; baseline -0.01 -24"><span class='ocrx_word' id='word_1_252' title='bbox 298 3525 346 3577; x_wconf 86' lang='lat' dir='ltr'>est</span> <span class='ocrx_word' id='word_1_253' title='bbox 360 3512 487 3579; x_wconf 81' lang='lat' dir='ltr'>atterius</span> <span class='ocrx_word' id='word_1_254' title='bbox 503 3513 692 3601; x_wconf 89' lang='lat' dir='ltr'>cujusquam</span> <span class='ocrx_word' id='word_1_255' title='bbox 706 3523 918 3601; x_wconf 70' lang='lat' dir='ltr'>preterquam</span> <span class='ocrx_word' id='word_1_256' title='bbox 932 3512 1000 3577; x_wconf 90' lang='lat' dir='ltr'>Dei.</span> <span class='ocrx_word' id='word_1_257' title='bbox 1019 3511 1105 3578; x_wconf 87' lang='lat' dir='ltr'>Homo</span> <span class='ocrx_word' id='word_1_258' title='bbox 1116 3489 1174 3559; x_wconf 62' lang='lat' dir='ltr'>essim</span> <span class='ocrx_word' id='word_1_259' title='bbox 1186 3491 1219 3539; x_wconf 52' lang='lat' dir='ltr'><em>W</em></span> 
     </span>
     <span class='ocr_line' id='line_1_32' title="bbox 299 3604 1252 3708; baseline -0.017 -25"><span class='ocrx_word' id='word_1_260' title='bbox 299 3619 544 3708; x_wconf 80' lang='lat' dir='ltr'>ginemeffingit,</span> <span class='ocrx_word' id='word_1_261' title='bbox 554 3619 609 3684; x_wconf 83' lang='lat' dir='ltr'>sed</span> <span class='ocrx_word' id='word_1_262' title='bbox 620 3619 1036 3708; x_wconf 85' lang='lat' dir='ltr'>rationem,respirationem</span> <span class='ocrx_word' id='word_1_263' title='bbox 1045 3624 1089 3681; x_wconf 89' lang='lat' dir='ltr'>aut</span> <span class='ocrx_word' id='word_1_264' title='bbox 1098 3610 1180 3672; x_wconf 68' lang='lat' dir='ltr'>sensum</span> <span class='ocrx_word' id='word_1_265' title='bbox 1251 3604 1252 3621; x_wconf 59' lang='lat'><em>*</em></span> 
     </span>
     <span class='ocr_line' id='line_1_33' title="bbox 298 3703 1218 3817; baseline -0.021 -25"><span class='ocrx_word' id='word_1_266' title='bbox 298 3749 362 3793; x_wconf 94' lang='lat' dir='ltr'>non</span> <span class='ocrx_word' id='word_1_267' title='bbox 377 3738 479 3815; x_wconf 86' lang='lat' dir='ltr'>potest</span> <span class='ocrx_word' id='word_1_268' title='bbox 494 3729 582 3816; x_wconf 87' lang='lat' dir='ltr'>operi</span> <span class='ocrx_word' id='word_1_269' title='bbox 598 3753 654 3794; x_wconf 89' lang='lat' dir='ltr'>suo</span> <span class='ocrx_word' id='word_1_270' title='bbox 675 3752 682 3792; x_wconf 80' lang='grc' dir='ltr'><em>τ</em></span> <span class='ocrx_word' id='word_1_271' title='bbox 700 3728 785 3796; x_wconf 89' lang='lat' dir='ltr'>Deus</span> <span class='ocrx_word' id='word_1_272' title='bbox 800 3753 875 3794; x_wconf 86' lang='lat' dir='ltr'>vero</span> <span class='ocrx_word' id='word_1_273' title='bbox 890 3729 953 3796; x_wconf 86' lang='lat' dir='ltr'>hoe</span> <span class='ocrx_word' id='word_1_274' title='bbox 969 3725 1089 3817; x_wconf 86' lang='lat' dir='ltr'>amplius</span> <span class='ocrx_word' id='word_1_275' title='bbox 1100 3703 1218 3780; x_wconf 61' lang='lat' dir='ltr'>habetat·</span> 
     </span>
    </p>
   </div>
   <div class='ocr_carea' id='block_1_5' title="bbox 297 3803 1217 3936">
    <p class='ocr_par' dir='ltr' id='par_1_6' title="bbox 297 3803 1217 3936">
     <span class='ocr_line' id='line_1_34' title="bbox 297 3803 1217 3936; baseline -0.003 -39"><span class='ocrx_word' id='word_1_276' title='bbox 297 3837 381 3900; x_wconf 90' lang='lat' dir='ltr'>tione</span> <span class='ocrx_word' id='word_1_277' title='bbox 393 3847 425 3899; x_wconf 90' lang='lat' dir='ltr'>et</span> <span class='ocrx_word' id='word_1_278' title='bbox 437 3838 642 3923; x_wconf 73' lang='lat' dir='ltr'>respiratione</span> <span class='ocrx_word' id='word_1_279' title='bbox 654 3852 791 3936; x_wconf 30' lang='lat' dir='ltr'>et&#39;sensu</span> <span class='ocrx_word' id='word_1_280' title='bbox 803 3839 972 3928; x_wconf 76' lang='lat' dir='ltr'>praeditum</span> <span class='ocrx_word' id='word_1_281' title='bbox 982 3860 1056 3926; x_wconf 87' lang='lat' dir='ltr'>opus</span> <span class='ocrx_word' id='word_1_282' title='bbox 1065 3821 1152 3898; x_wconf 61' lang='lat' dir='ltr'>effitid·</span> <span class='ocrx_word' id='word_1_283' title='bbox 1160 3803 1217 3880; x_wconf 53' lang='lat' dir='ltr'>Quem</span> 
     </span>
    </p>
   </div>
   <div class='ocr_carea' id='block_1_6' title="bbox 0 0 1313 4612">
    <p class='ocr_par' dir='ltr' id='par_1_7' title="bbox 0 0 1313 4612">
     <span class='ocr_line' id='line_1_35' title="bbox 0 0 1313 4612; baseline 0 0"><span class='ocrx_word' id='word_1_284' title='bbox 0 0 1313 4612; x_wconf 95' lang='lat' dir='ltr'> </span> 
     </span>
    </p>
   </div>
  </div>
 </body>
</html>
