2710 4662
270 279 311 338 80
552 357 556 364 Ι
658 297 771 344 sanor:
794 299 917 343 rararrr

267 406 349 472 vitis.
369 404 619 495 Purgamentum
640 408 737 474 vestri
756 429 841 485 snm,
862 419 896 474 et
916 409 1077 499 piaculum
1100 410 1233 480 efficiar
1252 435 1302 502 pro

265 527 369 584 vestra
388 515 600 606 Ephesiorum
614 515 761 594 ecclesia,
784 515 992 586 celeberrima
1007 522 1041 588 in
1066 520 1208 589 saeuus.
1234 523 1302 588 Car-

266 625 354 720 nales
368 623 541 716 spiritualia
556 649 706 694 exercere
720 638 902 715 nequeunt,
918 651 1023 717 neque
1039 629 1232 720 spirituales
1246 656 1301 698 car

265 736 371 806 balio:
397 736 480 803 sicut
500 754 561 802 nec
581 735 661 803 fides
677 729 749 825 quae
764 735 996 804 incredulitatis
1015 751 1102 816 sunt,
1128 763 1196 807 nec
1212 742 1301 806 incre

267 845 383 914 dulitas
401 867 471 933 quae
493 844 578 912 fidei.
605 845 686 926 Quae
705 868 781 912 roro
802 855 836 911 et
855 848 1034 914 secundum
1048 871 1186 914 carnem
1205 851 1298 939 agitis,

267 979 304 1022 ea
319 952 490 1045 spiritualia
505 967 585 1018 snn‘·
608 955 644 1022 ln
659 954 737 1034 lesu
751 956 837 1020 enim
852 955 980 1023 Christo
996 959 1104 1028 omnia
1116 958 1230 1047 agitis.

310 1061 367 1130 tx.
394 1060 474 1128 Novi
496 1070 605 1126 autam
625 1059 795 1127 nonnullos
818 1059 883 1128 illio
903 1063 1074 1140 transiisse,
1099 1064 1159 1151 qui
1186 1063 1294 1130 hahent

263 1189 441 1260 perversam
448 1165 644 1234 doctrinam.
664 1168 755 1248 Quos
765 1192 830 1235 non
845 1172 1030 1258 permisistis
1045 1173 1213 1239 seminare
1220 1176 1289 1239 inter

263 1297 336 1349 vos:
360 1287 393 1342 et
412 1275 582 1342 obturastis
596 1297 703 1352 aures,
719 1299 761 1344 ne
776 1274 959 1364 reciperetis
973 1303 1046 1366 quae
1059 1273 1110 1346 'ah
1133 1280 1217 1369 ipsis
1227 1293 1287 1346 sunt

262 1387 479 1460 disseminata:
501 1395 538 1450 ut
559 1384 613 1472 qui
634 1383 754 1474 lapides
772 1384 839 1450 sitis
857 1383 967 1475 templi
989 1387 1104 1463 Patris,
1128 1393 1286 1478 przeparati

260 1499 294 1564 in
308 1497 367 1563 Dei
380 1495 482 1562 Patris
496 1487 667 1562 aedificium
675 1519 685 1568 ς
700 1491 816 1560 sublati
828 1495 861 1561 in
875 1494 938 1562 alta
948 1518 1007 1585 per
1017 1495 1209 1564 machinam
1222 1499 1283 1564 lesa

260 1607 391 1684 Christi,
412 1629 482 1696 qua:
503 1615 553 1672 est
570 1625 670 1681 crux,
692 1603 813 1693 Spiritu
834 1615 945 1672 sancto
969 1628 1028 1695 pro
1052 1605 1132 1672 lune
1160 1619 1279 1677 utentes.

259 1717 353 1783 Fides
368 1725 475 1781 autem
487 1723 590 1782 vestra
606 1713 913 1790 subrectrixvestra,
926 1711 1063 1779 charitas
1078 1737 1161 1781 vero
1178 1719 1226 1784 ria
1238 1717 1281 1782 de

260 1828 380 1894 ducens
395 1825 436 1892 ad
454 1817 570 1890 Deum.
586 1823 668 1892 Estis
687 1823 784 1912 igitur
797 1834 830 1890 et
844 1825 901 1890 visa
917 1823 1049 1890 comites
1068 1847 1202 1902 omncs,
1218 1827 1273 1891 liei

258 1936 316 2001 leri
336 1945 369 2000 et
383 1931 564 2022 templileri,
580 1931 770 2010 Christil'eri,
787 1933 957 2007 sanctileri,
977 1955 1035 2022 per
1055 1935 1172 2000 omnia
1195 1933 1272 2000 ornati

257 2043 423 2135 preceptis
437 2041 515 2108 Jesu
530 2040 667 2110 Christi:
685 2053 818 2132 propter
830 2065 909 2130 quos
920 2039 1055 2117 exsulto,
1071 2044 1165 2130 quod
1180 2044 1279 2134 dignas

257 2154 386 2222 habitus
401 2153 474 2227 sim,
489 2173 547 2240 per
566 2175 603 2218 ea
628 2175 697 2240 quaa
718 2151 837 2229 scribo,
855 2150 993 2240 colloqui
1007 2151 1189 2228 vobiscum,
1207 2163 1238 2217 et
1252 2153 1282 2216 si·

256 2261 325 2352 :nul
340 2261 496 2351 gaudere:
519 2262 592 2350 quia
608 2261 730 2328 ratione
745 2260 874 2328 alterius
889 2261 959 2326 vitae
978 2256 1102 2336 hahita,
1124 2260 1200 2328 nihil
1212 2261 1282 2326 dih‘-

256 2371 328 2460 gitis
342 2379 457 2459 preter
472 2366 575 2434 solum
590 2369 705 2436 Deum:

300 2477 343 2544 X.
370 2477 435 2543 Sed
454 2487 486 2543 et
505 2499 563 2568 pro
582 2475 650 2544 aliis
669 2478 851 2545 hominihus
870 2477 1087 2544 indesinenter
1102 2479 1200 2544 oratis.
1221 2477 1278 2543 h'st

255 2585 342 2652 enim
363 2585 437 2674 ipsis
456 2605 527 2680 spes
550 2586 757 2674 poenitentiae,
782 2599 818 2653 ut
837 2586 942 2653 Deum
955 2587 1189 2654 nanciscantur.
1209 2585 1280 2652 Per·

157 2751 158 2756 ,
254 2694 370 2763 mittite
389 2695 496 2782 itaque
518 2697 616 2785 ipsos,
637 2695 749 2761 saltem
769 2698 988 2786 exoperibus,
1009 2721 1028 2762 a
1047 2699 1129 2764 vobis
1143 2697 1268 2761 erudiri.

254 2805 329 2874 Sitis
340 2828 395 2870 vos
406 2804 557 2869 adversus
569 2804 631 2870 iras
642 2821 754 2870 eorum
769 2806 875 2881 mites,
890 2807 1041 2872 adversus
1051 2803 1271 2895 magndoqnen-

244 2919 312 2982 'tias
330 2935 443 2980 eorum
458 2911 616 2980 humiles:
643 2924 756 2979 eorum
777 2913 954 2982 maledictis
973 2918 1127 3005 opponite
1143 2939 1195 2982 sos
1210 2939 1278 3006 pre-

253 3049 319 3102 ces,
335 3023 485 3089 adversus
500 3044 643 3088 errorem
657 3045 769 3089 eorum
783 3047 840 3091 ros
854 3024 938 3091 firmi
956 3038 1142 3114 permanete
1156 3027 1277 3100 iulide,

252 3135 402 3200 adversus
417 3129 531 3198 elieros
544 3153 650 3198 mores
665 3131 793 3198 illorum
807 3156 862 3200 ros
878 3136 1035 3201 mansueti
1050 3136 1127 3201 sitis.
1148 3138 1221 3204 Non
1235 3139 1280 3226 ip

251 3267 302 3312 sos
322 3251 433 3311 contra
456 3240 572 3308 imitari
595 3243 719 3316 conati:
741 3243 853 3310 iratres
873 3269 986 3312 eorum
1004 3244 1207 3314 inveniamur
1228 3272 1281 3338 per

250 3351 497 3444 benignitatem:
521 3351 694 3418 imitatores
710 3362 819 3418 autem
839 3353 967 3421 Domini
985 3355 1171 3423 studeamus
1191 3380 1277 3424 esse:

252 3460 467 3551 unusquisque
482 3460 637 3550 majorem
656 3460 805 3549 injuriam
823 3463 972 3550 patiatur,
990 3466 1212 3554 unusquisque
1229 3469 1282 3533 de

241 3569 389 3635 'fraudari
414 3579 447 3635 se
468 3571 562 3646 sinat,
585 3570 803 3659 unusquisque
830 3573 1001 3644 contemni·
1028 3573 1069 3638 Ut
1091 3598 1157 3641 non
1181 3577 1282 3645 herba

250 3679 354 3766 aliqua
368 3678 493 3746 Diaboli
508 3682 541 3748 in
554 3682 644 3748 robis
659 3682 853 3758 inveniatur:
872 3684 975 3750 sedin
989 3685 1076 3752 omni
1092 3687 1237 3774 puritate
1252 3699 1282 3753 at

249 3789 457 3875 temperantia
476 3791 642 3867 maneatis,
657 3791 690 3858 in
705 3790 782 3860 lesu
798 3792 937 3869 Christo,
955 3792 1170 3860 carnaliteret
1189 3797 1284 3884 spiri·

247 3894 382 3964 tualiter.
