2710 4662
258 273 316 338 106
459 295 482 336 s.
512 293 632 338 touuuu
657 293 806 340 uutsuoua
834 293 873 336 an
896 291 1074 339 struamus.

252 405 337 469 unde
356 417 388 470 et
407 404 513 470 scribo
532 405 621 469 vobis
635 426 692 493 per
706 403 882 479 Burrhum,
899 425 997 491 quem
1012 403 1150 468 misistis
1170 422 1295 465 mecon

251 533 399 576 unacum
406 509 549 599 Ephesiis
565 510 714 576 iratribus
729 511 861 576 vestris:
881 511 935 598 qui
950 510 1038 575 omni
1055 509 1164 574 modo
1177 531 1238 574 me
1254 531 1295 572 re-

254 617 412 684 tocittavit.
441 619 546 706 Atque
571 619 693 684 utinam
715 640 826 683 omues
850 615 940 682 illum
965 615 1153 692 imitentui·‚
1179 617 1238 704 qui
1258 629 1294 678 est

254 725 414 814 exemplar
436 726 532 792 divini
557 725 731 792 ministerii.
761 725 953 792 Remuneuet
970 725 1085 814 ipsum
1111 725 1227 813 gratia
1249 747 1294 811 per

255 835 370 899 omnia.
397 833 506 900 Saluto
528 834 597 900 Deo
619 834 751 922 dignum
772 834 971 922 episcopum,
991 845 1024 897 et
1044 832 1120 898 Deo
1140 832 1292 898 decenn

255 943 501 1030 presbyterium,
517 955 549 1008 et
561 965 730 1008 conservos
740 964 828 1008 meos
839 941 1002 1016 diaconos,
1014 939 1254 1029 sigillau'mque
1264 963 1292 1004 at.

256 1051 290 1116 iu
305 1053 488 1118 universum
502 1073 630 1124 omnent
646 1052 681 1116 in
696 1051 824 1118 nomine
838 1049 915 1116 Jesu
931 1049 1063 1124 Christi,
1080 1061 1118 1114 et
1134 1051 1292 1135 oameip

256 1159 332 1232 sius,
349 1171 381 1225 nt
401 1160 563 1248 sanguine,
585 1171 617 1224 et
637 1158 794 1246 passione,
815 1180 854 1222 uc
876 1158 1115 1226 msuneotione
1138 1155 1288 1246 conponi
1337 1160 1338 1167 ’

257 1267 398 1332 simulet
414 1267 581 1356 spirituali,
598 1268 630 1332 in
647 1267 766 1332 unitate
784 1265 841 1332 Dei
861 1279 1036 1354 vestraque.
1061 1265 1182 1332 Gratia
1200 1267 1286 1334 vobis.

217 1413 225 1426 κ
258 1375 485 1452 misericordia,
501 1399 574 1465 pax,
590 1376 753 1464 patientia,
769 1397 895 1463 semper
907 1375 957 1440 sit.

301 1482 390 1550 XIII.
409 1483 519 1550 Saluto
534 1483 665 1550 familias
680 1483 813 1550 fratrum
826 1505 984 1560 meorum,
1000 1506 1080 1550 oum
1094 1487 1248 1552 mutunus
1258 1499 1282 1548 ot

258 1591 381 1666 tiberin
399 1617 524 1662 necnon
538 1594 687 1684 virginea,
705 1605 830 1660 vocatae
845 1593 965 1658 viduas.
984 1592 1175 1662 Incolumes
1188 1598 1219 1662 in
1233 1596 1280 1660 vir-

259 1714 326 1767 tute
342 1702 477 1793 Spiritus
491 1715 557 1770 este
576 1703 663 1770 mihi.
684 1701 808 1768 Salutat
824 1726 879 1769 vos
893 1700 997 1778 Philo,
1014 1704 1071 1792 qui
1086 1729 1214 1772 meeum
1225 1715 1268 1768 αἱ,

260 1809 370 1876 Saluto
386 1811 515 1878 Tauium
530 1835 604 1878 oum
620 1811 801 1878 domesticis
807 1833 818 1884 ς
833 1833 929 1899 quatu
944 1823 1020 1898 opto
1036 1809 1169 1878 solidari
1180 1811 1267 1878 ttae

261 1920 414 1986 charitate
426 1920 581 2011 corporali
596 1933 691 2010 atquo
703 1918 865 2010 spirituaii.
884 1917 994 1984 Soluto
1011 1917 1116 1988 Alcen
1132 1920 1269 1987 dntten-
1337 1943 1338 1956 ¹

216 2081 220 2102 .
261 2027 324 2094 hile
336 2032 413 2098 mihi
429 2055 558 2109 nomeu,
575 2047 608 2098 et
622 2033 792 2120 Daphuum
808 2030 1103 2122 ineompuaahilem,
1123 2043 1158 2099 et
1172 2034 1279 2098 Eutee-

221 2221 232 2230 ·
261 2160 353 2216 uum,
370 2163 541 2231 omnesque
556 2142 752 2212 nominatim.
773 2142 883 2210 Valete
897 2143 930 2209 in
946 2143 1044 2232 gratio
1058 2142 1125 2207 Dei.
