2684 4638
236 289 299 356 toa
557 311 669 360 srncnr
693 309 808 356 rnrnnr
832 311 894 358 crs.
921 313 957 358 ru

235 417 291 508 qul
305 439 323 484 a
339 413 507 484 Valentino
521 429 608 494 sunt,
624 441 663 484 eo
678 418 768 506 qnod
782 432 832 488 est
846 419 1025 486 secundm
1040 419 1208 486 loannem
1220 417 1280 509 pls»

235 526 365 616 nissime
383 538 519 603 utentes,
542 528 584 596 nd
605 530 821 597 ostensionem
843 532 1110 620 conjugationum
1131 553 1277 603 suanams

223 659 275 733 lex
286 637 354 726 ipso
367 637 556 727 detegentur
567 637 646 708 nihil
661 651 748 708 recte
764 641 919 718 dicentes,
935 641 1219 730 quemadmodum
1232 665 1281 708 os-

235 742 394 826 tendimus
413 746 446 814 in
465 747 569 836 primo
588 745 683 816 libro.
706 749 788 816 Cum
807 773 883 842 ergo
903 750 935 818 bi
958 753 1014 839 qni
1037 751 1278 826 contradicunt,

236 858 327 924 nobie
339 856 556 924 testimonium
567 857 771 949 perhibeant,
782 873 819 928 et
830 871 962 927 utantur
972 861 1035 937 his,
1052 861 1152 928 lirma
1163 873 1200 927 et
1212 883 1277 928 aera

234 979 282 1033 ast
296 977 403 1034 nostra
417 965 458 1032 de
473 963 533 1033 illis
550 968 697 1034 ostensio.

278 1077 388 1167 Neque
400 1089 509 1144 nutem
523 1076 615 1168 plura
631 1100 767 1145 numero
781 1100 879 1168 quam
893 1078 965 1148 baec
978 1091 1066 1155 sunt,
1082 1101 1199 1169 neque
1213 1102 1278 1146 rnr-

233 1207 285 1252 sus
301 1187 454 1276 pauciora
473 1187 559 1276 capit
576 1207 646 1253 ease
660 1185 841 1277 Evangelia.
861 1187 1023 1267 Quoniam
1037 1187 1130 1254 enim
1144 1200 1281 1276 quatuor

232 1291 377 1384 regiones
393 1293 505 1363 mundi
521 1291 644 1363 suntin
659 1317 723 1384 quo
739 1317 865 1373 sumus,
885 1307 918 1362 et
932 1308 1071 1386 quaeror
1084 1295 1277 1385 principsle

234 1405 376 1494 spiritus,
395 1417 429 1471 et
446 1405 648 1474 disseminata
664 1417 712 1472 est
726 1404 870 1473 Ecclesia
885 1427 982 1496 snper
997 1429 1133 1474 omnem
1147 1419 1276 1484 temm,

235 1510 385 1579 columna
399 1519 508 1580 autem
521 1511 813 1580 etlirmamentum
827 1511 977 1582 Ecclesiae
991 1526 1040 1582 ert
1056 1514 1276 1605 Euangeliou,

234 1633 268 1690 et
286 1621 413 1712 spiritns
432 1623 519 1697 vitree
543 1643 742 1711 consequens
757 1635 819 1699 eat,
838 1635 976 1712 quatuor
993 1621 1117 1690 babere
1135 1647 1213 1691 eam
1227 1647 1276 1691 eo·

234 1729 373 1809 lamnas,
390 1732 531 1820 undique
545 1731 659 1799 llantes
670 1731 1017 1823 incorruptibilitatem,
1033 1745 1070 1798 at
1083 1731 1276 1800 vivificantes

235 1842 393 1912 homines.
418 1845 465 1908 Ex
479 1844 595 1932 quibus
610 1842 815 1910 manifestum
828 1854 890 1920 est,
907 1843 1058 1930 quonium
1072 1843 1131 1932 qui
1146 1856 1202 1910 est
1215 1867 1276 1910 om-

235 1952 327 2020 nium
340 1951 452 2020 artifex
465 1951 623 2030 Verbum,
637 1951 693 2042 qui
708 1951 798 2019 sedet
811 1973 908 2041 anper
924 1951 1121 2028 Cherubim,
1134 1964 1169 2020 et
1185 1953 1275 2020 conti

236 2077 292 2132 net
307 2063 426 2141 omnia,
443 2063 624 2132 declaratus
637 2063 835 2140 hominibus,
850 2063 939 2132 dedit
953 2063 1045 2132 nobis
1060 2064 1274 2152 quadriforme

234 2172 453 2266 Evangeliunr,
470 2173 558 2264 quod
573 2197 637 2241 uno
651 2174 763 2264 spiritu
780 2175 972 2241 continetur.
992 2172 1272 2254 Quemadmodum

233 2293 266 2348 at
289 2281 389 2348 David
410 2280 575 2370 postulans
595 2281 665 2372 ejus
689 2282 874 2360 adventum,
897 2283 967 2349 ait:
1000 2282 1093 2362 «Qui
1113 2284 1206 2350 sedes
1222 2307 1274 2349 sn·

234 2414 319 2480 »per
338 2389 526 2468 Cherubim,
546 2390 724 2481 apparebis
749 2394 877 2460 Etenim
900 2393 1077 2461 Cherubim
1097 2393 1268 2483 qrrsdn'ior·

235 2503 315 2576 miae
339 2513 372 2568 et
394 2501 506 2572 iormae
523 2503 679 2593 ipsorum,
704 2505 857 2595 imagines
876 2518 950 2572 sunt
970 2505 1186 2596 dispositionis
1203 2504 1271 2572 Filii

237 2613 307 2680 Dei.
326 2612 493 2682 «Primum
509 2613 596 2680 enim
611 2613 741 2694 animal,
757 2616 874 2706 inquit,
890 2614 991 2683 simile
1005 2614 1091 2682 leoni
1102 2616 1157 2692 ’,ι
1176 2615 1270 2682 effice

235 2720 300 2788 bilo
315 2721 397 2811 ejus,
414 2734 446 2788 et
459 2719 648 2812 principale,
664 2734 697 2790 et
713 2722 818 2813 regale
833 2723 1035 2814 significans:
1061 2723 1267 2796 «secundm

235 2855 344 2902 sowa
366 2830 467 2902 simile
489 2834 600 2912 vitulo,
619 2863 633 2898 a
655 2833 863 2904 sacrificalem
882 2849 915 2904 et
935 2835 1171 2905 sacerdotalem
1192 2837 1270 2904 ordi

235 2945 401 3014 nationem
416 2944 619 3034 significans:
644 2942 813 3012 «Tertium
829 2965 904 3013 vero
919 2947 1040 3013 habens
1055 2947 1175 3014 faciem
1189 2945 1271 3037 quari

234 3054 476 3132 »humanans
501 3075 590 3130 oum,
614 3054 669 3142 qui
691 3065 740 3120 est
758 3056 937 3124 secundnm
957 3055 1139 3132 hominem,
1164 3055 1274 3122 adver

233 3176 304 3230 tum
329 3163 399 3253 ejus
425 3162 592 3230 manifeste
618 3161 828 3230 describens:
860 3165 1048 3245 «Quanam
1070 3185 1154 3230 ocra
1177 3162 1276 3231 simile

234 3271 374 3363 »aquilae
395 3271 567 3348 volantis»
593 3270 729 3360 Spiritus
755 3272 789 3338 in
811 3271 988 3342 Ecclesiam
1010 3271 1190 3340 advolantis
1209 3295 1277 3364 gra

234 3383 313 3450 tiam
339 3379 555 3453 manifestans.
585 3379 626 3448 Et
651 3379 820 3472 Evangelia
847 3383 947 3473 igitur
972 3385 1021 3452 his
1049 3385 1273 3458 consonantia,

234 3493 269 3561 in
290 3495 407 3583 quibus
427 3493 544 3560 insidet
567 3490 714 3558 Christus
735 3491 839 3568 lesus
864 3493 962 3562 Aliud
980 3495 1066 3562 enim
1087 3493 1181 3571 illnd,
1205 3515 1277 3583 qun

234 3617 283 3671 est
301 3627 318 3670 a
339 3604 445 3682 Patre,
465 3599 688 3694 principalem,
708 3611 742 3668 et
760 3601 964 3682 efficabilem,
986 3617 1018 3671 et
1037 3601 1208 3695 gloriosam
1225 3625 1278 3693 ge

234 3713 433 3782 uenationem
455 3713 525 3805 ejus
545 3723 684 3788 enarrat,
710 3711 819 3780 dicens
842 3713 914 3783 sio:
938 3713 1004 3783 «ln
1023 3715 1182 3805 principio
1207 3725 1276 3779 erat

82 3859 88 3871 ·
235 3850 248 3885 r
264 3821 422 3903 Verbum,
442 3837 475 3892 et
495 3823 640 3892 Verbum
658 3835 727 3890 crat
742 3825 828 3916 apud
842 3827 960 3905 Deum,
975 3839 1008 3895 et
1018 3827 1103 3898 Deus
1115 3839 1187 3896 erat
1199 3823 1275 3894 Ver·

266 3950 353 4005 *rut
366 3969 447 4013 cnxrr,
461 3971 481 4002 ι.
494 3981 524 3994 -
535 3951 546 3986 ²
556 3953 637 4016 Apoc.
651 3968 687 4012 rr,
700 3969 725 4017 7.

555 4214 597 4436 l
