2780 4614
289 316 350 390 nid
584 334 697 377 sanem
719 299 837 375 susrrni
860 333 1014 376 nsnuunrs

286 443 347 506 bus
354 439 501 530 placendi
513 439 617 526 studio
630 438 761 516 detenti,
774 451 829 504 aut
840 440 991 528 impetn'o
1003 441 1124 506 ratione
1134 437 1312 514 alieno,aut
1388 512 1389 519 ἵ

288 549 408 615 dudum
419 549 574 615 insidente
585 543 697 615 animis
705 547 1131 624 malorumore,sententiam
1139 548 1173 613 iu
1181 560 1313 614 vosmet-

287 659 370 748 ipsos
387 658 502 754 seratis.
523 657 576 725 Sic
597 659 682 725 enim
697 671 853 734 tenemus,
866 656 944 724 nihil
956 682 1013 724 nos
1028 657 1102 735 mali
1117 681 1135 723 a
1155 681 1311 746 quoquam

286 768 409 857 perpeti
424 789 528 855 posse,
542 766 601 832 uisi
617 764 765 848 maleficii
780 788 962 854 arguamur,
978 776 1034 846 aut
1046 765 1186 854 improbi
1202 763 1310 852 depre-

287 875 474 960 hendamur.
495 875 559 944 Vos
584 888 691 943 autem
710 875 855 943 occidere
878 874 1007 964 quidem
1034 875 1183 964 potestis,
1202 871 1312 939 laedere

288 1008 362 1050 vcro
377 1005 588 1073 nequaquam.

332 1093 388 1159 111.
403 1092 468 1158 Sed
479 1117 519 1158 ne
531 1093 601 1160 haec
612 1093 683 1182 quis
694 1092 829 1160 alienam
840 1116 858 1158 a
870 1095 991 1176 ratione
1003 1105 1035 1158 et
1052 1093 1259 1158 temerariam
1270 1115 1314 1156 vo

288 1225 438 1268 comesse
450 1203 618 1280 existimet,
632 1225 759 1269 oramus
777 1214 813 1268 ut
824 1214 982 1290 quaeratur
997 1201 1037 1266 de
1048 1200 1236 1267 criminibus
1249 1223 1314 1286 qua

290 1309 697 1400 Christianis'objiciuntur‚
709 1311 802 1388 ac,·si
817 1312 940 1376 remita
958 1333 990 1376 se
1007 1311 1126 1377 habere
1141 1321 1264 1399 pateat,
1284 1322 1315 1372 ut

169 1439 171 1446 ·
290 1418 464 1508 quemlibet
483 1419 580 1486 alium
594 1422 714 1512 punire·
725 1420 829 1514 decet,
851 1421 894 1486 lta
913 1420 1095 1511 puniantur.
1118 1419 1186 1484 Sed
1201 1419 1227 1485 si
1243 1415 1316 1484 nibil

290 1553 422 1620 arguere
441 1530 607 1619 quisquam
630 1531 763 1614 habeat,
784 1530 863 1596 ratio
883 1553 955 1596 vern
975 1553 1039 1596 uon
1055 1529 1202 1620 praecipit
1220 1539 1257 1592 ut
1277 1529 1315 1592 ob

289 1637 410 1705 malum
421 1663 583 1707 rumorem
594 1639 776 1706 homiuibus
787 1639 1008 1706 innocentibus
1020 1639 1171 1727 iujuriam
1186 1637 1316 1710 sociatis,
1329 1638 1335 1649 '

290 1746 340 1813 vel
354 1748 458 1836 potius
474 1748 715 1838 vobismetipsis,
728 1748 782 1837 qui
798 1770 863 1813 nou
873 1747 1005 1836 judicio,
1021 1746 1078 1812 sed
1092 1746 1213 1812 ellectu
1227 1767 1318 1832 nego·

289 1856 333 1922 tia
348 1856 503 1924 facessere
514 1859 700 1924 inanimum
712 1857 871 1924 inducitis.
892 1857 995 1943 Atque
1006 1855 1091 1922 hanc
1101 1855 1233 1942 quidem
1243 1876 1318 1942 prae-

291 1963 409 2032 claram
430 1988 498 2032 esse
520 1964 682 2053 solamque
701 1967 818 2053 justam
838 1963 1052 2031 conditionem
1073 1986 1168 2030 sanus
1190 1964 1320 2051 quisque

286 2076 527 2165 pronuntiabit*
545 2088 581 2139 ut
601 2075 763 2140 innoxiam
786 2075 928 2160 quidem·
935 2074 1048 2161 privati
1071 2085 1105 2139 et
1127 2072 1320 2162 inculpatam

291 2184 362 2249 vitas
377 2195 409 2249 et
428 2183 580 2249 doetrinae
598 2207 661 2250 susc
676 2184 832 2257 rationem
847 2183 1032 2258 exhibeant;
1054 2171 1200 2248 similiter
1214 2196 1321 2248 autern

291 2299 323 2354 et
342 2288 397 2375 qui
416 2298 568 2374 presunt,
587 2309 652 2353 non
670 2287 734 2353 vim
752 2300 785 2353 et
805 2288 1018 2376 tyrannidem,
1042 2288 1099 2354 sed
1118 2291 1268 2376 pietatem
1289 2303 1324 2354 et

291 2393 525 2483 philosophiam
540 2405 718 2481 sequentes,
736 2394 924 2460 sententiam
940 2394 1057 2460 dicant.
1078 2393 1129 2459 Sic
1141 2394 1226 2459 euim
1241 2407 1275 2459 et
1287 2394 1323 2459 in

292 2503 329 2569 iis
346 2501 399 2590 qui
415 2513 567 2590 praesunt,
583 2502 660 2567 etin
674 2502 711 2568 iis
723 2503 777 2590 qui
792 2514 917 2592 parent,
933 2501 1084 2592 praeclare
1098 2515 1217 2590 agatur.
1234 2504 1326 2568 Dixit

290 2612 380 2678 ,enim
391 2609 508 2678 alicubi
520 2610 649 2699 qnidam
665 2624 807 2678 veterum
822 2636 830 2676 :
848 2611 937 2678 «Nisi
948 2610 1213 2699 philosophentur
1225 2624 1256 2676 et
1268 2614 1324 2699 qni

295 2748 310 2790 s,
323 2731 439 2808 regunt
452 2731 484 2784 et
499 2720 554 2806 qui
569 2731 735 2808 reguntur,
754 2719 824 2786 lieri
842 2743 906 2785 non
921 2719 1019 2809 possit
1033 2731 1069 2784 ut
1082 2721 1185 2784 beatae
1199 2721 1259 2784 sint
1275 2720 1326 2786 ci-

295 2858 308 2894 r
322 2829 443 2896 vitatos.
458 2857 473 2894 s.
486 2828 637 2896 Nostrum
653 2830 748 2918 igitur
766 2853 881 2895 munus
896 2842 957 2906 est,
978 2842 1014 2895 ut
1031 2831 1103 2896 vitae
1121 2843 1155 2896 et
1173 2832 1327 2896 doctrinae

296 2949 411 3005 nostrae
429 2936 631 3026 inspiciendae
651 2938 776 3026 copiam
794 2938 941 3004 omuibus
959 2937 1130 3016 faciamus,
1149 2963 1188 3004 ne
1205 2962 1265 3026 pro
1287 2940 1329 3002 iis

297 3047 352 3134 qui
368 3069 418 3112 res
432 3057 555 3112 nostras
571 3046 629 3112 sibi
649 3044 796 3111 videntur
810 3046 967 3134 ignorare,
983 3069 1117 3134 poenam
1128 3069 1236 3112 eorum
1251 3069 1331 3132 qtrar

298 3157 500 3224 caecutientes
518 3155 732 3244 peccaverint,
749 3156 807 3243 ipsi
828 3155 1024 3222 debeamus:
1044 3170 1187 3224 vestrum
1204 3169 1332 3232 autem,

297 3276 333 3333 ut
349 3263 470 3337 audita,
487 3261 758 3351 quemadmodum
772 3263 852 3329 ratio
867 3261 1055 3354 praescribit,
1073 3287 1169 3331 causa
1183 3266 1260 3332 boni
1277 3267 1338 3353 ju-

298 3375 384 3454 dices
400 3371 611 3462 reperiamini.
632 3371 715 3438 Nihil
727 3373 813 3448 enim
826 3375 974 3465 deinceps
989 3372 1213 3450 excusationis,
1229 3397 1267 3440 re
1279 3397 1337 3440 co

264 3489 265 3492 ’
299 3486 398 3574 gnita,
415 3463 500 3571 apud
515 3481 619 3552 Deum
633 3478 843 3570 relinquetur,
859 3483 885 3548 si
901 3507 989 3571 aequa
1004 3507 1069 3552 non
1084 3483 1233 3550 feceritis.

345 3589 398 3658 lV.
418 3588 560 3678 llominis
572 3587 701 3675 quidem
713 3588 921 3678 appellatione
932 3613 992 3654 nec
1003 3591 1125 3690 bonnm
1136 3611 1198 3654 nec
1209 3587 1338 3654 malum

301 3697 495 3786 dijudicatur
505 3698 573 3764 siue
584 3699 735 3785 subjectis
750 3698 871 3765 nomini
884 3698 1062 3762 actionibus
1077 3720 1088 3762 t
1102 3698 1222 3764 etenim
1233 3719 1340 3786 quan·

303 3819 372 3874 tum
391 3806 567 3872 adnomen
586 3830 650 3894 quo
673 3807 880 3896 appellamur,
903 3808 1020 3896 optimi.
1036 3831 1161 3882 sumus;
1184 3807 1240 3874 sed
1258 3808 1344 3895 quia

300 3939 429 4005 aequum
442 3939 510 3983 esso
524 3939 590 3984 nou
608 3939 774 3986 censemus
790 3931 825 3984 ut
843 3929 973 4007 propter
986 3941 1117 3992 nomeu,
1133 3917 1160 3984 si
1175 3914 1248 3984 mali
1264 3939 1343 3982 esso
