2492 4632
325 331 447 378 cenrnu
470 331 621 378 unumne
923 313 983 389 tri

24 423 46 508 't
70 441 305 510 vestimentum
324 453 533 517 veterascent,
556 452 590 506 et
607 439 691 506 uicut
711 441 986 530 cooperimentum

24 533 112 620 ¹ubis
127 574 200 628 ece,
219 562 252 616 ct
269 552 490 618 mutabuntur.
512 548 563 616 Tu
575 561 682 616 eutem
704 549 791 616 idem
808 549 875 640 ipse
893 573 941 627 cs,
956 564 989 617 et

23 645 39 730 i
62 663 114 729 tui
134 683 203 728 non
221 657 383 728 deficient.
404 655 477 724 Filii
497 677 661 724 nervorum
679 667 809 724 tucrum
827 657 987 726 inhabitu-

23 759 64 848 tt,
88 780 125 837 et
147 789 258 836 nemen
280 789 392 834 eorum
411 766 445 832 in
464 775 621 835 eternum
639 765 860 856 dirigetur&
883 769 988 835 mnni-

22 873 221 948 'oetendene
241 897 312 966 quae
333 875 396 942 sint
415 897 486 964 quie
506 883 711 964 pretereunt,
733 887 766 941 et
784 877 855 964 quie
869 889 919 944 est
933 877 989 968 qui

22 1013 70 1057 er
86 997 284 1080 perseveret,
300 986 385 1054 Deus
401 1005 477 1054 cum
492 984 590 1050 servis
604 983 679 1050 tuin.
700 985 742 1050 Et
759 986 865 1054 Euticu
879 999 987 1056 nutem

23 1103 114 1168 iter:
140 1097 320 1176 «Aliernte,
340 1097 455 1187 inquit,
473 1092 584 1162 cculce
605 1105 726 1162 veetroe
745 1095 779 1160 in
801 1096 932 1176 coeinm,
954 1111 988 1166 et

21 1211 133 1278 endite
151 1210 186 1277 in
203 1219 323 1276 terrum
340 1209 504 1284 duonum,
523 1207 676 1298 quonium
694 1207 813 1276 coelum
834 1211 917 1278 sieut
934 1209 988 1274 t'u-

21 1345 44 1389 te
61 1319 293 1388 confirmatum
305 1330 367 1396 est,
384 1331 468 1386 terre
482 1330 590 1386 eutem
603 1319 685 1386 sicut
700 1321 923 1386 vestimentum
938 1343 988 1387 ve·

20 1442 144 1499 ascet:
175 1430 229 1519 qui
252 1439 360 1494 autem
383 1425 561 1495 inhabitent
583 1429 616 1494 iu
639 1429 697 1505 eie,
719 1429 988 1518 quemadmodum

22 1567 56 1620 c,
71 1542 261 1610 morientur.
284 1538 430 1606 Sulutnre
447 1549 556 1604 nutem
572 1559 682 1606 meum
696 1539 730 1606 in
744 1549 900 1607 eternum
913 1539 986 1614 erit,

19 1654 94 1720 titin
111 1661 221 1718 autem
235 1673 306 1718 men
322 1673 386 1717 non
402 1647 530 1716 deficiet
540 1647 562 1713 ².
578 1674 592 1711 ι

353 1858 504 1928 CAPUT
527 1854 584 1928 IV.

18 2044 107 2102 »undet
120 2040 202 2104 alteri
215 2043 360 2124 olq'ccticm'
364 2088 374 2116 ,
387 2057 412 2102 et
417 2043 516 2120 prebat
524 2065 618 2104 eversa
633 2044 694 2104 licet
706 2058 732 2104 ct
741 2042 870 2104 derelicta
883 2043 989 2104 Hiero·

18 2145 100 2229 ·lyma
107 2191 117 2218 ,
129 2167 194 2221 quoe
204 2147 302 2226 magru‘
311 2146 397 2225 Regis
405 2148 502 2206 civiter
510 2159 583 2219 erat,
593 2145 667 2206 nituit
676 2145 710 2206 dc
719 2167 847 2220 suprema
859 2145 917 2204 Dct'
924 2167 988 2204 nue-

17 2259 135 2320 statecc
147 2249 266 2322 poteram
280 2245 450 2306 decessisse:
467 2245 498 2306 id
505 2248 576 2306 enim
585 2246 784 2324 sapientissime
794 2244 918 2326 ejusdcm
930 2246 989 2304 Dei

17 2345 334 2430 *nsiliufactumsut'ssc

17 2567 23 2586 .
39 2519 154 2586 Adhuc
168 2531 201 2586 et
215 2521 256 2587 de
267 2521 462 2588 Hier-nentem
471 2533 506 2588 et
524 2521 563 2587 de
574 2519 713 2588 Domino
724 2519 843 2587 nudent
860 2508 981 2592 dicere,

17 2630 105 2696 uiam
119 2630 145 2696 ei
159 2643 242 2697 esset
256 2633 376 2723 magni
386 2631 481 2724 Regin
495 2631 648 2709 ciuitec⁸,
667 2655 731 2698 nun
747 2629 985 2717 derelinquere-

35 2736 143 2804 simite
157 2751 264 2806 eutem
276 2751 338 2817 eet,
355 2739 380 2807 si
396 2739 466 2829 quie
482 2739 615 2816 diceret,
632 2740 782 2827 quoniam
798 2738 822 2804 si
838 2749 921 2802 esset
932 2737 985 2802 sti-

17 2869 29 2913 n
45 2847 183 2915 conditio
197 2848 268 2924 Dei,
285 2869 484 2938 nunqunme
504 2848 664 2914 frumento
679 2844 955 2934 derelinqueretur
972 2867 980 2908 ε

17 2969 157 3022 ermentu
171 2955 283 3032 vinee,
297 2957 351 3022 eie
367 2956 436 3023 Deo
450 2953 532 3020 fecte
548 2966 665 3032 essent,
678 2973 842 3042 nunquam
854 2974 872 3017 n
884 2951 984 3018 botris

17 3065 103 3130 tituta
123 3062 393 3132 abscinderentur.
413 3063 695 3143 Quemadmodum
710 3073 816 3130 eutem
834 3063 904 3130 hec
918 3081 984 3130 uon

18 3185 86 3262 pter
99 3195 132 3240 te
145 3171 361 3263 principaliter
375 3171 458 3240 tuctu
472 3187 558 3252 eunt,
575 3175 631 3243 sed
641 3187 771 3266 prepter
785 3186 984 3242 crescentem

17 3281 52 3348 eis
68 3281 214 3359 fructum,
231 3303 297 3372 quc
307 3294 435 3350 metune
448 3283 533 3352 inctc
543 3283 693 3352 etebiutc
705 3283 982 3374 derelinquuntur,

17 3391 138 3459 emedio
151 3391 350 3467 ecferuntur,
365 3412 436 3482 qum
450 3393 596 3482 jamnon
616 3406 691 3463 eunt
710 3393 798 3461 utilin
813 3393 855 3459 nd
870 3393 984 3460 fructi-

17 3505 136 3570 ttionem
149 3525 157 3568 ε
170 3501 217 3570 eic
226 3514 260 3568 ct
270 3503 503 3594 Hierosolyma,
516 3527 585 3593 que
599 3506 714 3596 jugum
727 3505 761 3571 in
777 3525 811 3570 ee
825 3503 985 3572 servitutis

17 3623 132 3680 tereret
151 3609 203 3698 (in
223 3634 288 3700 quo
303 3613 442 3681 domitus
456 3627 505 3682 eet
527 3615 637 3694 home,
654 3616 708 3705 qui
723 3627 815 3682 antee
831 3635 895 3681 non
911 3614 985 3681 suh·

18 3725 121 3789 ebatur
137 3721 217 3798 lico,
234 3743 310 3789 cum
328 3743 415 3790 mers
426 3723 592 3814 regnabat,
605 3735 638 3789 et
650 3722 789 3790 domitur
799 3721 913 3790 hubilie
923 3721 988 3790 snc-

23 3827 639 3923 eetndiibertntcm),udvenienteiructu
649 3831 817 3910 libertatis,
829 3845 861 3899 et
873 3846 984 3908 aucte,

19 3961 76 4010 Puni.
85 3977 115 4021 cr,
127 3959 186 4013 adet
196 3979 268 4028 neqq.
283 3989 314 4002 ··
323 3961 336 3998 ¹
345 3963 410 4016 usu.
425 3979 459 4024 ιι,
468 3965 492 4014 6.
501 3961 546 4004 -⁸
557 3964 648 4015 March.
661 3981 687 4024 v,
698 3965 779 4025 idm
789 3963 855 4014 urat.
869 3979 947 4021 xcvii,
959 3961 983 4010 5.
