<?xml version="1.0" encoding="UTF-8"?>
<!DOCTYPE html PUBLIC "-//W3C//DTD XHTML 1.0 Transitional//EN"
    "http://www.w3.org/TR/xhtml1/DTD/xhtml1-transitional.dtd">
<html xmlns="http://www.w3.org/1999/xhtml" xml:lang="en" lang="en">
 <head>
  <title>
</title>
<meta http-equiv="Content-Type" content="text/html;charset=utf-8" />
  <meta name='ocr-system' content='tesseract 3.04.00' />
  <meta name='ocr-capabilities' content='ocr_page ocr_carea ocr_par ocr_line ocrx_word'/>
</head>
<body>
  <div class='ocr_page' id='page_1' title='image "./collectioselect02guilgoog_0600.png"; bbox 0 0 2648 4598; ppageno 0'>
   <div class='ocr_carea' id='block_1_1' title="bbox 229 235 1000 320">
    <p class='ocr_par' dir='ltr' id='par_1_1' title="bbox 229 235 1000 320">
     <span class='ocr_line' id='line_1_1' title="bbox 229 235 1000 320; baseline 0.003 -24"><span class='ocrx_word' id='word_1_1' title='bbox 229 254 268 298; x_wconf 88' lang='lat' dir='ltr'>na</span> <span class='ocrx_word' id='word_1_2' title='bbox 291 249 542 297; x_wconf 83' lang='lat' dir='ltr'>ansuasacrrona</span> <span class='ocrx_word' id='word_1_3' title='bbox 564 250 759 295; x_wconf 86' lang='lat' dir='ltr'>uearuonun.</span> <span class='ocrx_word' id='word_1_4' title='bbox 959 235 1000 320; x_wconf 83' lang='lat'>95</span> 
     </span>
    </p>
   </div>
   <div class='ocr_carea' id='block_1_2' title="bbox 3 353 1008 1210">
    <p class='ocr_par' dir='ltr' id='par_1_2' title="bbox 3 353 1008 1210">
     <span class='ocr_line' id='line_1_2' title="bbox 7 353 1003 445; baseline -0.001 -18.967"><span class='ocrx_word' id='word_1_5' title='bbox 7 361 75 430; x_wconf 90' lang='lat' dir='ltr'>V</span> <span class='ocrx_word' id='word_1_6' title='bbox 91 359 149 426; x_wconf 87' lang='lat' dir='ltr'>Sed</span> <span class='ocrx_word' id='word_1_7' title='bbox 158 356 236 424; x_wconf 86' lang='lat' dir='ltr'>mrln</span> <span class='ocrx_word' id='word_1_8' title='bbox 247 355 392 422; x_wconf 82' lang='lat' dir='ltr'>radantur</span> <span class='ocrx_word' id='word_1_9' title='bbox 402 355 557 443; x_wconf 74' lang='lat' dir='ltr'>ejusmodt</span> <span class='ocrx_word' id='word_1_10' title='bbox 568 353 711 420; x_wconf 75' lang='lat' dir='ltr'>homines</span> <span class='ocrx_word' id='word_1_11' title='bbox 721 377 861 443; x_wconf 75' lang='lat' dir='ltr'>primum</span> <span class='ocrx_word' id='word_1_12' title='bbox 876 357 1003 445; x_wconf 88' lang='lat' dir='ltr'>quidem</span> 
     </span>
     <span class='ocr_line' id='line_1_3' title="bbox 4 462 1004 552; baseline -0.005 -17"><span class='ocrx_word' id='word_1_13' title='bbox 4 475 19 534; x_wconf 77' lang='lat' dir='ltr'>t</span> <span class='ocrx_word' id='word_1_14' title='bbox 30 467 167 534; x_wconf 71' lang='lat' dir='ltr'>auditoris</span> <span class='ocrx_word' id='word_1_15' title='bbox 185 476 219 530; x_wconf 90' lang='lat' dir='ltr'>et</span> <span class='ocrx_word' id='word_1_16' title='bbox 232 463 450 552; x_wconf 74' lang='lat' dir='ltr'><strong>gubernatoris</strong></span> <span class='ocrx_word' id='word_1_17' title='bbox 467 462 681 528; x_wconf 86' lang='lat' dir='ltr'>universorum</span> <span class='ocrx_word' id='word_1_18' title='bbox 697 473 883 548; x_wconf 88' lang='lat' dir='ltr'>potestatem</span> <span class='ocrx_word' id='word_1_19' title='bbox 904 476 937 529; x_wconf 92' lang='lat' dir='ltr'>et</span> <span class='ocrx_word' id='word_1_20' title='bbox 953 487 1004 530; x_wconf 88' lang='lat' dir='ltr'>sa-</span> 
     </span>
     <span class='ocr_line' id='line_1_4' title="bbox 4 568 1006 662; baseline -0.004 -20"><span class='ocrx_word' id='word_1_21' title='bbox 4 577 140 644; x_wconf 74' lang='lat' dir='ltr'>eentiam</span> <span class='ocrx_word' id='word_1_22' title='bbox 156 574 313 662; x_wconf 79' lang='lat' dir='ltr'>ignorare,</span> <span class='ocrx_word' id='word_1_23' title='bbox 329 570 383 657; x_wconf 90' lang='lat' dir='ltr'>qui</span> <span class='ocrx_word' id='word_1_24' title='bbox 403 569 648 656; x_wconf 86' lang='lat' dir='ltr'>uniuscujusque</span> <span class='ocrx_word' id='word_1_25' title='bbox 670 568 811 636; x_wconf 86' lang='lat' dir='ltr'>animalis</span> <span class='ocrx_word' id='word_1_26' title='bbox 833 582 950 638; x_wconf 76' lang='lat' dir='ltr'>naturae</span> <span class='ocrx_word' id='word_1_27' title='bbox 972 585 1006 637; x_wconf 89' lang='lat' dir='ltr'>et</span> 
     </span>
     <span class='ocr_line' id='line_1_5' title="bbox 3 673 1004 771; baseline -0.001 -21"><span class='ocrx_word' id='word_1_28' title='bbox 3 685 100 762; x_wconf 51' lang='lat' dir='ltr'>,pueri</span> <span class='ocrx_word' id='word_1_29' title='bbox 113 694 219 771; x_wconf 89' lang='lat' dir='ltr'>aptum</span> <span class='ocrx_word' id='word_1_30' title='bbox 229 691 261 746; x_wconf 88' lang='lat' dir='ltr'>et</span> <span class='ocrx_word' id='word_1_31' title='bbox 271 677 754 768; x_wconf 82' lang='lat' dir='ltr'>congruentemaccommodarit</span> <span class='ocrx_word' id='word_1_32' title='bbox 766 673 885 756; x_wconf 80' lang='lat' dir='ltr'>cibum,</span> <span class='ocrx_word' id='word_1_33' title='bbox 903 703 941 748; x_wconf 90' lang='lat' dir='ltr'>ac</span> <span class='ocrx_word' id='word_1_34' title='bbox 952 705 1004 748; x_wconf 92' lang='lat' dir='ltr'>ne·</span> 
     </span>
     <span class='ocr_line' id='line_1_6' title="bbox 5 779 1006 876; baseline 0 -20"><span class='ocrx_word' id='word_1_35' title='bbox 5 779 56 870; x_wconf 46' lang='lat'>:2¹0</span> <span class='ocrx_word' id='word_1_36' title='bbox 72 813 195 858; x_wconf 87' lang='lat' dir='ltr'>omnem</span> <span class='ocrx_word' id='word_1_37' title='bbox 217 800 360 855; x_wconf 90' lang='lat' dir='ltr'>naturam</span> <span class='ocrx_word' id='word_1_38' title='bbox 380 810 453 854; x_wconf 91' lang='lat' dir='ltr'>cum</span> <span class='ocrx_word' id='word_1_39' title='bbox 471 784 612 876; x_wconf 87' lang='lat' dir='ltr'>quolibet</span> <span class='ocrx_word' id='word_1_40' title='bbox 633 809 764 875; x_wconf 90' lang='lat' dir='ltr'>corpore</span> <span class='ocrx_word' id='word_1_41' title='bbox 784 787 958 856; x_wconf 87' lang='lat' dir='ltr'>coalescere</span> <span class='ocrx_word' id='word_1_42' title='bbox 973 804 1006 857; x_wconf 91' lang='lat' dir='ltr'>et</span> 
     </span>
     <span class='ocr_line' id='line_1_7' title="bbox 3 895 1006 984; baseline -0.002 -16"><span class='ocrx_word' id='word_1_43' title='bbox 3 899 190 984; x_wconf 47' lang='lat' dir='ltr'>,permisceri</span> <span class='ocrx_word' id='word_1_44' title='bbox 206 895 316 974; x_wconf 80' lang='lat' dir='ltr'>voluit,</span> <span class='ocrx_word' id='word_1_45' title='bbox 338 919 398 965; x_wconf 86' lang='lat' dir='ltr'>nec</span> <span class='ocrx_word' id='word_1_46' title='bbox 419 919 530 962; x_wconf 88' lang='lat' dir='ltr'>eorum</span> <span class='ocrx_word' id='word_1_47' title='bbox 550 917 619 983; x_wconf 81' lang='lat' dir='ltr'>qnae</span> <span class='ocrx_word' id='word_1_48' title='bbox 640 895 826 962; x_wconf 88' lang='lat' dir='ltr'>coaluerunt</span> <span class='ocrx_word' id='word_1_49' title='bbox 845 919 1006 966; x_wconf 86' lang='lat' dir='ltr'>secernen-</span> 
     </span>
     <span class='ocr_line' id='line_1_8' title="bbox 3 1003 1008 1098; baseline 0.004 -28"><span class='ocrx_word' id='word_1_50' title='bbox 3 1033 109 1098; x_wconf 66' lang='lat' dir='ltr'>„trum</span> <span class='ocrx_word' id='word_1_51' title='bbox 128 1005 340 1074; x_wconf 83' lang='lat' dir='ltr'>difficultatem</span> <span class='ocrx_word' id='word_1_52' title='bbox 356 1005 529 1094; x_wconf 88' lang='lat' dir='ltr'>experitur;</span> <span class='ocrx_word' id='word_1_53' title='bbox 551 1003 606 1070; x_wconf 93' lang='lat' dir='ltr'>sed</span> <span class='ocrx_word' id='word_1_54' title='bbox 621 1003 812 1094; x_wconf 79' lang='lat' dir='ltr'>singularum</span> <span class='ocrx_word' id='word_1_55' title='bbox 827 1029 932 1074; x_wconf 87' lang='lat' dir='ltr'>rerum</span> <span class='ocrx_word' id='word_1_56' title='bbox 949 1031 1008 1074; x_wconf 89' lang='lat' dir='ltr'>na-</span> 
     </span>
     <span class='ocr_line' id='line_1_9' title="bbox 3 1111 1005 1210; baseline -0.002 -28"><span class='ocrx_word' id='word_1_57' title='bbox 3 1141 72 1210; x_wconf 40' lang='lat' dir='ltr'>pras</span> <span class='ocrx_word' id='word_1_58' title='bbox 88 1115 244 1190; x_wconf 90' lang='lat' dir='ltr'>concedit,</span> <span class='ocrx_word' id='word_1_59' title='bbox 263 1124 298 1179; x_wconf 94' lang='lat' dir='ltr'>ut</span> <span class='ocrx_word' id='word_1_60' title='bbox 315 1133 384 1200; x_wconf 80' lang='lat' dir='ltr'>quae</span> <span class='ocrx_word' id='word_1_61' title='bbox 402 1112 463 1179; x_wconf 84' lang='lat' dir='ltr'>sibi</span> <span class='ocrx_word' id='word_1_62' title='bbox 486 1124 664 1199; x_wconf 78' lang='lat' dir='ltr'>congruunt</span> <span class='ocrx_word' id='word_1_63' title='bbox 677 1111 771 1178; x_wconf 87' lang='lat' dir='ltr'>saciat</span> <span class='ocrx_word' id='word_1_64' title='bbox 788 1123 843 1178; x_wconf 90' lang='lat' dir='ltr'>aut</span> <span class='ocrx_word' id='word_1_65' title='bbox 859 1114 1005 1202; x_wconf 86' lang='lat' dir='ltr'>patiatur,</span> 
     </span>
    </p>
   </div>
   <div class='ocr_carea' id='block_1_3' title="bbox 3 1217 1126 1322">
    <p class='ocr_par' dir='ltr' id='par_1_3' title="bbox 3 1217 1126 1322">
     <span class='ocr_line' id='line_1_10' title="bbox 3 1217 1126 1322; baseline -0.006 -30"><span class='ocrx_word' id='word_1_66' title='bbox 3 1226 152 1322; x_wconf 38' lang='lat' dir='ltr'>mterdum</span> <span class='ocrx_word' id='word_1_67' title='bbox 168 1222 264 1288; x_wconf 83' lang='lat' dir='ltr'>etiam</span> <span class='ocrx_word' id='word_1_68' title='bbox 280 1219 429 1310; x_wconf 66' lang='lat' dir='ltr'>impedite</span> <span class='ocrx_word' id='word_1_69' title='bbox 444 1230 477 1284; x_wconf 91' lang='lat' dir='ltr'>et</span> <span class='ocrx_word' id='word_1_70' title='bbox 494 1217 647 1307; x_wconf 82' lang='lat' dir='ltr'>quidquid</span> <span class='ocrx_word' id='word_1_71' title='bbox 662 1217 728 1284; x_wconf 88' lang='lat' dir='ltr'>vult</span> <span class='ocrx_word' id='word_1_72' title='bbox 744 1219 902 1296; x_wconf 87' lang='lat' dir='ltr'>concedit,</span> <span class='ocrx_word' id='word_1_73' title='bbox 918 1233 950 1286; x_wconf 88' lang='lat' dir='ltr'>et</span> <span class='ocrx_word' id='word_1_74' title='bbox 967 1221 1008 1288; x_wconf 89' lang='lat' dir='ltr'>ad</span> <span class='ocrx_word' id='word_1_75' title='bbox 1122 1277 1126 1294; x_wconf 83' lang='grc'>,</span> 
     </span>
    </p>
   </div>
   <div class='ocr_carea' id='block_1_4' title="bbox 0 1325 1021 3913">
    <p class='ocr_par' dir='ltr' id='par_1_4' title="bbox 0 1317 1021 3688">
     <span class='ocr_line' id='line_1_11' title="bbox 28 1325 1009 1422; baseline -0.002 -24.05"><span class='ocrx_word' id='word_1_76' title='bbox 28 1359 69 1400; x_wconf 86' lang='lat' dir='ltr'>an</span> <span class='ocrx_word' id='word_1_77' title='bbox 85 1355 180 1422; x_wconf 86' lang='lat' dir='ltr'>quem</span> <span class='ocrx_word' id='word_1_78' title='bbox 198 1329 264 1394; x_wconf 80' lang='lat' dir='ltr'>vult</span> <span class='ocrx_word' id='word_1_79' title='bbox 288 1328 384 1394; x_wconf 85' lang='lat' dir='ltr'>linem</span> <span class='ocrx_word' id='word_1_80' title='bbox 400 1325 558 1402; x_wconf 87' lang='lat' dir='ltr'>concedit,</span> <span class='ocrx_word' id='word_1_81' title='bbox 578 1336 632 1389; x_wconf 88' lang='lat' dir='ltr'>aut</span> <span class='ocrx_word' id='word_1_82' title='bbox 647 1325 832 1415; x_wconf 76' lang='lat' dir='ltr'><strong>interpellat.</strong></span> <span class='ocrx_word' id='word_1_83' title='bbox 858 1327 1009 1396; x_wconf 80' lang='lat' dir='ltr'>Praeterea</span> 
     </span>
     <span class='ocr_line' id='line_1_12' title="bbox 2 1422 1009 1531; baseline -0.001 -28"><span class='ocrx_word' id='word_1_84' title='bbox 2 1422 55 1531; x_wconf 43' lang='lat' dir='ltr'>‚pc</span> <span class='ocrx_word' id='word_1_85' title='bbox 73 1463 184 1506; x_wconf 90' lang='lat' dir='ltr'>eorum</span> <span class='ocrx_word' id='word_1_86' title='bbox 198 1436 365 1527; x_wconf 81' lang='lat' dir='ltr'>quaealuut</span> <span class='ocrx_word' id='word_1_87' title='bbox 382 1447 437 1500; x_wconf 90' lang='lat' dir='ltr'>aut</span> <span class='ocrx_word' id='word_1_88' title='bbox 456 1432 595 1510; x_wconf 89' lang='lat' dir='ltr'>aluntur,</span> <span class='ocrx_word' id='word_1_89' title='bbox 611 1433 674 1512; x_wconf 81' lang='lat' dir='ltr'>vim</span> <span class='ocrx_word' id='word_1_90' title='bbox 692 1446 724 1498; x_wconf 91' lang='lat' dir='ltr'>et</span> <span class='ocrx_word' id='word_1_91' title='bbox 745 1447 890 1502; x_wconf 90' lang='lat' dir='ltr'>naturam</span> <span class='ocrx_word' id='word_1_92' title='bbox 908 1439 1009 1526; x_wconf 87' lang='lat' dir='ltr'>cujus·</span> 
     </span>
     <span class='ocr_line' id='line_1_13' title="bbox 8 1537 1009 1635; baseline -0.005 -20.03"><span class='ocrx_word' id='word_1_93' title='bbox 8 1537 55 1635; x_wconf 60' lang='lat' dir='ltr'>spe</span> <span class='ocrx_word' id='word_1_94' title='bbox 80 1549 226 1617; x_wconf 81' lang='lat' dir='ltr'>videntur</span> <span class='ocrx_word' id='word_1_95' title='bbox 251 1546 484 1617; x_wconf 70' lang='lat' dir='ltr'>considerasset</span> <span class='ocrx_word' id='word_1_96' title='bbox 507 1543 735 1631; x_wconf 77' lang='lat' dir='ltr'>perspexissent</span> <span class='ocrx_word' id='word_1_97' title='bbox 760 1545 844 1611; x_wconf 85' lang='lat' dir='ltr'>enim</span> <span class='ocrx_word' id='word_1_98' title='bbox 869 1546 1009 1634; x_wconf 84' lang='lat' dir='ltr'>prolecto</span> 
     </span>
     <span class='ocr_line' id='line_1_14' title="bbox 2 1642 1009 1752; baseline -0.001 -30"><span class='ocrx_word' id='word_1_99' title='bbox 2 1642 57 1752; x_wconf 45' lang='lat' dir='ltr'>Jrn</span> <span class='ocrx_word' id='word_1_100' title='bbox 69 1655 223 1745; x_wconf 87' lang='lat' dir='ltr'>quidquid</span> <span class='ocrx_word' id='word_1_101' title='bbox 234 1653 372 1721; x_wconf 87' lang='lat' dir='ltr'>comedit</span> <span class='ocrx_word' id='word_1_102' title='bbox 385 1651 508 1740; x_wconf 84' lang='lat' dir='ltr'>aliquis,</span> <span class='ocrx_word' id='word_1_103' title='bbox 518 1663 553 1715; x_wconf 91' lang='lat' dir='ltr'>ut</span> <span class='ocrx_word' id='word_1_104' title='bbox 563 1650 739 1719; x_wconf 76' lang='lat' dir='ltr'>necessitati</span> <span class='ocrx_word' id='word_1_105' title='bbox 750 1654 893 1719; x_wconf 76' lang='lat' dir='ltr'>exteriori</span> <span class='ocrx_word' id='word_1_106' title='bbox 905 1656 1009 1731; x_wconf 90' lang='lat' dir='ltr'>cedat,</span> 
     </span>
     <span class='ocr_line' id='line_1_15' title="bbox 2 1758 1010 1854; baseline -0.001 -23"><span class='ocrx_word' id='word_1_107' title='bbox 2 1841 15 1848; x_wconf 62' lang='lat'>,.</span> <span class='ocrx_word' id='word_1_108' title='bbox 41 1786 220 1854; x_wconf 71' lang='lat' dir='ltr'>congruens</span> <span class='ocrx_word' id='word_1_109' title='bbox 230 1786 298 1828; x_wconf 86' lang='lat' dir='ltr'>essa</span> <span class='ocrx_word' id='word_1_110' title='bbox 313 1760 439 1828; x_wconf 89' lang='lat' dir='ltr'>animali</span> <span class='ocrx_word' id='word_1_111' title='bbox 450 1759 648 1836; x_wconf 89' lang='lat' dir='ltr'>alimentum,</span> <span class='ocrx_word' id='word_1_112' title='bbox 660 1758 717 1826; x_wconf 88' lang='lat' dir='ltr'>sed</span> <span class='ocrx_word' id='word_1_113' title='bbox 726 1761 890 1838; x_wconf 90' lang='lat' dir='ltr'>nonnulla,</span> <span class='ocrx_word' id='word_1_114' title='bbox 905 1766 1010 1830; x_wconf 87' lang='lat' dir='ltr'>statim</span> 
     </span>
     <span class='ocr_line' id='line_1_16' title="bbox 2 1868 1012 1961; baseline 0.003 -24"><span class='ocrx_word' id='word_1_115' title='bbox 2 1873 90 1961; x_wconf 62' lang='lat' dir='ltr'>fqne</span> <span class='ocrx_word' id='word_1_116' title='bbox 113 1869 355 1960; x_wconf 83' lang='lat' dir='ltr'>circumplicatis</span> <span class='ocrx_word' id='word_1_117' title='bbox 379 1869 494 1935; x_wconf 80' lang='lat' dir='ltr'>ventris</span> <span class='ocrx_word' id='word_1_118' title='bbox 515 1868 656 1956; x_wconf 88' lang='lat' dir='ltr'>partibus</span> <span class='ocrx_word' id='word_1_119' title='bbox 677 1881 806 1959; x_wconf 86' lang='lat' dir='ltr'>excepta</span> <span class='ocrx_word' id='word_1_120' title='bbox 832 1885 916 1949; x_wconf 90' lang='lat' dir='ltr'>sunt,</span> <span class='ocrx_word' id='word_1_121' title='bbox 939 1897 1012 1940; x_wconf 91' lang='lat' dir='ltr'>cor-</span> 
     </span>
     <span class='ocr_line' id='line_1_17' title="bbox 2 1962 1012 2077; baseline 0.003 -31"><span class='ocrx_word' id='word_1_122' title='bbox 2 1962 104 2077; x_wconf 38' lang='lat' dir='ltr'>simpl</span> <span class='ocrx_word' id='word_1_123' title='bbox 124 1979 236 2055; x_wconf 91' lang='lat' dir='ltr'>solere,</span> <span class='ocrx_word' id='word_1_124' title='bbox 253 1981 328 2046; x_wconf 92' lang='lat' dir='ltr'>dum</span> <span class='ocrx_word' id='word_1_125' title='bbox 342 1978 461 2046; x_wconf 85' lang='lat' dir='ltr'>scilicet</span> <span class='ocrx_word' id='word_1_126' title='bbox 474 1988 654 2053; x_wconf 83' lang='lat' dir='ltr'>vomuntur,</span> <span class='ocrx_word' id='word_1_127' title='bbox 669 1988 702 2043; x_wconf 89' lang='lat' dir='ltr'>et</span> <span class='ocrx_word' id='word_1_128' title='bbox 721 1993 941 2059; x_wconf 87' lang='lat' dir='ltr'>secernuntur,</span> <span class='ocrx_word' id='word_1_129' title='bbox 956 1996 1012 2050; x_wconf 90' lang='lat' dir='ltr'>aut</span> 
     </span>
     <span class='ocr_line' id='line_1_18' title="bbox 2 2077 1012 2187; baseline 0.002 -31"><span class='ocrx_word' id='word_1_130' title='bbox 2 2077 56 2187; x_wconf 35' lang='lat' dir='ltr'>‘sio</span> <span class='ocrx_word' id='word_1_131' title='bbox 72 2087 170 2155; x_wconf 90' lang='lat' dir='ltr'>modo</span> <span class='ocrx_word' id='word_1_132' title='bbox 184 2088 367 2177; x_wconf 82' lang='lat' dir='ltr'>ejiciuntur3</span> <span class='ocrx_word' id='word_1_133' title='bbox 386 2088 427 2152; x_wconf 91' lang='lat' dir='ltr'>ita</span> <span class='ocrx_word' id='word_1_134' title='bbox 449 2096 485 2152; x_wconf 91' lang='lat' dir='ltr'>ut</span> <span class='ocrx_word' id='word_1_135' title='bbox 504 2109 543 2152; x_wconf 91' lang='lat' dir='ltr'>ne</span> <span class='ocrx_word' id='word_1_136' title='bbox 562 2086 718 2176; x_wconf 72' lang='lat' dir='ltr'>paulisper</span> <span class='ocrx_word' id='word_1_137' title='bbox 739 2088 865 2176; x_wconf 88' lang='lat' dir='ltr'>quidem</span> <span class='ocrx_word' id='word_1_138' title='bbox 878 2092 1012 2180; x_wconf 92' lang='lat' dir='ltr'>primam</span> 
     </span>
     <span class='ocr_line' id='line_1_19' title="bbox 1 2178 1011 2296; baseline 0.002 -32"><span class='ocrx_word' id='word_1_139' title='bbox 1 2178 20 2296; x_wconf 33' lang='grc' dir='ltr'><em>ξ</em></span> <span class='ocrx_word' id='word_1_140' title='bbox 45 2195 226 2264; x_wconf 79' lang='lat' dir='ltr'>naturalem</span> <span class='ocrx_word' id='word_1_141' title='bbox 246 2197 421 2263; x_wconf 87' lang='lat' dir='ltr'>coctionem</span> <span class='ocrx_word' id='word_1_142' title='bbox 436 2195 619 2271; x_wconf 75' lang='lat' dir='ltr'>sustineant,</span> <span class='ocrx_word' id='word_1_143' title='bbox 642 2196 758 2261; x_wconf 90' lang='lat' dir='ltr'>nedum</span> <span class='ocrx_word' id='word_1_144' title='bbox 779 2218 851 2263; x_wconf 90' lang='lat' dir='ltr'>cum</span> <span class='ocrx_word' id='word_1_145' title='bbox 870 2201 1011 2288; x_wconf 86' lang='lat' dir='ltr'>partibus</span> 
     </span>
     <span class='ocr_line' id='line_1_20' title="bbox 1 2297 1013 2392; baseline 0.003 -18"><span class='ocrx_word' id='word_1_146' title='bbox 1 2297 66 2374; x_wconf 47' lang='lat' dir='ltr'>*rae</span> <span class='ocrx_word' id='word_1_147' title='bbox 79 2306 265 2372; x_wconf 87' lang='lat' dir='ltr'>nutriuntur</span> <span class='ocrx_word' id='word_1_148' title='bbox 275 2304 537 2371; x_wconf 87' lang='lat' dir='ltr'>commisceantur</span> <span class='ocrx_word' id='word_1_149' title='bbox 549 2327 558 2368; x_wconf 76' lang='lat' dir='ltr'>a</span> <span class='ocrx_word' id='word_1_150' title='bbox 573 2305 838 2392; x_wconf 89' lang='lat' dir='ltr'>quemadmodum</span> <span class='ocrx_word' id='word_1_151' title='bbox 849 2309 943 2374; x_wconf 88' lang='lat' dir='ltr'>etiam</span> <span class='ocrx_word' id='word_1_152' title='bbox 953 2331 1013 2378; x_wconf 85' lang='lat' dir='ltr'>nec</span> 
     </span>
     <span class='ocr_line' id='line_1_21' title="bbox 1 2393 1014 2506; baseline 0.003 -24"><span class='ocrx_word' id='word_1_153' title='bbox 1 2393 152 2503; x_wconf 41' lang='lat' dir='ltr'>³&#39;ridquid</span> <span class='ocrx_word' id='word_1_154' title='bbox 168 2425 294 2480; x_wconf 89' lang='lat' dir='ltr'>coctum</span> <span class='ocrx_word' id='word_1_155' title='bbox 311 2423 359 2478; x_wconf 87' lang='lat' dir='ltr'>est</span> <span class='ocrx_word' id='word_1_156' title='bbox 374 2422 407 2477; x_wconf 87' lang='lat' dir='ltr'>et</span> <span class='ocrx_word' id='word_1_157' title='bbox 421 2413 555 2500; x_wconf 90' lang='lat' dir='ltr'>primum</span> <span class='ocrx_word' id='word_1_158' title='bbox 569 2413 819 2480; x_wconf 87' lang='lat' dir='ltr'>immutationem</span> <span class='ocrx_word' id='word_1_159' title='bbox 832 2419 965 2506; x_wconf 88' lang='lat' dir='ltr'>accepit,</span> <span class='ocrx_word' id='word_1_160' title='bbox 980 2420 1014 2486; x_wconf 91' lang='lat' dir='ltr'>id</span> 
     </span>
     <span class='ocr_line' id='line_1_22' title="bbox 1 2509 1013 2610; baseline 0.004 -24"><span class='ocrx_word' id='word_1_161' title='bbox 1 2509 125 2608; x_wconf 37' lang='lat' dir='ltr'>‘&#39;&#39;aemper</span> <span class='ocrx_word' id='word_1_162' title='bbox 147 2519 186 2584; x_wconf 91' lang='lat' dir='ltr'>ad</span> <span class='ocrx_word' id='word_1_163' title='bbox 208 2529 311 2607; x_wconf 88' lang='lat' dir='ltr'>partes</span> <span class='ocrx_word' id='word_1_164' title='bbox 332 2540 402 2604; x_wconf 79' lang='lat' dir='ltr'>quae</span> <span class='ocrx_word' id='word_1_165' title='bbox 423 2518 606 2584; x_wconf 89' lang='lat' dir='ltr'>nutriuntur</span> <span class='ocrx_word' id='word_1_166' title='bbox 623 2519 778 2604; x_wconf 85' lang='lat' dir='ltr'>perrenit;</span> <span class='ocrx_word' id='word_1_167' title='bbox 804 2521 919 2610; x_wconf 90' lang='lat' dir='ltr'>quippe</span> <span class='ocrx_word' id='word_1_168' title='bbox 940 2545 1013 2589; x_wconf 93' lang='lat' dir='ltr'>cum</span> 
     </span>
     <span class='ocr_line' id='line_1_23' title="bbox 1 2621 1014 2716; baseline 0.001 -19"><span class='ocrx_word' id='word_1_169' title='bbox 1 2621 2 2656; x_wconf 71' lang='lat'>³</span> <span class='ocrx_word' id='word_1_170' title='bbox 17 2626 150 2698; x_wconf 80' lang='lat' dir='ltr'>›nnulla</span> <span class='ocrx_word' id='word_1_171' title='bbox 165 2627 199 2693; x_wconf 94' lang='lat' dir='ltr'>in</span> <span class='ocrx_word' id='word_1_172' title='bbox 213 2627 281 2716; x_wconf 85' lang='lat' dir='ltr'>ipso</span> <span class='ocrx_word' id='word_1_173' title='bbox 295 2638 403 2692; x_wconf 85' lang='lat' dir='ltr'>ventre</span> <span class='ocrx_word' id='word_1_174' title='bbox 417 2625 598 2694; x_wconf 81' lang='lat' dir='ltr'>facultatem</span> <span class='ocrx_word' id='word_1_175' title='bbox 612 2627 770 2692; x_wconf 91' lang='lat' dir='ltr'>nutriendi</span> <span class='ocrx_word' id='word_1_176' title='bbox 784 2629 940 2704; x_wconf 85' lang='lat' dir='ltr'>amittant;</span> <span class='ocrx_word' id='word_1_177' title='bbox 955 2631 1014 2699; x_wconf 92' lang='lat' dir='ltr'>alia</span> 
     </span>
     <span class='ocr_line' id='line_1_24' title="bbox 1 2725 1016 2823; baseline 0.001 -19"><span class='ocrx_word' id='word_1_178' title='bbox 1 2729 19 2806; x_wconf 65' lang='lat'>³.</span> <span class='ocrx_word' id='word_1_179' title='bbox 47 2735 192 2805; x_wconf 88' lang='lat' dir='ltr'>secunda</span> <span class='ocrx_word' id='word_1_180' title='bbox 215 2735 431 2801; x_wconf 85' lang='lat' dir='ltr'>immutatione</span> <span class='ocrx_word' id='word_1_181' title='bbox 446 2745 479 2800; x_wconf 89' lang='lat' dir='ltr'>et</span> <span class='ocrx_word' id='word_1_182' title='bbox 498 2757 535 2800; x_wconf 90' lang='lat' dir='ltr'>ea</span> <span class='ocrx_word' id='word_1_183' title='bbox 555 2757 625 2822; x_wconf 81' lang='lat' dir='ltr'>quae</span> <span class='ocrx_word' id='word_1_184' title='bbox 645 2735 677 2800; x_wconf 92' lang='lat' dir='ltr'>in</span> <span class='ocrx_word' id='word_1_185' title='bbox 696 2725 859 2823; x_wconf 61' lang='lat' dir='ltr'>hepate&#39;lit</span> <span class='ocrx_word' id='word_1_186' title='bbox 874 2740 1016 2805; x_wconf 83' lang='lat' dir='ltr'>coctione</span> 
     </span>
     <span class='ocr_line' id='line_1_25' title="bbox 15 2841 1017 2932; baseline 0.006 -25"><span class='ocrx_word' id='word_1_187' title='bbox 15 2855 216 2920; x_wconf 72' lang='lat' dir='ltr'>cernantur,</span> <span class='ocrx_word' id='word_1_188' title='bbox 230 2854 262 2908; x_wconf 92' lang='lat' dir='ltr'>et</span> <span class='ocrx_word' id='word_1_189' title='bbox 277 2841 415 2908; x_wconf 90' lang='lat' dir='ltr'>adalind</span> <span class='ocrx_word' id='word_1_190' title='bbox 429 2841 589 2930; x_wconf 88' lang='lat' dir='ltr'>quidpiam</span> <span class='ocrx_word' id='word_1_191' title='bbox 604 2843 811 2931; x_wconf 82' lang='lat' dir='ltr'>commigrant</span> <span class='ocrx_word' id='word_1_192' title='bbox 826 2844 941 2932; x_wconf 87' lang='lat' dir='ltr'>quoda</span> <span class='ocrx_word' id='word_1_193' title='bbox 954 2871 1017 2912; x_wconf 84' lang='lat' dir='ltr'>nu-</span> 
     </span>
     <span class='ocr_line' id='line_1_26' title="bbox 2 2948 1018 3042; baseline 0.001 -20"><span class='ocrx_word' id='word_1_194' title='bbox 2 2951 114 3022; x_wconf 70' lang='lat' dir='ltr'>‘iendi</span> <span class='ocrx_word' id='word_1_195' title='bbox 128 2949 278 3017; x_wconf 85' lang='lat' dir='ltr'>facultate</span> <span class='ocrx_word' id='word_1_196' title='bbox 292 2948 430 3014; x_wconf 88' lang='lat' dir='ltr'>alienum</span> <span class='ocrx_word' id='word_1_197' title='bbox 447 2949 496 3014; x_wconf 76' lang='lat' dir='ltr'>sit.</span> <span class='ocrx_word' id='word_1_198' title='bbox 517 2949 587 3038; x_wconf 88' lang='lat' dir='ltr'>lpsa</span> <span class='ocrx_word' id='word_1_199' title='bbox 601 2950 696 3014; x_wconf 87' lang='lat' dir='ltr'>etiam</span> <span class='ocrx_word' id='word_1_200' title='bbox 710 2951 885 3018; x_wconf 90' lang='lat' dir='ltr'>immutatio</span> <span class='ocrx_word' id='word_1_201' title='bbox 901 2977 969 3042; x_wconf 89' lang='lat' dir='ltr'>quae</span> <span class='ocrx_word' id='word_1_202' title='bbox 981 2956 1018 3024; x_wconf 81' lang='lat' dir='ltr'>tit</span> 
     </span>
     <span class='ocr_line' id='line_1_27' title="bbox 7 3057 1018 3151; baseline 0.006 -25"><span class='ocrx_word' id='word_1_203' title='bbox 7 3093 19 3132; x_wconf 83' lang='grc' dir='ltr'>ι</span> <span class='ocrx_word' id='word_1_204' title='bbox 46 3057 175 3151; x_wconf 82' lang='lat' dir='ltr'>jecore,</span> <span class='ocrx_word' id='word_1_205' title='bbox 191 3083 255 3125; x_wconf 93' lang='lat' dir='ltr'>non</span> <span class='ocrx_word' id='word_1_206' title='bbox 272 3069 338 3124; x_wconf 84' lang='lat' dir='ltr'>tota</span> <span class='ocrx_word' id='word_1_207' title='bbox 353 3058 532 3126; x_wconf 85' lang='lat' dir='ltr'>homiuibus</span> <span class='ocrx_word' id='word_1_208' title='bbox 548 3059 579 3123; x_wconf 90' lang='lat' dir='ltr'>in</span> <span class='ocrx_word' id='word_1_209' title='bbox 600 3057 783 3124; x_wconf 90' lang='lat' dir='ltr'>alimentum</span> <span class='ocrx_word' id='word_1_210' title='bbox 802 3062 897 3138; x_wconf 85' lang='lat' dir='ltr'>cedit,</span> <span class='ocrx_word' id='word_1_211' title='bbox 912 3066 967 3131; x_wconf 89' lang='lat' dir='ltr'>sed</span> <span class='ocrx_word' id='word_1_212' title='bbox 985 3067 1018 3132; x_wconf 89' lang='lat' dir='ltr'>in</span> 
     </span>
     <span class='ocr_line' id='line_1_28' title="bbox 1 3166 1012 3258; baseline 0.002 -20"><span class='ocrx_word' id='word_1_213' title='bbox 1 3179 170 3240; x_wconf 67' lang='lat' dir='ltr'>&#39;onsuetas</span> <span class='ocrx_word' id='word_1_214' title='bbox 196 3166 423 3257; x_wconf 82' lang='lat' dir='ltr'>superfluitates</span> <span class='ocrx_word' id='word_1_215' title='bbox 443 3169 629 3243; x_wconf 88' lang='lat' dir='ltr'>secernitur,</span> <span class='ocrx_word' id='word_1_216' title='bbox 647 3180 680 3233; x_wconf 91' lang='lat' dir='ltr'>et</span> <span class='ocrx_word' id='word_1_217' title='bbox 701 3168 786 3256; x_wconf 92' lang='lat' dir='ltr'>quod</span> <span class='ocrx_word' id='word_1_218' title='bbox 803 3184 942 3258; x_wconf 87' lang='lat' dir='ltr'>superest</span> <span class='ocrx_word' id='word_1_219' title='bbox 961 3171 1012 3240; x_wconf 89' lang='lat' dir='ltr'>ali·</span> 
     </span>
     <span class='ocr_line' id='line_1_29' title="bbox 1 3272 1017 3367; baseline 0.003 -24"><span class='ocrx_word' id='word_1_220' title='bbox 1 3277 100 3350; x_wconf 77' lang='lat' dir='ltr'>nenti</span> <span class='ocrx_word' id='word_1_221' title='bbox 120 3276 155 3340; x_wconf 91' lang='lat' dir='ltr'>in</span> <span class='ocrx_word' id='word_1_222' title='bbox 174 3275 247 3364; x_wconf 88' lang='lat' dir='ltr'>ipsis</span> <span class='ocrx_word' id='word_1_223' title='bbox 266 3272 325 3339; x_wconf 89' lang='lat' dir='ltr'>illis</span> <span class='ocrx_word' id='word_1_224' title='bbox 342 3274 492 3340; x_wconf 88' lang='lat' dir='ltr'>membris</span> <span class='ocrx_word' id='word_1_225' title='bbox 506 3287 538 3340; x_wconf 88' lang='lat' dir='ltr'>et</span> <span class='ocrx_word' id='word_1_226' title='bbox 559 3275 774 3340; x_wconf 83' lang='lat' dir='ltr'>membrorum</span> <span class='ocrx_word' id='word_1_227' title='bbox 793 3279 934 3364; x_wconf 86' lang='lat' dir='ltr'>partibus</span> <span class='ocrx_word' id='word_1_228' title='bbox 950 3303 1017 3367; x_wconf 77' lang='lat' dir='ltr'>quae</span> 
     </span>
     <span class='ocr_line' id='line_1_30' title="bbox 5 3380 1021 3474; baseline -0.002 -20"><span class='ocrx_word' id='word_1_229' title='bbox 5 3385 201 3458; x_wconf 89' lang='lat' dir='ltr'>utriuntur,</span> <span class='ocrx_word' id='word_1_230' title='bbox 218 3382 251 3448; x_wconf 94' lang='lat' dir='ltr'>id</span> <span class='ocrx_word' id='word_1_231' title='bbox 266 3380 423 3446; x_wconf 87' lang='lat' dir='ltr'>interdum</span> <span class='ocrx_word' id='word_1_232' title='bbox 438 3382 470 3448; x_wconf 91' lang='lat' dir='ltr'>in</span> <span class='ocrx_word' id='word_1_233' title='bbox 490 3380 575 3446; x_wconf 90' lang='lat' dir='ltr'>aliud</span> <span class='ocrx_word' id='word_1_234' title='bbox 594 3381 755 3471; x_wconf 86' lang='lat' dir='ltr'>quidpiam</span> <span class='ocrx_word' id='word_1_235' title='bbox 771 3383 912 3460; x_wconf 82' lang='lat' dir='ltr'>vertitur,</span> <span class='ocrx_word' id='word_1_236' title='bbox 928 3398 1021 3474; x_wconf 91' lang='lat' dir='ltr'>prout</span> 
     </span>
     <span class='ocr_line' id='line_1_31' title="bbox 2 3489 1020 3581; baseline 0.002 -22"><span class='ocrx_word' id='word_1_237' title='bbox 2 3494 186 3568; x_wconf 81' lang='lat' dir='ltr'>ominatur</span> <span class='ocrx_word' id='word_1_238' title='bbox 197 3493 229 3559; x_wconf 89' lang='lat' dir='ltr'>id</span> <span class='ocrx_word' id='word_1_239' title='bbox 245 3491 330 3581; x_wconf 92' lang='lat' dir='ltr'>quod</span> <span class='ocrx_word' id='word_1_240' title='bbox 345 3490 499 3557; x_wconf 89' lang='lat' dir='ltr'>redundat</span> <span class='ocrx_word' id='word_1_241' title='bbox 510 3503 541 3556; x_wconf 87' lang='lat' dir='ltr'>at</span> <span class='ocrx_word' id='word_1_242' title='bbox 555 3489 692 3556; x_wconf 90' lang='lat' dir='ltr'>luxuriat</span> <span class='ocrx_word' id='word_1_243' title='bbox 709 3503 742 3556; x_wconf 91' lang='lat' dir='ltr'>et</span> <span class='ocrx_word' id='word_1_244' title='bbox 755 3514 955 3580; x_wconf 86' lang='lat' dir='ltr'>corrumpere</span> <span class='ocrx_word' id='word_1_245' title='bbox 966 3508 1020 3562; x_wconf 90' lang='lat' dir='ltr'>aut</span> 
     </span>
     <span class='ocr_line' id='line_1_32' title="bbox 0 3597 664 3688; baseline -0.021 -11"><span class='ocrx_word' id='word_1_246' title='bbox 0 3645 4 3676; x_wconf 77' lang='grc' dir='ltr'>ι</span> <span class='ocrx_word' id='word_1_247' title='bbox 34 3630 77 3675; x_wconf 84' lang='lat' dir='ltr'>se</span> <span class='ocrx_word' id='word_1_248' title='bbox 95 3613 284 3670; x_wconf 84' lang='lat' dir='ltr'>convertere</span> <span class='ocrx_word' id='word_1_249' title='bbox 299 3597 378 3664; x_wconf 89' lang='lat' dir='ltr'>solet</span> <span class='ocrx_word' id='word_1_250' title='bbox 392 3598 544 3687; x_wconf 90' lang='lat' dir='ltr'>quidquid</span> <span class='ocrx_word' id='word_1_251' title='bbox 554 3599 664 3688; x_wconf 75' lang='lat' dir='ltr'>attigit.</span> 
     </span>
    </p>

    <p class='ocr_par' dir='ltr' id='par_1_5' title="bbox 0 3708 1020 3913">
     <span class='ocr_line' id='line_1_33' title="bbox 28 3708 1020 3801; baseline 0.003 -20"><span class='ocrx_word' id='word_1_252' title='bbox 28 3715 98 3786; x_wconf 85' lang='lat' dir='ltr'>vl.</span> <span class='ocrx_word' id='word_1_253' title='bbox 120 3713 203 3778; x_wconf 87' lang='lat' dir='ltr'>Gum</span> <span class='ocrx_word' id='word_1_254' title='bbox 219 3712 314 3801; x_wconf 81' lang='lat' dir='ltr'>igitur</span> <span class='ocrx_word' id='word_1_255' title='bbox 326 3708 425 3790; x_wconf 89' lang='lat' dir='ltr'>multa</span> <span class='ocrx_word' id='word_1_256' title='bbox 441 3709 480 3776; x_wconf 89' lang='lat' dir='ltr'>sit</span> <span class='ocrx_word' id='word_1_257' title='bbox 494 3709 527 3776; x_wconf 93' lang='lat' dir='ltr'>in</span> <span class='ocrx_word' id='word_1_258' title='bbox 542 3709 688 3776; x_wconf 88' lang='lat' dir='ltr'>omnibus</span> <span class='ocrx_word' id='word_1_259' title='bbox 703 3708 887 3794; x_wconf 73' lang='lat' dir='ltr'>animalibus</span> <span class='ocrx_word' id='word_1_260' title='bbox 902 3725 1020 3784; x_wconf 75' lang='lat' dir='ltr'>nature</span> 
     </span>
     <span class='ocr_line' id='line_1_34' title="bbox 0 3817 1020 3913; baseline 0 -21"><span class='ocrx_word' id='word_1_261' title='bbox 0 3866 7 3894; x_wconf 61' lang='lat' dir='ltr'>a</span> <span class='ocrx_word' id='word_1_262' title='bbox 20 3829 150 3898; x_wconf 84' lang='lat' dir='ltr'>rictas,</span> <span class='ocrx_word' id='word_1_263' title='bbox 163 3833 195 3888; x_wconf 89' lang='lat' dir='ltr'>et</span> <span class='ocrx_word' id='word_1_264' title='bbox 205 3820 479 3888; x_wconf 89' lang='lat' dir='ltr'>accommodatum</span> <span class='ocrx_word' id='word_1_265' title='bbox 490 3818 530 3884; x_wconf 90' lang='lat' dir='ltr'>ad</span> <span class='ocrx_word' id='word_1_266' title='bbox 541 3830 685 3885; x_wconf 91' lang='lat' dir='ltr'>naturam</span> <span class='ocrx_word' id='word_1_267' title='bbox 696 3817 890 3900; x_wconf 88' lang='lat' dir='ltr'>alimentum,</span> <span class='ocrx_word' id='word_1_268' title='bbox 903 3846 960 3913; x_wconf 91' lang='lat' dir='ltr'>pro</span> <span class='ocrx_word' id='word_1_269' title='bbox 973 3851 1020 3892; x_wconf 87' lang='lat' dir='ltr'>va-</span> 
     </span>
    </p>
   </div>
   <div class='ocr_carea' id='block_1_5' title="bbox 0 0 1345 4598">
    <p class='ocr_par' dir='ltr' id='par_1_6' title="bbox 0 0 1345 4598">
     <span class='ocr_line' id='line_1_35' title="bbox 0 0 1345 4598; baseline 0 0"><span class='ocrx_word' id='word_1_270' title='bbox 0 0 1345 4598; x_wconf 95' lang='lat' dir='ltr'> </span> 
     </span>
    </p>
   </div>
  </div>
 </body>
</html>
