2648 4634
438 287 559 334 cerras
582 285 731 332 mansas.
1031 265 1096 350 dog

35 405 169 468 retum
191 391 378 482 hujusmodi
399 393 486 462 anim
504 416 565 462 nee
580 393 851 483 comparationem
865 413 927 460 nec
941 389 1039 460 ullam
1050 415 1097 460 re-

38 503 135 591 cipit
152 501 416 592 superlationem.
437 502 501 583 Qui
515 503 601 569 emm
616 525 711 592 super
725 525 759 568 se
774 501 872 568 babet
885 499 1023 592 aliquem
1042 526 1097 569 su-

36 613 244 702 periorem,
266 621 299 677 et
320 613 378 678 sub
398 610 528 678 alterius
547 621 701 699 potestate
721 620 787 686 est,
810 609 864 676 bic
884 632 988 698 neque
1010 611 1097 678 Deus

43 745 169 811 neque
187 744 323 810 magnus
336 719 404 798 Rex
418 719 481 787 dici
495 730 608 809 potest.

96 831 162 899 Vl.
175 830 245 897 Sed
255 853 317 898 neo
326 853 384 920 per
394 829 528 896 ironiam
539 826 669 916 quidem
679 827 749 895 haec
759 827 843 896 dieta
862 852 930 896 esse
947 839 1098 916 poterunt

44 942 187 1016 dicere,
205 963 281 1008 cum
296 938 526 1006 convincantur
540 938 579 1002 ab
595 935 669 1024 ipsis
685 935 790 1015 dictis,
806 937 958 1027 qnoniam
971 937 1005 1004 in
1019 937 1099 1006 veri·

45 1063 124 1116 tate
142 1051 233 1118 dicta
249 1059 332 1115 sunt.
350 1047 477 1114 Etenim
490 1045 606 1123 veritas
622 1058 690 1112 erat
702 1045 769 1135 ipse
784 1047 839 1136 qui
853 1045 1053 1136 loquebatur,
1066 1057 1100 1114 et

46 1183 135 1227 vere
153 1159 337 1226 vindicabat
351 1181 442 1224 suam
457 1155 604 1234 domum,
618 1156 789 1245 projiciens
804 1180 846 1223 ex
864 1179 900 1222 ea
916 1153 1099 1223 nummula-

48 1269 141 1344 rios,
159 1267 216 1354 qui
231 1278 263 1332 et
276 1269 426 1334 emebant
439 1277 473 1332 et
483 1265 674 1343 vendebant,
696 1264 806 1332 dicens
821 1265 865 1332 eis
887 1288 895 1332 ι
914 1265 1098 1356 «Scriptum

57 1407 73 1439 ι
91 1388 160 1452 est,
181 1375 302 1442 Domus
319 1398 390 1442 mea
407 1375 521 1442 domus
542 1373 691 1440 orationis
713 1374 897 1450 vocabitura
916 1397 971 1441 vos
991 1387 1098 1442 autem

54 1515 70 1547 ι
88 1483 295 1550 fecistiseam
307 1482 490 1573 speluncam
506 1480 698 1550 latronum¹.
712 1510 725 1544 ι
741 1483 782 1548 Et
797 1505 893 1570 quam
907 1504 1034 1549 causam
1045 1483 1098 1548 ha-

52 1594 134 1659 buit
147 1593 326 1660 bocfacere
337 1603 371 1658 et
381 1592 500 1668 dicere,
512 1604 545 1659 et
556 1591 689 1658 domum
699 1614 790 1657 suam
801 1591 973 1669 vindicare,
987 1591 1013 1657 si
1025 1589 1099 1656 alte-

54 1725 135 1770 rum
155 1703 263 1769 Deum
281 1701 513 1770 annuntiabat?
530 1699 594 1768 Sed
609 1715 644 1767 ut
659 1701 840 1769 ostenderet
854 1715 1098 1792 transgressores

55 1823 205 1900 paternae
227 1807 314 1898 legis.
338 1808 448 1897 Neque
463 1807 548 1876 enim
568 1807 699 1875 domum
719 1809 896 1884 incusabat,
915 1831 1018 1898 neque
1036 1807 1099 1874 Le-

62 1941 139 2007 gem
154 1917 420 2007 reprehendebat,
437 1939 533 2006 quam
548 1929 676 1984 venerat
691 1915 879 2006 adimplere;
898 1916 954 1984 sed
972 1941 1026 1983 eos
1041 1917 1096 2006 qui

63 2050 132 2093 non
147 2027 230 2094 bene
246 2029 418 2093 utebantur
438 2027 546 2103 domo,
564 2037 597 2092 et
610 2049 665 2094 eos
681 2027 734 2115 qui
753 2027 870 2117 Legem
885 2027 1096 2116 transgredie-

61 2137 194 2213 bantur,
217 2137 379 2227 arguebat.
401 2138 443 2203 Et
460 2136 532 2203 ideo
551 2134 671 2204 Scribas
689 2148 722 2202 et
735 2137 895 2213 Pharisaei,
917 2138 972 2226 qui
988 2159 1096 2228 cmpe-

62 2257 138 2311 rant
154 2267 173 2310 a
191 2243 391 2333 temporibus
406 2242 497 2332 Legis
516 2254 721 2310 contemnere
740 2244 855 2322 Deum,
874 2267 935 2312 nec
953 2243 1096 2312 Verbum

62 2356 136 2443 ejus
148 2365 349 2444 receperunt,
360 2353 465 2429 idest,
477 2376 542 2420 non
554 2351 758 2420 crediderunt
773 2353 911 2431 Christo,
928 2353 1093 2444 dequibus

66 2465 175 2532 Esaias
189 2464 254 2529 ait:
272 2463 455 2552 «Principes
471 2464 517 2530 tui
535 2463 655 2533 indicto
672 2465 836 2534 audientes
850 2477 936 2543 sunt,
951 2467 1027 2534 socii
1041 2465 1094 2531 lu-

68 2595 182 2648 srum,
199 2569 360 2662 diligentes
371 2595 516 2650 munera,
529 2585 686 2640 sectantes
697 2574 951 2652 retributionem,
967 2573 1093 2664 pupillis

66 2710 81 2744 ι
96 2706 160 2749 non
169 2681 357 2770 judicantes,
370 2694 403 2748 et
413 2680 569 2769 judicium
580 2681 747 2750 viduarum
758 2707 822 2750 non
833 2683 1030 2750 attendentes
1039 2682 1086 2749 ’.ι

66 2797 109 2863 Et
124 2793 276 2860 «ieremias
295 2805 402 2858 autem
421 2791 564 2860 similiter
584 2815 592 2857 ι
611 2819 624 2856 a
641 2794 706 2874 Qui
723 2805 874 2882 praesunt,
893 2794 1008 2881 inquit,
1033 2817 1092 2884 po-

66 2901 167 2992 spulo
185 2925 269 2980 meo,
291 2925 343 2968 mc
358 2901 543 2970 nesciebant
558 2923 567 2967 ι
589 2897 646 2968 lilii
661 2900 809 2970 insensati
828 2913 861 2968 et
874 2902 1091 2992 imprudentes

69 3025 178 3090 esunt,
195 3014 351 3105 sapientes
365 3024 439 3080 sunt
458 3013 490 3080 in
508 3009 749 3088 malefaciendo,
768 3013 851 3080 bene
867 3025 974 3080 autem
988 3011 1092 3081 lacere

73 3147 159 3192 »non
172 3125 416 3216 cognoverrmt¹⁸
431 3153 443 3189 ι

113 3232 175 3302 vlt.
194 3235 361 3324 Quotquot
380 3246 488 3301 autem
507 3233 662 3304 timebant
681 3233 798 3313 Deum,
814 3247 847 3302 et
858 3233 982 3303 solliciti
1000 3243 1091 3300 arant

71 3344 150 3412 circa
170 3343 286 3435 Legem
309 3345 394 3434 ejus,
415 3346 474 3434 ipsi
496 3358 746 3414 accucurrerunt
767 3346 905 3423 Christo,
928 3359 961 3412 et
982 3344 1090 3414 salvati

70 3466 141 3522 sunt
150 3477 279 3521 omnes:
297 3455 369 3520 alte
379 3457 482 3532 enim,
497 3456 601 3544 inquit
611 3454 785 3546 discipulis,
798 3456 839 3522 ad
854 3479 926 3534 oves
940 3477 1010 3545 quaa
1022 3479 1090 3544 per·

70 3564 195 3631 aierunt
210 3565 323 3632 domus
342 3564 438 3632 lsrael
447 3564 469 3632 ⁸.
483 3593 497 3630 ι
511 3567 552 3632 Et
567 3565 731 3634 Samaritae
748 3579 867 3642 nutem,
883 3566 997 3653 inquit,
1016 3589 1089 3634 oum

73 3671 227 3740 mansisset
247 3669 404 3740 Dominus
422 3675 508 3764 apud
523 3697 577 3742 eos
594 3675 705 3753 biduo,
722 3672 973 3763 «multoplures
990 3675 1090 3740 credi·

75 3779 208 3846 »derunt
222 3794 351 3872 propter
366 3805 528 3852 sermones
542 3785 626 3875 ejus,
641 3797 676 3851 et
690 3782 813 3850 mulieri
830 3782 998 3851 dicebant:
1015 3783 1090 3850 Jom

103 3904 207 3958 ¹llrttb.
219 3925 270 3970 ιιι,
287 3911 325 3960 13.
342 3937 372 3949 -
387 3909 474 3964 ²litai.
485 3931 503 3975 1,
515 3914 553 3964 ab.
570 3941 601 3954 -
618 3913 732 3965 'larena
745 3929 781 3974 ιι,
793 3930 831 3964 ιι.
849 3941 880 3952 -
894 3913 905 3948 ¹
918 3913 1007 3965 blatth.
1024 3929 1048 3972 r,
1061 3913 1087 3961 6.
