2688 4626
403 264 554 310 troaoers
578 263 680 306 rurus.
736 269 738 276 ·
990 247 1050 310 25⁵

13 359 136 440 vimus,
153 367 350 438 vaticinatus
364 383 433 436 est:
453 369 550 436 «Non
561 369 687 436 deliciet
703 368 850 456 princeps
860 388 901 432 ex
914 367 1008 446 luda,
1022 385 1054 438 et

10 498 25 530 ι
41 471 110 538 dux
122 471 167 539 de
174 475 299 543 femore
306 479 391 567 ejus,
399 476 503 544 donee
514 476 621 541 reniet
632 476 684 541 cui
696 476 871 564 repositum
878 489 942 550 est3
952 477 1057 566 etipse

11 582 106 648 »erit
123 587 326 674 exspectatio
345 587 501 675 gentium,
520 584 621 674 ligans
640 583 682 650 ad
698 584 794 650 vitem
813 583 937 672 pullum
954 609 1057 660 suum,

11 687 160 759 slavans
182 694 299 761 stolum
320 719 411 762 suam
432 696 465 760 in
491 695 642 784 sanguine
666 693 762 759 ιη’.
776 723 790 756 ι
803 695 880 772 llaec
895 694 1060 782 Propheta·

13 801 121 866 rerba
137 822 224 868 cum
232 801 391 870 audissent
404 803 573 876 daemoaes,
588 799 752 866 Bacchum
763 801 910 868 dixerunt
920 802 1009 887 loris
1024 801 1060 866 li·

14 904 104 972 lium
122 932 214 985 esse,
231 911 362 998 vitisque
377 912 569 978 inventorem
585 931 652 974 esse
666 908 876 984 tradiderrmt,
894 932 933 975 ac
949 911 1058 976 vinum

15 1015 52 1080 in
70 1017 147 1102 ejus
167 1019 327 1105 mysteriis
348 1019 507 1092 exhibent,
527 1039 664 1104 eumque
686 1015 868 1082 dilaniatum
890 1019 923 1084 in
939 1017 1057 1084 coelum

15 1123 209 1188 ascendisse
226 1125 412 1192 docuerunt.
435 1127 475 1192 Et
489 1124 560 1212 quia
576 1127 609 1191 in
624 1124 720 1192 llosis
735 1127 896 1214 prophetis
912 1128 1059 1194 nomine·

16 1231 79 1296 tim
94 1253 286 1320 expressum
300 1255 365 1298 non
375 1244 456 1308 erat,
469 1225 576 1297 utrum
595 1234 621 1296 is
639 1232 695 1320 qui
710 1246 862 1300 venturus
877 1246 945 1298 erat
960 1234 1058 1300 Filius

19 1335 82 1401 Dei
98 1337 154 1412 sit,
171 1359 212 1404 ac
227 1350 334 1404 utrum
350 1336 437 1428 pullo
451 1337 590 1404 insidens
606 1338 639 1402 in
653 1350 738 1402 terra
755 1362 923 1406 mansurus
938 1363 978 1406 an
994 1363 1060 1408 cot-

21 1443 91 1512 lum
110 1469 303 1514 ascensurus
321 1457 419 1522 essets
442 1446 557 1513 deindo
577 1447 674 1512 otiam
695 1447 768 1534 quia
787 1447 865 1536 pulli
882 1471 1013 1524 nomen,
1029 1461 1062 1514 et

23 1554 103 1620 asini
114 1553 243 1644 pullum
253 1569 286 1622 et
295 1559 369 1644 equi
380 1542 545 1646 designare
553 1567 689 1644 poterat,
698 1579 775 1622 cum
786 1557 945 1624 nescirent
958 1569 1064 1624 utrum

24 1663 104 1727 asini
127 1687 171 1729 an
192 1665 270 1751 equi
283 1663 408 1753 pullum
422 1686 531 1752 agens,
548 1664 748 1752 presentiam
767 1687 856 1730 suam
870 1665 897 1730 is
914 1666 969 1753 qui
986 1689 1064 1754 prae·

26 1770 257 1846 nuntiabatur,
272 1783 355 1836 esset
365 1770 612 1860 significaturus,
629 1782 724 1857 atque
736 1781 844 1837 utrum
853 1771 926 1848 Dei,
941 1785 977 1838 ut
991 1775 1066 1840 dixi-

27 1901 117 1952 mus,
134 1901 178 1944 an
193 1879 335 1946 hominis
349 1879 389 1945 sit
404 1877 504 1952 filiast
527 1880 630 1968 ipsum
645 1902 772 1968 quoque
791 1879 1067 1969 Bellerophontem

32 2008 121 2073 equo
136 1985 261 2076 chaso
275 1987 448 2062 invectum,
464 1986 626 2053 hominem
642 2010 682 2052 ex
701 1987 881 2055 hominibus
894 1999 1019 2065 natum,
1033 1991 1067 2054 in

32 2091 158 2160 coelum
179 2092 360 2160 ascendisse
382 2094 538 2160 dixerunt.
565 2093 645 2158 Cum
667 2107 775 2160 autem
794 2093 874 2160 illud
893 2097 1065 2172 audissent,

31 2201 120 2288 quod
140 2203 183 2268 als
206 2201 273 2268 olio
293 2202 448 2292 propheta
468 2203 561 2268 Esaia
581 2203 700 2268 dictum
722 2216 782 2279 est,
805 2227 878 2269 eum
893 2227 932 2270 ex
947 2205 1065 2294 virgine

32 2309 248 2384 nesciturum,
269 2321 301 2374 et
317 2309 527 2398 perseipsum
542 2311 576 2375 in
595 2309 711 2376 coslum
726 2334 942 2389 escensurum,
958 2314 1065 2401 perse-

34 2430 147 2482 cerunt
162 2429 198 2483 ut
213 2417 349 2483 Perseus
364 2418 534 2484 diceretur.
553 2417 607 2485 Sic
618 2420 714 2485 etiam
729 2420 783 2485 ulti
803 2433 1018 2508 cognoverunt
1031 2423 1067 2488 id

38 2524 122 2609 quod
132 2525 164 2590 in
175 2525 351 2614 prophetiis
361 2525 756 2614 supraallatispraedicitur
769 2550 777 2592 ι
794 2526 922 2594 «Fortis
933 2541 969 2593 ut
981 2530 1066 2617 gigas

37 2631 102 2695 »ad
113 2633 308 2700 currendam
319 2634 403 2698 viam
412 2632 463 2708 ’,ι
479 2633 595 2698 sortem
605 2631 776 2698 Herculem
790 2632 899 2708 luisse,
914 2646 1068 2699 actotum

38 2751 191 2808 terrarum
211 2743 329 2809 orbem
358 2763 541 2830 peragrasse
566 2741 723 2806 dixerunt.
753 2739 875 2806 Rursus
901 2750 1070 2828 postquam

39 2849 224 2934 predictum
244 2871 315 2915 esse
332 2848 526 2922 didicerunt,
549 2849 678 2912 morbos
699 2869 810 2910 omnes
831 2858 1020 2914 curaturum
1039 2861 1071 2913 et

39 2969 180 3024 mortuos
194 2957 423 3030 excitaturum,
439 2952 658 3042 AEsc'ulepium
672 2951 877 3020 induxerunt.
973 2959 975 2968 ’
998 2948 1014 2965 ”

82 3064 148 3128 LV.
177 3065 344 3151 Nusquam
362 3075 484 3137 eutem,
503 3084 564 3126 nec
580 3061 614 3126 in
634 3059 699 3126 ullo
722 3083 835 3126 eorum
852 3063 905 3149 qui
922 3063 1071 3132 dicuntur

43 3168 132 3233 Joris
148 3167 303 3244 liliorum,
319 3171 423 3235 crucis
434 3167 624 3258 supplicium
635 3167 748 3232 imitati
764 3182 849 3234 sunt.
863 3169 972 3259 Neque
986 3175 1072 3241 enim

43 3272 107 3338 illis
119 3275 153 3340 in
163 3287 306 3341 mentem
317 3289 457 3351 venerat,
472 3275 608 3362 eoquod
621 3298 687 3340 non
703 3276 769 3364 sine
784 3276 949 3364 symbolis,
966 3292 1002 3344 ut
1015 3282 1091 3346 cle-v

46 3363 307 3459 monstravimus,
329 3385 413 3450 diets
432 3384 561 3459 luerint,
584 3407 792 3473 quecumque
813 3385 897 3452 dicta
917 3409 955 3452 es
978 3388 1018 3454 de
1039 3413 1074 3455 re

49 3491 173 3560 lucrant
188 3519 197 3560 :
218 3517 290 3584 quae
308 3491 450 3581 quidem,
468 3505 613 3583 utsupra
628 3492 705 3558 ‹lixit
717 3493 888 3581 Propheta,
902 3496 1072 3566 maximnm

50 3607 96 3663 est
106 3601 177 3687 ejus
187 3602 353 3691 potestatis
363 3612 395 3666 et
404 3599 600 3690 principatus
611 3599 748 3688 signum,
758 3600 1022 3686 quemadmodum
1033 3631 1071 3673 ex

53 3703 100 3770 his
119 3707 212 3776 etism
237 3733 308 3799 qnae
330 3710 390 3776 sub
415 3719 583 3798 aspectum
606 3707 737 3786 cadunt,
760 3709 942 3780 ostenditur.
967 3713 1070 3784 Intue-

87 3833 164 3890 Ἕω.
177 3856 243 3904 tux,
257 3856 294 3891 to.
306 3839 436 3893 -21’ut
450 3855 524 3900 ιιιιι,
536 3855 558 3889 ι.
