2808 4688
230 219 268 305 tl,
571 234 707 279 siturus
731 235 907 288 stanteis,

223 378 239 414 n
252 350 406 442 imperes
419 340 556 421 ancillae
570 358 633 414 ant
646 367 751 416 servo
767 358 848 432 tuo,
860 347 925 441 qui
940 349 978 414 in
993 346 1164 420 eumdem
1179 375 1264 450 spe·

225 466 351 540 urant,
370 473 417 522 ne
429 447 524 520 forte
535 473 610 522 non
630 452 756 522 timeas
771 455 907 540 Deum,
922 457 987 549 qui
998 478 1108 554 super
1118 472 1266 528 utrum-

226 583 325 654 »qne
357 572 428 645 est3
463 561 636 652 quoniam
667 581 741 628 uon
770 560 870 632 veuit
897 583 1027 632 vocare
1057 564 1265 636 seeundum

227 687 464 763 »personam
494 663 558 738 sed
589 685 698 760 super
729 686 823 759 quos
852 665 1006 759 Spiritus
1034 671 1262 764 preparavit.

226 804 242 836 n
255 769 548 846 Communicabis
563 773 602 840 in
618 767 790 840 omnibus
806 792 890 842 cum
908 773 1077 866 proximo
1093 785 1176 858 tuo,
1191 796 1264 845 nec

226 877 456 976 »quidquam
472 875 568 948 dices
588 880 801 974 proprium:
820 878 850 946 si
870 878 968 947 enim
984 881 1022 946 in
1040 879 1265 976 incorruptis

226 1017 242 1050 »ι
255 999 439 1068 consortes
457 985 557 1069 estis,
579 996 718 1078 quanto
731 985 847 1080 magis
868 984 908 1052 in
927 985 971 1053 iis
990 1005 1071 1080 quae
1091 1007 1259 1055 oncrum-

225 1092 414 1190 »punturl
429 1094 514 1165 Non
528 1093 598 1162 eris
611 1089 735 1189 lingua
747 1113 926 1188 praeceps:
941 1114 982 1162 os
997 1094 1093 1160 enim
1106 1089 1263 1191 laqueus

225 1214 306 1273 nest
320 1201 458 1272 mortis.
477 1201 662 1290 Quantum
683 1202 803 1295 pote's,
825 1213 862 1270 et
880 1221 991 1297 supra
1010 1221 1122 1296 quam
1139 1214 1263 1297 potes,

227 1338 244 1373 s
256 1306 352 1378 coles
370 1308 579 1376 castitatem.
594 1304 678 1378 Noli
694 1307 879 1402 porrigere
897 1327 1025 1376 manus
1041 1319 1123 1376 tuas
1140 1303 1187 1376 ad
1201 1331 1260 1378 ac·

227 1410 481 1510 »cipieudum‚
495 1409 715 1483 addendum
727 1435 816 1482 vero
828 1411 1053 1484 contrahere.
1068 1412 1206 1510 Diliges
1218 1428 1261 1484 ut

226 1547 242 1582 η
255 1516 431 1615 pupillam
452 1516 550 1588 oculi
572 1519 626 1588 tui
647 1539 793 1588 omnem
815 1520 879 1615 qui
902 1517 969 1588 tibi
993 1517 1166 1616 loquetur
1183 1544 1259 1592 ver-

162 1623 163 1626 ’
226 1621 343 1696 »bum
367 1626 528 1696 Domini.
556 1628 600 1694 In
628 1625 842 1696 memoriam
866 1637 966 1694 tuam
995 1639 1103 1696 nocte
1130 1649 1172 1697 ac
1202 1625 1260 1696 die

227 1728 443 1804 »revocabis
462 1728 590 1826 judicii
616 1728 724 1802 diem.
751 1733 926 1827 Exquires
947 1727 1112 1828 quotidie
1136 1731 1261 1803 vultus

225 1853 479 1927 »sauctorum
504 1842 613 1911 ctiam
635 1838 842 1936 speculatus
868 1837 1130 1935 perverbum,
1155 1853 1192 1910 et
1213 1839 1261 1911 ad

226 1977 243 2012 »
254 1945 519 2020 exhortandum
532 1945 717 2034 incedens,
731 1961 841 2042 atque
853 1943 1048 2032 meditans,
1063 1941 1111 2016 ad
1121 1969 1261 2018 servan·

145 2042 155 2066 ⁸
226 2051 337 2124 »dam
354 2054 512 2123 animam
528 2076 594 2150 per
608 2052 772 2124 verbum.
791 2055 837 2122 Et
854 2051 1024 2122 manibus
1040 2051 1117 2122 tuis
1131 2075 1259 2150 opera-

225 2157 364 2246 »beris‚
378 2156 424 2229 ad
440 2157 727 2257 redemptionem
743 2172 977 2256 peccatorum
992 2172 1148 2230 tuorum.
1168 2163 1253 2230 Nou

226 2264 439 2337 »dubitabis
447 2264 548 2353 dare,
561 2289 681 2364 neque
691 2265 938 2338 murmurabis
953 2289 1038 2337 cum
1048 2263 1127 2336 das:
1144 2269 1255 2336 Omni

225 2375 384 2470 »petenti
405 2386 456 2459 te,
481 2370 595 2442 tn'bue
623 2371 730 2466 (Luc.
755 2396 786 2444 o.
812 2395 920 2458 v1,v.
947 2370 1041 2467 30):
1062 2391 1254 2468 cognosces

223 2494 373 2554 »autem
386 2482 468 2576 quis
482 2481 530 2550 sit
541 2477 661 2550 bonus
676 2476 852 2550 mercedis
870 2477 1077 2550 retributor.
1092 2476 1259 2549 servabis

226 2612 332 2684 »quae
357 2589 542 2682 accepisti,
569 2609 638 2656 nec
662 2586 814 2673 addens,
841 2610 910 2658 nec
938 2583 1097 2657 demens.
1125 2583 1258 2669 Malus,

177 2749 178 2752 η
223 2691 398 2770 »odiosus
410 2691 477 2763 tibi
488 2695 558 2762 erit
568 2695 604 2762 in
618 2708 846 2790 perpetuum.
860 2696 880 2760 J
882 2706 960 2762 uste
968 2689 1163 2786 judicabis.
1174 2695 1258 2764 Non

223 2829 240 2864 s
253 2797 363 2870 iacies
375 2798 583 2883 dissidium
597 2795 660 2866 sed
681 2821 807 2895 pacem
829 2796 1042 2869 conciliabis
1057 2799 1154 2867 inter
1169 2819 1258 2866 con·

223 2933 240 2970 t)
253 2902 456 2986 tendentes,
475 2924 537 2972 eos
550 2905 741 2972 associans.
756 2897 1000 2972 Confiteberis
1015 2914 1163 2996 peccata
1184 2914 1255 2970 tua.

222 3015 333 3084 »Nou
364 3004 511 3080 accedes
541 3005 587 3078 ad
614 3008 817 3079 orationem
844 3020 944 3076 tuam
970 3008 1009 3075 in
1038 3007 1257 3098 couscientia

224 3150 240 3184 »
253 3116 357 3188 mala.
381 3119 464 3185 Haec
485 3126 540 3184 est
556 3115 612 3183 via
630 3110 735 3183 lucis.

273 3254 291 3291 n
304 3225 373 3298 Via
404 3235 525 3292 autem
558 3219 790 3292 tenebrarum
820 3233 857 3290 et
888 3221 1072 3305 caecitatis,
1108 3217 1259 3315 obliqua

226 3346 324 3417 sest,
347 3329 528 3426 plenaque
546 3326 820 3400 maledictionis.
846 3331 907 3398 Est
928 3330 1026 3402 enim
1051 3331 1108 3397 via
1132 3328 1260 3396 mortis

225 3447 392 3505 »sterne
410 3459 494 3505 cum
511 3434 692 3533 supplicio
711 3460 719 3503 ε
741 3437 779 3504 in
800 3456 873 3528 qua
891 3446 977 3503 sunt
998 3457 1079 3529 quae
1100 3430 1258 3530 perdunt

225 3543 410 3611 »animam
432 3544 631 3627 viatorum,
656 3538 1034 3626 idolorum=servitus‚
1060 3540 1260 3620 temeritas,

225 3646 361 3716 »elatio
375 3651 572 3742 potestatis,
583 3647 779 3734 simulatio,
792 3672 855 3719 cor
869 3644 1017 3742 duplex,
1029 3643 1248 3715 adulterium
1270 3640 1307 3697 ⁸

226 3785 243 3820 »
255 3751 509 3841 homicidium,
520 3757 662 3851 rapina,
676 3755 861 3855 superbia,
873 3757 1123 3851 transgressm,
1136 3672 1304 3836 dolusfi'·

225 3860 402 3949 malitia,
429 3867 648 3960 arrogantia,
673 3862 905 3948 veneficium,
930 3864 1066 3959 nagia,
1095 3861 1258 3938 avaritia,

226 3967 374 4040 »nullus
392 3973 459 4044 Dei
480 3973 597 4042 timor.
620 3974 664 4039 In
683 3985 867 4066 quarunt,
888 3969 1072 4041 bonorum
1091 3989 1259 4066 persecu·
