<?xml version="1.0" encoding="UTF-8"?>
<!DOCTYPE html PUBLIC "-//W3C//DTD XHTML 1.0 Transitional//EN"
    "http://www.w3.org/TR/xhtml1/DTD/xhtml1-transitional.dtd">
<html xmlns="http://www.w3.org/1999/xhtml" xml:lang="en" lang="en">
 <head>
  <title>
</title>
<meta http-equiv="Content-Type" content="text/html;charset=utf-8" />
  <meta name='ocr-system' content='tesseract 3.04.00' />
  <meta name='ocr-capabilities' content='ocr_page ocr_carea ocr_par ocr_line ocrx_word'/>
</head>
<body>
  <div class='ocr_page' id='page_1' title='image "./collectioselect02guilgoog_0680.png"; bbox 0 0 2616 4620; ppageno 0'>
   <div class='ocr_carea' id='block_1_1' title="bbox 292 309 700 385">
    <p class='ocr_par' dir='ltr' id='par_1_1' title="bbox 292 309 700 385">
     <span class='ocr_line' id='line_1_1' title="bbox 292 309 700 385; baseline -0.02 -5"><span class='ocrx_word' id='word_1_1' title='bbox 292 338 333 380; x_wconf 85' lang='lat' dir='ltr'><strong>an</strong></span> <span class='ocrx_word' id='word_1_2' title='bbox 356 331 555 385; x_wconf 81' lang='lat' dir='ltr'><strong>anronrcnn,</strong></span> <span class='ocrx_word' id='word_1_3' title='bbox 579 309 639 375; x_wconf 60' lang='lat' dir='ltr'><strong>nra}</strong></span> <span class='ocrx_word' id='word_1_4' title='bbox 667 329 700 374; x_wconf 89' lang='lat' dir='ltr'><strong>n.</strong></span> 
     </span>
    </p>
   </div>
   <div class='ocr_carea' id='block_1_2' title="bbox 63 438 930 915">
    <p class='ocr_par' dir='ltr' id='par_1_2' title="bbox 63 438 930 915">
     <span class='ocr_line' id='line_1_2' title="bbox 64 438 811 520; baseline -0.017 -13"><span class='ocrx_word' id='word_1_5' title='bbox 64 451 140 506; x_wconf 88' lang='lat' dir='ltr'><strong>Ecce</strong></span> <span class='ocrx_word' id='word_1_6' title='bbox 150 445 200 505; x_wconf 91' lang='lat' dir='ltr'><strong>bic</strong></span> <span class='ocrx_word' id='word_1_7' title='bbox 210 443 344 503; x_wconf 89' lang='lat' dir='ltr'><strong>omnibus</strong></span> <span class='ocrx_word' id='word_1_8' title='bbox 356 440 528 520; x_wconf 90' lang='lat' dir='ltr'><strong>conspicuus</strong></span> <span class='ocrx_word' id='word_1_9' title='bbox 541 451 569 496; x_wconf 91' lang='lat' dir='ltr'><strong>et</strong></span> <span class='ocrx_word' id='word_1_10' title='bbox 580 438 687 497; x_wconf 86' lang='lat' dir='ltr'><strong>erroris</strong></span> <span class='ocrx_word' id='word_1_11' title='bbox 699 453 811 515; x_wconf 79' lang='lat' dir='ltr'>expers.</span> 
     </span>
     <span class='ocr_line' id='line_1_3' title="bbox 63 538 891 618; baseline -0.016 -12"><span class='ocrx_word' id='word_1_12' title='bbox 63 547 168 606; x_wconf 86' lang='lat' dir='ltr'><strong>Venite</strong></span> <span class='ocrx_word' id='word_1_13' title='bbox 179 565 233 602; x_wconf 92' lang='lat' dir='ltr'><strong>nec</strong></span> <span class='ocrx_word' id='word_1_14' title='bbox 247 541 378 601; x_wconf 81' lang='lat' dir='ltr'><strong>tenebras</strong></span> <span class='ocrx_word' id='word_1_15' title='bbox 390 539 542 618; x_wconf 78' lang='lat' dir='ltr'>sequimini</span> <span class='ocrx_word' id='word_1_16' title='bbox 556 551 584 596; x_wconf 90' lang='lat' dir='ltr'><strong>et</strong></span> <span class='ocrx_word' id='word_1_17' title='bbox 598 538 745 614; x_wconf 87' lang='lat' dir='ltr'><strong>caliginem</strong></span> <span class='ocrx_word' id='word_1_18' title='bbox 758 553 891 615; x_wconf 81' lang='lat' dir='ltr'><strong>semper:</strong></span> 
     </span>
     <span class='ocr_line' id='line_1_4' title="bbox 65 625 799 718; baseline -0.015 -10"><span class='ocrx_word' id='word_1_19' title='bbox 65 649 140 708; x_wconf 91' lang='lat' dir='ltr'><strong>Solis</strong></span> <span class='ocrx_word' id='word_1_20' title='bbox 156 648 239 707; x_wconf 87' lang='lat' dir='ltr'><strong>dulce</strong></span> <span class='ocrx_word' id='word_1_21' title='bbox 253 646 318 704; x_wconf 89' lang='lat' dir='ltr'><strong>visu</strong></span> <span class='ocrx_word' id='word_1_22' title='bbox 331 663 397 704; x_wconf 86' lang='lat' dir='ltr'><strong>ecce</strong></span> <span class='ocrx_word' id='word_1_23' title='bbox 412 625 509 702; x_wconf 79' lang='lat' dir='ltr'><strong>lumen</strong></span> <span class='ocrx_word' id='word_1_24' title='bbox 525 640 637 718; x_wconf 82' lang='lat' dir='ltr'><strong>egregie</strong></span> <span class='ocrx_word' id='word_1_25' title='bbox 651 638 799 718; x_wconf 83' lang='lat' dir='ltr'><strong>splendet:</strong></span> 
     </span>
     <span class='ocr_line' id='line_1_5' title="bbox 67 739 911 828; baseline -0.014 -18"><span class='ocrx_word' id='word_1_26' title='bbox 67 749 236 828; x_wconf 83' lang='lat' dir='ltr'><strong>cognoscite</strong></span> <span class='ocrx_word' id='word_1_27' title='bbox 251 757 389 825; x_wconf 88' lang='lat' dir='ltr'><strong>ponentes</strong></span> <span class='ocrx_word' id='word_1_28' title='bbox 403 742 569 821; x_wconf 88' lang='lat' dir='ltr'><strong>sapientiam</strong></span> <span class='ocrx_word' id='word_1_29' title='bbox 583 740 613 796; x_wconf 90' lang='lat' dir='ltr'><strong>in</strong></span> <span class='ocrx_word' id='word_1_30' title='bbox 625 739 789 817; x_wconf 83' lang='lat' dir='ltr'><strong>pectoribus</strong></span> <span class='ocrx_word' id='word_1_31' title='bbox 800 739 911 798; x_wconf 76' lang='lat' dir='ltr'><strong>vestris.</strong></span> 
     </span>
     <span class='ocr_line' id='line_1_6' title="bbox 67 837 930 915; baseline -0.017 -7"><span class='ocrx_word' id='word_1_32' title='bbox 67 853 150 908; x_wconf 86' lang='lat' dir='ltr'><strong>Unus</strong></span> <span class='ocrx_word' id='word_1_33' title='bbox 162 852 240 906; x_wconf 86' lang='lat' dir='ltr'><strong>Deus</strong></span> <span class='ocrx_word' id='word_1_34' title='bbox 252 857 303 915; x_wconf 90' lang='lat' dir='ltr'><strong>est,</strong></span> <span class='ocrx_word' id='word_1_35' title='bbox 316 842 431 913; x_wconf 87' lang='lat' dir='ltr'><strong>imbres,</strong></span> <span class='ocrx_word' id='word_1_36' title='bbox 443 852 553 910; x_wconf 89' lang='lat' dir='ltr'><strong>ventos,</strong></span> <span class='ocrx_word' id='word_1_37' title='bbox 568 850 652 896; x_wconf 84' lang='lat' dir='ltr'><strong>terrae</strong></span> <span class='ocrx_word' id='word_1_38' title='bbox 663 849 756 896; x_wconf 88' lang='lat' dir='ltr'><strong>motus</strong></span> <span class='ocrx_word' id='word_1_39' title='bbox 768 837 930 909; x_wconf 83' lang='lat' dir='ltr'><strong>immittens,</strong></span> 
     </span>
    </p>
   </div>
   <div class='ocr_carea' id='block_1_3' title="bbox 67 940 854 1214">
    <p class='ocr_par' dir='ltr' id='par_1_3' title="bbox 67 940 854 1214">
     <span class='ocr_line' id='line_1_7' title="bbox 67 940 689 1026; baseline -0.016 -19"><span class='ocrx_word' id='word_1_40' title='bbox 67 948 204 1026; x_wconf 90' lang='lat' dir='ltr'><strong>Fulgura,</strong></span> <span class='ocrx_word' id='word_1_41' title='bbox 219 949 317 1018; x_wconf 87' lang='lat' dir='ltr'><strong>sames,</strong></span> <span class='ocrx_word' id='word_1_42' title='bbox 331 957 425 1024; x_wconf 85' lang='lat' dir='ltr'><strong>pestes</strong></span> <span class='ocrx_word' id='word_1_43' title='bbox 437 953 466 1002; x_wconf 90' lang='lat' dir='ltr'><strong>et</strong></span> <span class='ocrx_word' id='word_1_44' title='bbox 478 943 572 999; x_wconf 90' lang='lat' dir='ltr'><strong>luctus</strong></span> <span class='ocrx_word' id='word_1_45' title='bbox 586 940 689 1012; x_wconf 83' lang='lat' dir='ltr'><strong>tristes,</strong></span> 
     </span>
     <span class='ocr_line' id='line_1_8' title="bbox 67 1035 854 1119; baseline -0.018 -16"><span class='ocrx_word' id='word_1_46' title='bbox 67 1048 106 1102; x_wconf 84' lang='lat' dir='ltr'><strong>Et</strong></span> <span class='ocrx_word' id='word_1_47' title='bbox 118 1045 198 1102; x_wconf 87' lang='lat' dir='ltr'><strong>nives</strong></span> <span class='ocrx_word' id='word_1_48' title='bbox 212 1056 239 1102; x_wconf 91' lang='lat' dir='ltr'><strong>et</strong></span> <span class='ocrx_word' id='word_1_49' title='bbox 251 1042 378 1119; x_wconf 91' lang='lat' dir='ltr'><strong>glaciem.</strong></span> <span class='ocrx_word' id='word_1_50' title='bbox 391 1043 427 1096; x_wconf 87' lang='lat' dir='ltr'><strong>Et</strong></span> <span class='ocrx_word' id='word_1_51' title='bbox 439 1036 510 1115; x_wconf 90' lang='lat' dir='ltr'><strong>quid</strong></span> <span class='ocrx_word' id='word_1_52' title='bbox 522 1035 632 1112; x_wconf 85' lang='lat' dir='ltr'><strong>singula</strong></span> <span class='ocrx_word' id='word_1_53' title='bbox 646 1036 854 1091; x_wconf 83' lang='lat' dir='ltr'><strong>commemoro?</strong></span> 
     </span>
     <span class='ocr_line' id='line_1_9' title="bbox 68 1126 759 1214; baseline -0.02 -16"><span class='ocrx_word' id='word_1_54' title='bbox 68 1139 180 1198; x_wconf 88' lang='lat' dir='ltr'><strong>Coelum</strong></span> <span class='ocrx_word' id='word_1_55' title='bbox 194 1135 345 1214; x_wconf 87' lang='lat' dir='ltr'><strong>gubernat,</strong></span> <span class='ocrx_word' id='word_1_56' title='bbox 359 1145 465 1190; x_wconf 89' lang='lat' dir='ltr'><strong>terram</strong></span> <span class='ocrx_word' id='word_1_57' title='bbox 480 1140 567 1201; x_wconf 89' lang='lat' dir='ltr'><strong>tenet,</strong></span> <span class='ocrx_word' id='word_1_58' title='bbox 580 1127 642 1205; x_wconf 89' lang='lat' dir='ltr'><strong>ipse</strong></span> <span class='ocrx_word' id='word_1_59' title='bbox 655 1126 759 1184; x_wconf 82' lang='lat' dir='ltr'><strong>existit.</strong></span> 
     </span>
    </p>
   </div>
   <div class='ocr_carea' id='block_1_4' title="bbox 1 1307 770 1407">
    <p class='ocr_par' dir='ltr' id='par_1_4' title="bbox 1 1307 770 1407">
     <span class='ocr_line' id='line_1_10' title="bbox 1 1307 770 1407; baseline -0.013 -25"><span class='ocrx_word' id='word_1_60' title='bbox 1 1321 23 1383; x_wconf 77' lang='lat' dir='ltr'><strong>:t</strong></span> <span class='ocrx_word' id='word_1_61' title='bbox 38 1319 76 1386; x_wconf 91' lang='lat' dir='ltr'><strong>in</strong></span> <span class='ocrx_word' id='word_1_62' title='bbox 92 1319 211 1407; x_wconf 88' lang='lat' dir='ltr'><strong>eosqui</strong></span> <span class='ocrx_word' id='word_1_63' title='bbox 223 1317 319 1406; x_wconf 88' lang='lat' dir='ltr'><strong>geniti</strong></span> <span class='ocrx_word' id='word_1_64' title='bbox 332 1315 492 1388; x_wconf 84' lang='lat' dir='ltr'><strong>dicuntur,</strong></span> <span class='ocrx_word' id='word_1_65' title='bbox 506 1311 550 1377; x_wconf 91' lang='lat' dir='ltr'><strong>sic</strong></span> <span class='ocrx_word' id='word_1_66' title='bbox 562 1307 690 1398; x_wconf 86' lang='lat' dir='ltr'><strong>loquuta</strong></span> <span class='ocrx_word' id='word_1_67' title='bbox 701 1319 770 1374; x_wconf 86' lang='lat' dir='ltr'><strong>est:</strong></span> 
     </span>
    </p>
   </div>
   <div class='ocr_carea' id='block_1_5' title="bbox 71 1467 911 1638">
    <p class='ocr_par' dir='ltr' id='par_1_5' title="bbox 71 1467 911 1638">
     <span class='ocr_line' id='line_1_11' title="bbox 71 1467 911 1556; baseline -0.015 -18"><span class='ocrx_word' id='word_1_68' title='bbox 71 1479 103 1538; x_wconf 87' lang='lat' dir='ltr'><strong>Si</strong></span> <span class='ocrx_word' id='word_1_69' title='bbox 118 1479 243 1556; x_wconf 85' lang='lat' dir='ltr'><strong>genitum</strong></span> <span class='ocrx_word' id='word_1_70' title='bbox 258 1475 375 1535; x_wconf 89' lang='lat' dir='ltr'><strong>omnino</strong></span> <span class='ocrx_word' id='word_1_71' title='bbox 389 1470 595 1549; x_wconf 87' lang='lat' dir='ltr'><strong>corrumpitur,</strong></span> <span class='ocrx_word' id='word_1_72' title='bbox 609 1481 667 1526; x_wconf 88' lang='lat' dir='ltr'><strong>non</strong></span> <span class='ocrx_word' id='word_1_73' title='bbox 681 1479 775 1547; x_wconf 91' lang='lat' dir='ltr'><strong>potest</strong></span> <span class='ocrx_word' id='word_1_74' title='bbox 788 1467 911 1528; x_wconf 85' lang='lat' dir='ltr'><strong>hominis</strong></span> 
     </span>
     <span class='ocr_line' id='line_1_12' title="bbox 73 1571 729 1638; baseline -0.017 0"><span class='ocrx_word' id='word_1_75' title='bbox 73 1583 118 1638; x_wconf 82' lang='lat' dir='ltr'><strong>Ex</strong></span> <span class='ocrx_word' id='word_1_76' title='bbox 130 1578 234 1637; x_wconf 90' lang='lat' dir='ltr'><strong>lumbis</strong></span> <span class='ocrx_word' id='word_1_77' title='bbox 247 1589 275 1635; x_wconf 89' lang='lat' dir='ltr'><strong>et</strong></span> <span class='ocrx_word' id='word_1_78' title='bbox 287 1575 405 1634; x_wconf 86' lang='lat' dir='ltr'><strong>matrice</strong></span> <span class='ocrx_word' id='word_1_79' title='bbox 417 1577 495 1631; x_wconf 87' lang='lat' dir='ltr'><strong>Deus</strong></span> <span class='ocrx_word' id='word_1_80' title='bbox 509 1571 647 1628; x_wconf 80' lang='lat' dir='ltr'><strong>formatus</strong></span> <span class='ocrx_word' id='word_1_81' title='bbox 660 1587 729 1627; x_wconf 91' lang='lat' dir='ltr'><strong>esse.</strong></span> 
     </span>
    </p>
   </div>
   <div class='ocr_carea' id='block_1_6' title="bbox 72 1670 1022 3032">
    <p class='ocr_par' dir='ltr' id='par_1_6' title="bbox 73 1670 788 1752">
     <span class='ocr_line' id='line_1_13' title="bbox 73 1670 788 1752; baseline -0.02 -8"><span class='ocrx_word' id='word_1_82' title='bbox 73 1685 129 1742; x_wconf 87' lang='lat' dir='ltr'><strong>Sed</strong></span> <span class='ocrx_word' id='word_1_83' title='bbox 141 1689 219 1742; x_wconf 91' lang='lat' dir='ltr'><strong>Deus</strong></span> <span class='ocrx_word' id='word_1_84' title='bbox 231 1683 318 1752; x_wconf 90' lang='lat' dir='ltr'><strong>solus,</strong></span> <span class='ocrx_word' id='word_1_85' title='bbox 330 1700 414 1750; x_wconf 88' lang='lat' dir='ltr'><strong>unus,</strong></span> <span class='ocrx_word' id='word_1_86' title='bbox 428 1674 644 1745; x_wconf 85' lang='lat' dir='ltr'><strong>excelsissimus,</strong></span> <span class='ocrx_word' id='word_1_87' title='bbox 658 1671 708 1751; x_wconf 90' lang='lat' dir='ltr'><strong>qui</strong></span> <span class='ocrx_word' id='word_1_88' title='bbox 721 1670 788 1731; x_wconf 83' lang='lat' dir='ltr'><strong>lecit</strong></span> 
     </span>
    </p>

    <p class='ocr_par' dir='ltr' id='par_1_7' title="bbox 72 1775 613 1844">
     <span class='ocr_line' id='line_1_14' title="bbox 72 1775 613 1844; baseline -0.018 -4"><span class='ocrx_word' id='word_1_89' title='bbox 72 1783 183 1842; x_wconf 85' lang='lat' dir='ltr'><strong>Coelum</strong></span> <span class='ocrx_word' id='word_1_90' title='bbox 196 1793 224 1838; x_wconf 90' lang='lat' dir='ltr'><strong>ct</strong></span> <span class='ocrx_word' id='word_1_91' title='bbox 235 1782 324 1838; x_wconf 89' lang='lat' dir='ltr'><strong>solem</strong></span> <span class='ocrx_word' id='word_1_92' title='bbox 337 1790 366 1835; x_wconf 89' lang='lat' dir='ltr'><strong>et</strong></span> <span class='ocrx_word' id='word_1_93' title='bbox 378 1788 453 1834; x_wconf 90' lang='lat' dir='ltr'><strong>astra</strong></span> <span class='ocrx_word' id='word_1_94' title='bbox 466 1785 493 1832; x_wconf 91' lang='lat' dir='ltr'><strong>et</strong></span> <span class='ocrx_word' id='word_1_95' title='bbox 505 1775 613 1844; x_wconf 88' lang='lat' dir='ltr'><strong>lunam,</strong></span> 
     </span>
    </p>

    <p class='ocr_par' dir='ltr' id='par_1_8' title="bbox 74 1871 768 1951">
     <span class='ocr_line' id='line_1_15' title="bbox 74 1871 768 1951; baseline -0.013 -12"><span class='ocrx_word' id='word_1_96' title='bbox 74 1881 211 1938; x_wconf 82' lang='lat' dir='ltr'><strong>Fertilem</strong></span> <span class='ocrx_word' id='word_1_97' title='bbox 224 1893 330 1936; x_wconf 87' lang='lat' dir='ltr'><strong>terram</strong></span> <span class='ocrx_word' id='word_1_98' title='bbox 342 1887 370 1932; x_wconf 88' lang='lat' dir='ltr'><strong>et</strong></span> <span class='ocrx_word' id='word_1_99' title='bbox 383 1873 507 1932; x_wconf 90' lang='lat' dir='ltr'><strong>marinas</strong></span> <span class='ocrx_word' id='word_1_100' title='bbox 521 1871 603 1951; x_wconf 88' lang='lat' dir='ltr'><strong>ponti</strong></span> <span class='ocrx_word' id='word_1_101' title='bbox 617 1871 768 1951; x_wconf 90' lang='lat' dir='ltr'><strong>procellas,</strong></span> 
     </span>
    </p>

    <p class='ocr_par' dir='ltr' id='par_1_9' title="bbox 76 1970 882 2050">
     <span class='ocr_line' id='line_1_16' title="bbox 76 1970 882 2050; baseline -0.001 -17"><span class='ocrx_word' id='word_1_102' title='bbox 76 1981 192 2034; x_wconf 84' lang='lat' dir='ltr'><strong>Montes</strong></span> <span class='ocrx_word' id='word_1_103' title='bbox 204 1975 339 2042; x_wconf 86' lang='lat' dir='ltr'><strong>excelsos,</strong></span> <span class='ocrx_word' id='word_1_104' title='bbox 352 1983 381 2028; x_wconf 92' lang='lat' dir='ltr'><strong>et</strong></span> <span class='ocrx_word' id='word_1_105' title='bbox 392 1989 533 2050; x_wconf 89' lang='lat' dir='ltr'><strong>perennes</strong></span> <span class='ocrx_word' id='word_1_106' title='bbox 545 1971 730 2047; x_wconf 85' lang='lat' dir='ltr'><strong>scaturigines</strong></span> <span class='ocrx_word' id='word_1_107' title='bbox 743 1970 863 2031; x_wconf 83' lang='lat' dir='ltr'><strong>sontium</strong></span> <span class='ocrx_word' id='word_1_108' title='bbox 875 1996 882 2031; x_wconf 91' lang='lat'>:</span> 
     </span>
    </p>

    <p class='ocr_par' dir='ltr' id='par_1_10' title="bbox 78 2064 963 2148">
     <span class='ocr_line' id='line_1_17' title="bbox 78 2064 963 2148; baseline -0.001 -20"><span class='ocrx_word' id='word_1_109' title='bbox 78 2071 172 2128; x_wconf 85' lang='lat' dir='ltr'><strong>Etiam</strong></span> <span class='ocrx_word' id='word_1_110' title='bbox 182 2067 353 2148; x_wconf 79' lang='lat' dir='ltr'><strong>¹aquatilium</strong></span> <span class='ocrx_word' id='word_1_111' title='bbox 367 2077 483 2144; x_wconf 87' lang='lat' dir='ltr'><strong>generat</strong></span> <span class='ocrx_word' id='word_1_112' title='bbox 496 2064 731 2123; x_wconf 78' lang='lat' dir='ltr'><strong>innumerabilem</strong></span> <span class='ocrx_word' id='word_1_113' title='bbox 745 2067 963 2141; x_wconf 86' lang='lat' dir='ltr'><strong>multitudinem,</strong></span> 
     </span>
    </p>

    <p class='ocr_par' dir='ltr' id='par_1_11' title="bbox 78 2163 1022 2637">
     <span class='ocr_line' id='line_1_18' title="bbox 79 2163 1022 2248; baseline 0.001 -22"><span class='ocrx_word' id='word_1_114' title='bbox 79 2172 115 2226; x_wconf 88' lang='lat' dir='ltr'><strong>Et</strong></span> <span class='ocrx_word' id='word_1_115' title='bbox 127 2170 236 2248; x_wconf 89' lang='lat' dir='ltr'><strong>reptilia</strong></span> <span class='ocrx_word' id='word_1_116' title='bbox 248 2168 354 2247; x_wconf 85' lang='lat' dir='ltr'><strong>quaein</strong></span> <span class='ocrx_word' id='word_1_117' title='bbox 368 2178 445 2224; x_wconf 88' lang='lat' dir='ltr'><strong>terra</strong></span> <span class='ocrx_word' id='word_1_118' title='bbox 454 2177 606 2222; x_wconf 88' lang='lat' dir='ltr'><strong>moventur</strong></span> <span class='ocrx_word' id='word_1_119' title='bbox 616 2175 643 2221; x_wconf 92' lang='lat' dir='ltr'><strong>et</strong></span> <span class='ocrx_word' id='word_1_120' title='bbox 655 2165 683 2220; x_wconf 92' lang='lat' dir='ltr'><strong>in</strong></span> <span class='ocrx_word' id='word_1_121' title='bbox 695 2163 819 2224; x_wconf 89' lang='lat' dir='ltr'><strong>humidis</strong></span> <span class='ocrx_word' id='word_1_122' title='bbox 828 2167 904 2240; x_wconf 91' lang='lat' dir='ltr'><strong>locis,</strong></span> <span class='ocrx_word' id='word_1_123' title='bbox 915 2169 1022 2240; x_wconf 89' lang='lat' dir='ltr'><strong>nutrit;</strong></span> 
     </span>
     <span class='ocr_line' id='line_1_19' title="bbox 78 2264 968 2343; baseline 0.002 -18"><span class='ocrx_word' id='word_1_124' title='bbox 78 2270 166 2327; x_wconf 82' lang='lat' dir='ltr'><strong>Varia</strong></span> <span class='ocrx_word' id='word_1_125' title='bbox 177 2266 414 2337; x_wconf 76' lang='lat' dir='ltr'><strong>etiam‘animalia,</strong></span> <span class='ocrx_word' id='word_1_126' title='bbox 426 2264 553 2322; x_wconf 81' lang='lat' dir='ltr'><strong>suaviter</strong></span> <span class='ocrx_word' id='word_1_127' title='bbox 564 2264 724 2322; x_wconf 81' lang='lat' dir='ltr'><strong>resonantia</strong></span> <span class='ocrx_word' id='word_1_128' title='bbox 735 2277 762 2322; x_wconf 93' lang='lat' dir='ltr'><strong>et</strong></span> <span class='ocrx_word' id='word_1_129' title='bbox 773 2265 968 2343; x_wconf 83' lang='lat' dir='ltr'><strong>balbutientia,</strong></span> 
     </span>
     <span class='ocr_line' id='line_1_20' title="bbox 79 2362 975 2440; baseline -0.003 -15"><span class='ocrx_word' id='word_1_130' title='bbox 79 2367 212 2438; x_wconf 91' lang='lat' dir='ltr'><strong>Pulchra,</strong></span> <span class='ocrx_word' id='word_1_131' title='bbox 224 2366 276 2425; x_wconf 89' lang='lat' dir='ltr'><strong>alis</strong></span> <span class='ocrx_word' id='word_1_132' title='bbox 291 2365 375 2423; x_wconf 88' lang='lat' dir='ltr'><strong>dulce</strong></span> <span class='ocrx_word' id='word_1_133' title='bbox 386 2362 541 2440; x_wconf 85' lang='lat' dir='ltr'><strong>crepantia,</strong></span> <span class='ocrx_word' id='word_1_134' title='bbox 555 2373 584 2419; x_wconf 88' lang='lat' dir='ltr'><strong>et</strong></span> <span class='ocrx_word' id='word_1_135' title='bbox 595 2379 689 2418; x_wconf 90' lang='lat' dir='ltr'><strong>aerem</strong></span> <span class='ocrx_word' id='word_1_136' title='bbox 701 2363 801 2439; x_wconf 89' lang='lat' dir='ltr'><strong>pennis</strong></span> <span class='ocrx_word' id='word_1_137' title='bbox 813 2364 975 2424; x_wconf 85' lang='lat' dir='ltr'><strong>turbantia:</strong></span> 
     </span>
     <span class='ocr_line' id='line_1_21' title="bbox 80 2459 1022 2539; baseline 0.003 -18"><span class='ocrx_word' id='word_1_138' title='bbox 80 2469 116 2521; x_wconf 91' lang='lat' dir='ltr'><strong>In</strong></span> <span class='ocrx_word' id='word_1_139' title='bbox 127 2463 246 2522; x_wconf 90' lang='lat' dir='ltr'><strong>saltibus</strong></span> <span class='ocrx_word' id='word_1_140' title='bbox 259 2475 354 2520; x_wconf 90' lang='lat' dir='ltr'><strong>autem</strong></span> <span class='ocrx_word' id='word_1_141' title='bbox 367 2460 505 2518; x_wconf 90' lang='lat' dir='ltr'><strong>montium</strong></span> <span class='ocrx_word' id='word_1_142' title='bbox 519 2459 657 2534; x_wconf 82' lang='lat' dir='ltr'><strong>sylvestre</strong></span> <span class='ocrx_word' id='word_1_143' title='bbox 669 2478 756 2535; x_wconf 92' lang='lat' dir='ltr'><strong>genus</strong></span> <span class='ocrx_word' id='word_1_144' title='bbox 770 2463 866 2539; x_wconf 90' lang='lat' dir='ltr'><strong>posuit</strong></span> <span class='ocrx_word' id='word_1_145' title='bbox 879 2464 1022 2524; x_wconf 83' lang='lat' dir='ltr'><strong>serarum:</strong></span> 
     </span>
     <span class='ocr_line' id='line_1_22' title="bbox 83 2555 762 2637; baseline -0.004 -18"><span class='ocrx_word' id='word_1_146' title='bbox 83 2560 175 2619; x_wconf 87' lang='lat' dir='ltr'><strong>Nobis</strong></span> <span class='ocrx_word' id='word_1_147' title='bbox 186 2559 315 2637; x_wconf 85' lang='lat' dir='ltr'><strong>jumenta</strong></span> <span class='ocrx_word' id='word_1_148' title='bbox 328 2557 450 2634; x_wconf 88' lang='lat' dir='ltr'><strong>subjecit</strong></span> <span class='ocrx_word' id='word_1_149' title='bbox 464 2556 558 2614; x_wconf 85' lang='lat' dir='ltr'><strong>omnia</strong></span> <span class='ocrx_word' id='word_1_150' title='bbox 573 2555 762 2616; x_wconf 88' lang='lat' dir='ltr'><strong>mortalibus:</strong></span> 
     </span>
    </p>

    <p class='ocr_par' dir='ltr' id='par_1_12' title="bbox 80 2653 798 2734">
     <span class='ocr_line' id='line_1_23' title="bbox 80 2653 798 2734; baseline -0.004 -19"><span class='ocrx_word' id='word_1_151' title='bbox 80 2657 275 2734; x_wconf 88' lang='lat' dir='ltr'><strong>Omniumque</strong></span> <span class='ocrx_word' id='word_1_152' title='bbox 290 2654 391 2713; x_wconf 90' lang='lat' dir='ltr'><strong>ducem</strong></span> <span class='ocrx_word' id='word_1_153' title='bbox 407 2653 553 2711; x_wconf 91' lang='lat' dir='ltr'><strong>constituit</strong></span> <span class='ocrx_word' id='word_1_154' title='bbox 566 2671 583 2709; x_wconf 91' lang='lat' dir='ltr'><strong>a</strong></span> <span class='ocrx_word' id='word_1_155' title='bbox 598 2672 628 2710; x_wconf 90' lang='lat' dir='ltr'><strong>se</strong></span> <span class='ocrx_word' id='word_1_156' title='bbox 644 2653 798 2726; x_wconf 89' lang='lat' dir='ltr'><strong>conditum,</strong></span> 
     </span>
    </p>

    <p class='ocr_par' dir='ltr' id='par_1_13' title="bbox 81 2752 896 2834">
     <span class='ocr_line' id='line_1_24' title="bbox 81 2752 896 2834; baseline 0.001 -20"><span class='ocrx_word' id='word_1_157' title='bbox 81 2757 212 2834; x_wconf 85' lang='lat' dir='ltr'><strong>Viroqne</strong></span> <span class='ocrx_word' id='word_1_158' title='bbox 225 2754 346 2832; x_wconf 87' lang='lat' dir='ltr'><strong>subjecit</strong></span> <span class='ocrx_word' id='word_1_159' title='bbox 362 2752 517 2812; x_wconf 88' lang='lat' dir='ltr'><strong>admodum</strong></span> <span class='ocrx_word' id='word_1_160' title='bbox 530 2752 610 2809; x_wconf 82' lang='lat' dir='ltr'><strong>varia</strong></span> <span class='ocrx_word' id='word_1_161' title='bbox 626 2763 654 2808; x_wconf 91' lang='lat' dir='ltr'><strong>et</strong></span> <span class='ocrx_word' id='word_1_162' title='bbox 669 2754 896 2815; x_wconf 89' lang='lat' dir='ltr'><strong>innumerabilia.</strong></span> 
     </span>
    </p>

    <p class='ocr_par' dir='ltr' id='par_1_14' title="bbox 80 2849 986 3032">
     <span class='ocr_line' id='line_1_25' title="bbox 80 2849 986 2931; baseline -0.001 -19"><span class='ocrx_word' id='word_1_163' title='bbox 80 2857 156 2912; x_wconf 87' lang='lat' dir='ltr'><strong>Nam</strong></span> <span class='ocrx_word' id='word_1_164' title='bbox 169 2874 233 2930; x_wconf 87' lang='lat' dir='ltr'><strong>quae</strong></span> <span class='ocrx_word' id='word_1_165' title='bbox 249 2853 412 2911; x_wconf 86' lang='lat' dir='ltr'><strong>mortalium</strong></span> <span class='ocrx_word' id='word_1_166' title='bbox 427 2869 494 2908; x_wconf 90' lang='lat' dir='ltr'><strong>caro</strong></span> <span class='ocrx_word' id='word_1_167' title='bbox 508 2849 570 2906; x_wconf 84' lang='lat' dir='ltr'><strong>baec</strong></span> <span class='ocrx_word' id='word_1_168' title='bbox 583 2849 677 2906; x_wconf 89' lang='lat' dir='ltr'><strong>omnia</strong></span> <span class='ocrx_word' id='word_1_169' title='bbox 690 2869 860 2927; x_wconf 88' lang='lat' dir='ltr'><strong>cognoscere</strong></span> <span class='ocrx_word' id='word_1_170' title='bbox 875 2855 986 2931; x_wconf 78' lang='lat' dir='ltr'><strong>potest?</strong></span> 
     </span>
     <span class='ocr_line' id='line_1_26' title="bbox 82 2945 781 3032; baseline -0.004 -20"><span class='ocrx_word' id='word_1_171' title='bbox 82 2953 141 3012; x_wconf 89' lang='lat' dir='ltr'><strong>Sed</strong></span> <span class='ocrx_word' id='word_1_172' title='bbox 155 2955 216 3032; x_wconf 90' lang='lat' dir='ltr'><strong>ipse</strong></span> <span class='ocrx_word' id='word_1_173' title='bbox 229 2955 307 3012; x_wconf 91' lang='lat' dir='ltr'><strong>solus</strong></span> <span class='ocrx_word' id='word_1_174' title='bbox 320 2952 401 3009; x_wconf 80' lang='lat' dir='ltr'><strong>novit</strong></span> <span class='ocrx_word' id='word_1_175' title='bbox 417 2951 467 3027; x_wconf 94' lang='lat' dir='ltr'><strong>qui</strong></span> <span class='ocrx_word' id='word_1_176' title='bbox 483 2949 550 3006; x_wconf 83' lang='lat' dir='ltr'><strong>fecit</strong></span> <span class='ocrx_word' id='word_1_177' title='bbox 563 2949 625 3007; x_wconf 76' lang='lat' dir='ltr'><strong>hnc</strong></span> <span class='ocrx_word' id='word_1_178' title='bbox 639 2945 675 3006; x_wconf 88' lang='lat' dir='ltr'><strong>ab</strong></span> <span class='ocrx_word' id='word_1_179' title='bbox 688 2950 781 3024; x_wconf 88' lang='lat' dir='ltr'><strong>initio,</strong></span> 
     </span>
    </p>
   </div>
   <div class='ocr_carea' id='block_1_7' title="bbox 82 3047 871 3223">
    <p class='ocr_par' dir='ltr' id='par_1_15' title="bbox 82 3047 871 3223">
     <span class='ocr_line' id='line_1_27' title="bbox 82 3047 861 3129; baseline 0 -19"><span class='ocrx_word' id='word_1_180' title='bbox 82 3057 283 3129; x_wconf 89' lang='lat' dir='ltr'><strong>Incorruptus,</strong></span> <span class='ocrx_word' id='word_1_181' title='bbox 297 3061 418 3120; x_wconf 88' lang='lat' dir='ltr'><strong>creator,</strong></span> <span class='ocrx_word' id='word_1_182' title='bbox 430 3059 561 3119; x_wconf 84' lang='lat' dir='ltr'><strong>aeternus,</strong></span> <span class='ocrx_word' id='word_1_183' title='bbox 574 3049 680 3106; x_wconf 86' lang='lat' dir='ltr'><strong>aethcra</strong></span> <span class='ocrx_word' id='word_1_184' title='bbox 692 3047 861 3122; x_wconf 88' lang='lat' dir='ltr'><strong>inhabitans,</strong></span> 
     </span>
     <span class='ocr_line' id='line_1_28' title="bbox 85 3143 871 3223; baseline 0.003 -19"><span class='ocrx_word' id='word_1_185' title='bbox 85 3145 173 3204; x_wconf 89' lang='lat' dir='ltr'><strong>Bonis</strong></span> <span class='ocrx_word' id='word_1_186' title='bbox 184 3145 289 3203; x_wconf 90' lang='lat' dir='ltr'><strong>bonam</strong></span> <span class='ocrx_word' id='word_1_187' title='bbox 303 3146 452 3223; x_wconf 81' lang='lat' dir='ltr'><strong>proferens</strong></span> <span class='ocrx_word' id='word_1_188' title='bbox 465 3155 494 3201; x_wconf 91' lang='lat' dir='ltr'><strong>et</strong></span> <span class='ocrx_word' id='word_1_189' title='bbox 505 3144 691 3221; x_wconf 89' lang='lat' dir='ltr'><strong>multiplicem</strong></span> <span class='ocrx_word' id='word_1_190' title='bbox 702 3143 871 3220; x_wconf 85' lang='lat' dir='ltr'><strong>mercedem,</strong></span> 
     </span>
    </p>
   </div>
   <div class='ocr_carea' id='block_1_8' title="bbox 85 3240 950 3916">
    <p class='ocr_par' dir='ltr' id='par_1_16' title="bbox 85 3240 913 3426">
     <span class='ocr_line' id='line_1_29' title="bbox 85 3240 913 3318; baseline 0.004 -18"><span class='ocrx_word' id='word_1_191' title='bbox 85 3249 122 3301; x_wconf 90' lang='lat' dir='ltr'><strong>In</strong></span> <span class='ocrx_word' id='word_1_192' title='bbox 135 3243 223 3300; x_wconf 87' lang='lat' dir='ltr'><strong>malos</strong></span> <span class='ocrx_word' id='word_1_193' title='bbox 236 3255 330 3300; x_wconf 85' lang='lat' dir='ltr'><strong>autem</strong></span> <span class='ocrx_word' id='word_1_194' title='bbox 344 3254 372 3300; x_wconf 95' lang='lat' dir='ltr'><strong>et</strong></span> <span class='ocrx_word' id='word_1_195' title='bbox 385 3240 505 3318; x_wconf 89' lang='lat' dir='ltr'><strong>injustos</strong></span> <span class='ocrx_word' id='word_1_196' title='bbox 515 3241 587 3298; x_wconf 89' lang='lat' dir='ltr'><strong>iram</strong></span> <span class='ocrx_word' id='word_1_197' title='bbox 601 3252 629 3298; x_wconf 91' lang='lat' dir='ltr'><strong>et</strong></span> <span class='ocrx_word' id='word_1_198' title='bbox 641 3243 766 3300; x_wconf 85' lang='lat' dir='ltr'><strong>furorem</strong></span> <span class='ocrx_word' id='word_1_199' title='bbox 779 3245 913 3316; x_wconf 86' lang='lat' dir='ltr'><strong>excitans,</strong></span> 
     </span>
     <span class='ocr_line' id='line_1_30' title="bbox 86 3340 765 3426; baseline 0.003 -26"><span class='ocrx_word' id='word_1_200' title='bbox 86 3345 125 3400; x_wconf 89' lang='lat' dir='ltr'><strong>Et</strong></span> <span class='ocrx_word' id='word_1_201' title='bbox 138 3341 245 3426; x_wconf 74' lang='lat' dir='ltr'><strong>bellum</strong></span> <span class='ocrx_word' id='word_1_202' title='bbox 257 3354 286 3400; x_wconf 90' lang='lat' dir='ltr'><strong>et</strong></span> <span class='ocrx_word' id='word_1_203' title='bbox 297 3353 406 3420; x_wconf 90' lang='lat' dir='ltr'><strong>pestem</strong></span> <span class='ocrx_word' id='word_1_204' title='bbox 418 3352 446 3397; x_wconf 88' lang='lat' dir='ltr'><strong>ct</strong></span> <span class='ocrx_word' id='word_1_205' title='bbox 459 3340 571 3399; x_wconf 85' lang='lat' dir='ltr'><strong>dolores</strong></span> <span class='ocrx_word' id='word_1_206' title='bbox 581 3342 765 3417; x_wconf 89' lang='lat' dir='ltr'><strong>lacrymosos.</strong></span> 
     </span>
    </p>

    <p class='ocr_par' dir='ltr' id='par_1_17' title="bbox 86 3439 802 3519">
     <span class='ocr_line' id='line_1_31' title="bbox 86 3439 802 3519; baseline 0.001 -20"><span class='ocrx_word' id='word_1_207' title='bbox 86 3441 225 3501; x_wconf 86' lang='lat' dir='ltr'><strong>Homines</strong></span> <span class='ocrx_word' id='word_1_208' title='bbox 237 3439 308 3519; x_wconf 87' lang='lat' dir='ltr'><strong>quid</strong></span> <span class='ocrx_word' id='word_1_209' title='bbox 322 3441 427 3498; x_wconf 80' lang='lat' dir='ltr'><strong>frustra</strong></span> <span class='ocrx_word' id='word_1_210' title='bbox 438 3439 525 3496; x_wconf 91' lang='lat' dir='ltr'><strong>erecti</strong></span> <span class='ocrx_word' id='word_1_211' title='bbox 539 3439 673 3498; x_wconf 86' lang='lat' dir='ltr'><strong>radicitus</strong></span> <span class='ocrx_word' id='word_1_212' title='bbox 684 3443 802 3519; x_wconf 80' lang='lat' dir='ltr'><strong>peritis?</strong></span> 
     </span>
    </p>

    <p class='ocr_par' dir='ltr' id='par_1_18' title="bbox 85 3541 950 3819">
     <span class='ocr_line' id='line_1_32' title="bbox 85 3541 895 3602; baseline 0.002 -2"><span class='ocrx_word' id='word_1_213' title='bbox 85 3541 195 3600; x_wconf 87' lang='lat' dir='ltr'><strong>Pudeat</strong></span> <span class='ocrx_word' id='word_1_214' title='bbox 207 3561 259 3600; x_wconf 85' lang='lat' dir='ltr'><strong>vos</strong></span> <span class='ocrx_word' id='word_1_215' title='bbox 270 3543 339 3600; x_wconf 87' lang='lat' dir='ltr'><strong>seles</strong></span> <span class='ocrx_word' id='word_1_216' title='bbox 350 3554 378 3598; x_wconf 90' lang='lat' dir='ltr'><strong>et</strong></span> <span class='ocrx_word' id='word_1_217' title='bbox 389 3541 520 3600; x_wconf 88' lang='lat' dir='ltr'><strong>animalia</strong></span> <span class='ocrx_word' id='word_1_218' title='bbox 531 3542 637 3600; x_wconf 88' lang='lat' dir='ltr'><strong>insecta</strong></span> <span class='ocrx_word' id='word_1_219' title='bbox 647 3543 677 3599; x_wconf 93' lang='lat' dir='ltr'><strong>in</strong></span> <span class='ocrx_word' id='word_1_220' title='bbox 689 3543 758 3601; x_wconf 92' lang='lat' dir='ltr'><strong>deos</strong></span> <span class='ocrx_word' id='word_1_221' title='bbox 769 3545 877 3602; x_wconf 79' lang='lat' dir='ltr'><strong>referre</strong></span> <span class='ocrx_word' id='word_1_222' title='bbox 888 3565 895 3602; x_wconf 72' lang='grc' dir='ltr'><strong><em>ε</em></strong></span> 
     </span>
     <span class='ocr_line' id='line_1_33' title="bbox 87 3637 950 3702; baseline 0.005 -5"><span class='ocrx_word' id='word_1_223' title='bbox 87 3642 190 3698; x_wconf 86' lang='lat' dir='ltr'><strong>Nonne</strong></span> <span class='ocrx_word' id='word_1_224' title='bbox 201 3639 231 3697; x_wconf 92' lang='lat' dir='ltr'><strong>id</strong></span> <span class='ocrx_word' id='word_1_225' title='bbox 244 3640 327 3696; x_wconf 81' lang='lat' dir='ltr'><strong>furor</strong></span> <span class='ocrx_word' id='word_1_226' title='bbox 340 3650 382 3696; x_wconf 86' lang='lat' dir='ltr'><strong>est</strong></span> <span class='ocrx_word' id='word_1_227' title='bbox 394 3650 422 3695; x_wconf 91' lang='lat' dir='ltr'><strong>et</strong></span> <span class='ocrx_word' id='word_1_228' title='bbox 436 3637 529 3696; x_wconf 85' lang='lat' dir='ltr'><strong>rabies</strong></span> <span class='ocrx_word' id='word_1_229' title='bbox 540 3640 700 3697; x_wconf 89' lang='lat' dir='ltr'><strong>animorum</strong></span> <span class='ocrx_word' id='word_1_230' title='bbox 711 3654 740 3698; x_wconf 92' lang='lat' dir='ltr'><strong>et</strong></span> <span class='ocrx_word' id='word_1_231' title='bbox 750 3643 837 3700; x_wconf 88' lang='lat' dir='ltr'><strong>stulta</strong></span> <span class='ocrx_word' id='word_1_232' title='bbox 846 3645 950 3702; x_wconf 83' lang='lat' dir='ltr'><strong>onera?</strong></span> 
     </span>
     <span class='ocr_line' id='line_1_34' title="bbox 86 3737 710 3819; baseline 0 -23"><span class='ocrx_word' id='word_1_233' title='bbox 86 3743 196 3797; x_wconf 86' lang='lat' dir='ltr'><strong>Lances</strong></span> <span class='ocrx_word' id='word_1_234' title='bbox 209 3740 341 3797; x_wconf 79' lang='lat' dir='ltr'><strong>furantur</strong></span> <span class='ocrx_word' id='word_1_235' title='bbox 355 3737 405 3810; x_wconf 90' lang='lat' dir='ltr'><strong>dii,</strong></span> <span class='ocrx_word' id='word_1_236' title='bbox 417 3739 545 3817; x_wconf 85' lang='lat' dir='ltr'><strong>ollasque</strong></span> <span class='ocrx_word' id='word_1_237' title='bbox 559 3738 710 3819; x_wconf 80' lang='lat' dir='ltr'><strong>diripiunt!</strong></span> 
     </span>
    </p>

    <p class='ocr_par' dir='ltr' id='par_1_19' title="bbox 89 3835 879 3916">
     <span class='ocr_line' id='line_1_35' title="bbox 89 3835 879 3916; baseline 0.003 -20"><span class='ocrx_word' id='word_1_238' title='bbox 89 3842 202 3896; x_wconf 87' lang='lat' dir='ltr'><strong>Etcum</strong></span> <span class='ocrx_word' id='word_1_239' title='bbox 215 3849 346 3896; x_wconf 88' lang='lat' dir='ltr'><strong>auratum</strong></span> <span class='ocrx_word' id='word_1_240' title='bbox 358 3837 461 3895; x_wconf 84' lang='lat' dir='ltr'><strong>coelum</strong></span> <span class='ocrx_word' id='word_1_241' title='bbox 472 3847 501 3894; x_wconf 89' lang='lat' dir='ltr'><strong>et</strong></span> <span class='ocrx_word' id='word_1_242' title='bbox 512 3837 618 3916; x_wconf 87' lang='lat' dir='ltr'><strong>pingue</strong></span> <span class='ocrx_word' id='word_1_243' title='bbox 630 3839 723 3896; x_wconf 89' lang='lat' dir='ltr'><strong>colere</strong></span> <span class='ocrx_word' id='word_1_244' title='bbox 734 3835 879 3913; x_wconf 85' lang='lat' dir='ltr'><strong>deberent,</strong></span> 
     </span>
    </p>
   </div>
   <div class='ocr_carea' id='block_1_9' title="bbox 88 3937 840 4018">
    <p class='ocr_par' dir='ltr' id='par_1_20' title="bbox 88 3937 840 4018">
     <span class='ocr_line' id='line_1_36' title="bbox 88 3937 840 4018; baseline 0.005 -23"><span class='ocrx_word' id='word_1_245' title='bbox 88 3937 242 4000; x_wconf 73' lang='lat' dir='ltr'><strong>vermibus</strong></span> <span class='ocrx_word' id='word_1_246' title='bbox 254 3958 338 4000; x_wconf 71' lang='lat' dir='ltr'><strong>exem</strong></span> <span class='ocrx_word' id='word_1_247' title='bbox 351 3939 517 4018; x_wconf 77' lang='lat' dir='ltr'><strong>respiciunt,</strong></span> <span class='ocrx_word' id='word_1_248' title='bbox 528 3951 557 3998; x_wconf 90' lang='lat' dir='ltr'><strong>et</strong></span> <span class='ocrx_word' id='word_1_249' title='bbox 568 3939 679 3998; x_wconf 88' lang='lat' dir='ltr'><strong>araneis</strong></span> <span class='ocrx_word' id='word_1_250' title='bbox 689 3945 840 4018; x_wconf 81' lang='lat' dir='ltr'><strong>praetexta!</strong></span> 
     </span>
    </p>
   </div>
   <div class='ocr_carea' id='block_1_10' title="bbox 0 0 1338 4620">
    <p class='ocr_par' dir='ltr' id='par_1_21' title="bbox 0 0 1338 4620">
     <span class='ocr_line' id='line_1_37' title="bbox 0 0 1338 4620; baseline 0 0"><span class='ocrx_word' id='word_1_251' title='bbox 0 0 1338 4620; x_wconf 95' lang='lat' dir='ltr'><strong> </strong></span> 
     </span>
    </p>
   </div>
  </div>
 </body>
</html>
