2688 4626
309 237 349 281 na
372 235 533 280 naariam
555 235 669 279 saacrr
692 230 876 276 rotrcsarr.
1047 203 1106 287 ¹47

111 341 205 410 XVI.
220 339 365 408 Tandem
381 341 478 431 igitur
492 352 657 408 cernentes
672 338 823 428 improbi,
837 355 953 424 corpus
964 331 1058 422 ipsius
1069 329 1108 396 ab

61 453 144 540 igne
170 475 235 518 non
257 474 352 540 possa
374 452 534 527 consumi,
559 451 721 538 jusserunt
747 445 965 514 confectorem
984 441 1111 530 propius

61 561 245 640 accedere,
267 563 507 650 pugionemque
528 558 642 649 capulo
661 569 753 624 tenus
772 556 903 622 abdere.
923 551 1019 632 Quod
1040 573 1114 617 eum

62 669 125 737 ille
142 671 288 745 lecisset,
302 693 427 760 egressa
443 681 492 734 est
507 667 667 742 columba,
683 667 760 732 item
777 676 863 730 tanta
879 663 926 728 ris
942 658 1114 749 sanguinis,

64 790 110 842 ut
126 780 239 868 ignem
255 781 481 868 exstingueret,
498 791 596 867 utque
610 778 751 844 universa
766 775 857 865 plebs
868 775 1039 840 miraretur
1049 783 1117 838 tan-

65 899 150 954 tum
165 911 236 954 esse
248 889 416 954 discrimen
431 885 666 954 interinlideles
677 883 854 952 scelestos.
872 883 1019 962 Quorum
1031 903 1115 948 unus

66 993 132 1060 hic
147 994 222 1071 fuit,
238 995 374 1074 maxime
387 993 591 1060 admirandus
605 1005 726 1080 martyr
740 991 949 1079 Polycarpus,
966 990 1020 1077 qui
1036 1012 1114 1056 nos-

67 1103 132 1168 tris
155 1106 356 1193 temporibus
377 1103 567 1192 apostolicus
583 1116 616 1168 et
634 1101 841 1192 propheticus
861 1101 975 1167 doctor
995 1100 1111 1174 extitit,

66 1223 172 1301 atque
187 1213 353 1280 catholicae
368 1213 570 1300 smyrnensis
590 1211 733 1279 ecclesiae
748 1213 927 1300 episeopus.
954 1208 1060 1276 Omne
1075 1209 1113 1273 si-

67 1322 205 1409 quidem
221 1325 354 1391 verbum
370 1323 456 1411 quod
466 1347 524 1392 ore
534 1345 593 1388 suo
605 1323 722 1400 emisit,
735 1332 791 1388 aut
801 1319 971 1410 impletum
985 1331 1045 1394 est,
1058 1331 1113 1384 aut

67 1431 269 1521 implebitur.

115 1539 225 1607 XVll.
244 1541 309 1608 Sed
323 1565 398 1608 oum
412 1541 548 1608 aemulus
563 1539 616 1607 ille
630 1565 669 1608 ac
683 1540 810 1608 invidus
829 1553 862 1606 et
881 1539 997 1618 malus,
1015 1541 1117 1628 justo-

68 1673 215 1738 rumque
229 1651 338 1739 generi
351 1649 516 1724 adversus,
528 1662 674 1716 cerneret
685 1650 809 1736 insigne
819 1645 903 1712 illius
913 1648 1117 1734 martyrium,

67 1757 252 1852 moresque
267 1765 307 1830 ab
321 1764 452 1828 ineunte
465 1772 559 1826 aetate
574 1759 825 1848 irreprehensos,
840 1771 873 1824 et
888 1757 979 1824 illum
991 1759 1120 1824 immor-

70 1871 214 1939 talitatis
229 1893 349 1937 corona
363 1869 562 1945 redimitum,
577 1869 807 1956 praemiumque
824 1869 1047 1934 controversiae
1062 1891 1123 1954 ex7

68 2003 159 2070 pers
175 1991 370 2070 reportasse;
389 2001 520 2067 operam
538 1979 624 2046 dedit
637 2001 677 2044 na
693 1977 831 2066 reliquiae
842 1979 911 2066 ejus
926 2001 944 2041 a
960 1977 1052 2043 nobis
1064 2001 1118 2044 aa·

71 2091 276 2156 ferrentur:
302 2088 444 2177 quamvis
464 2085 555 2156 multi
579 2088 611 2153 id
632 2088 737 2154 lacere
758 2099 923 2175 cuperent,
947 2098 980 2152 et
1003 2098 1115 2155 sancto

70 2197 163 2265 illius
179 2197 307 2286 corpori
323 2197 568 2264 communicare.
588 2195 750 2286 Suggessit
763 2218 839 2285 ergo
851 2195 968 2264 Nicatae
980 2197 1115 2262 Herodis

69 2307 172 2398 patri,
188 2306 278 2372 fratri
293 2318 400 2373 antam
415 2305 521 2382 Alcas,
535 2305 621 2371 adire
632 2303 872 2393 proconsulem,
887 2295 928 2371 ne
944 2329 1062 2394 eorpus
1074 2304 1115 2370 il-

73 2417 139 2483 iius
154 2417 195 2482 ad
209 2416 425 2504 sepeliendum
441 2416 596 2488 traderet:
615 2437 668 2490 ne,
686 2417 799 2504 inquit,
822 2413 936 2482 relicto
948 2415 1113 2483 Crucifirro
1145 2493 1149 2502 .

80 2528 171 2592 bunc
184 2525 283 2592 colere
293 2527 457 2614 incipiant.
473 2527 577 2614 Atque
592 2525 661 2592 haec
672 2527 813 2604 aiebant,
827 2527 1071 2616 suggerentibus
1083 2539 1115 2590 rt

77 2635 265 2701 instantibus
283 2634 420 2710 ludaeis,
441 2635 497 2721 qui
513 2635 610 2716 etiam
628 2657 686 2700 nos
705 2636 966 2708 observaverant,
985 2657 1062 2700 eum
1076 2657 1116 2698 ex

75 2748 149 2836 igne
161 2755 366 2811 extracturos.
382 2742 487 2832 lgnari
503 2743 591 2832 quod
604 2763 665 2808 nec
684 2742 850 2808 Christum
867 2765 1011 2830 unquam
1027 2743 1116 2810 dera-

74 2855 219 2942 linquere
240 2855 435 2944 poterimus,
459 2853 514 2941 qui
535 2876 595 2941 pro
617 2851 718 2918 salute
740 2852 888 2918 omnium
915 2851 969 2938 qui
992 2852 1024 2918 in
1047 2864 1114 2918 toto

72 2947 199 3034 mundo
215 2963 292 3029 salvi
307 2961 386 3028 liant
396 2983 507 3050 passus
518 2972 581 3032 est:
597 2958 790 3047 inculpatus,
802 2982 862 3047 pro
874 2962 1112 3047 peccatoribus;

73 3097 140 3141 nec
151 3072 249 3138 alium
260 3092 452 3158 quemqnam
461 3065 577 3135 colere.
589 3065 684 3136 lllum
695 3067 864 3155 siquidem,
877 3078 987 3155 utpote
998 3067 1115 3134 Filium

75 3184 154 3257 Dei,
167 3181 354 3246 adoramus:
372 3189 528 3266 martyres
541 3200 616 3244 vero
630 3190 782 3265 tanquam
794 3177 923 3244 Domini
942 3177 1112 3266 discipulos

75 3306 112 3359 rt
129 3291 320 3364 imitatores,
334 3289 448 3354 merito
465 3285 634 3374 diligimus,
651 3297 782 3378 propter
795 3284 928 3352 illorum
938 3305 1011 3374 erga
1023 3310 1116 3353 suum

47 3377 53 3394 ³
76 3419 243 3491 regemne
258 3395 446 3484 magistrum
456 3393 708 3460 benevolentiam
718 3394 890 3460 eximiam:
909 3415 1044 3480 quorum
1060 3397 1117 3462 uti·
1138 3395 1143 3410 '

75 3519 199 3582 namet
215 3528 276 3572 nos
291 3502 407 3570 fiamus
422 3511 583 3567 consortes
601 3523 640 3566 ae
653 3499 875 3588 condiscipuli.

119 3615 239 3685 XVlll.
257 3611 378 3679 Videns
393 3620 502 3674 autem
518 3609 662 3674 centurio
678 3630 696 3672 a
716 3607 835 3674 Judaeis
858 3619 961 3676 ortam
976 3629 1111 3686 conten-

78 3729 207 3798 tionem,
225 3743 344 3810 corpus
366 3720 399 3788 in
419 3716 527 3783 medio
543 3715 623 3805 ignis
638 3716 778 3804 positum
797 3711 923 3785 exussit.
943 3721 1046 3814 Atque
1067 3729 1110 3794 ira

79 3861 132 3905 nos
145 3847 255 3926 postea
271 3853 341 3900 ossa
358 3826 442 3896 illius
457 3827 592 3918 gemmis
603 3827 835 3918 pretiosissimis
850 3834 1066 3920 exquisitiora,
1080 3851 1113 3904 et

881 3967 928 4008 ιο.
