2786 4666
239 220 280 297 dc
464 277 468 284 ,
597 238 709 282 suucut
735 237 907 282 conuensis

283 341 341 412 lX.
363 341 470 422 Quoue
491 342 676 410 obediamus
694 341 871 431 magnifice
892 355 926 410 et
944 340 1087 432 gloriosae
1108 339 1194 408 illius
1223 359 1308 404 vo-

240 450 354 518 luctati
360 474 370 524 ι
385 462 418 516 et
428 450 584 540 supplices
600 450 682 518 illius
698 452 921 520 misericoidiae
932 476 971 520 ac
985 451 1186 543 benignitati,
1199 467 1308 539 pm
1372 435 1389 470 '³

240 560 438 633 cidumus,et
450 561 722 628 conventamuued
733 560 950 626 miserationes
962 561 1043 646 ejus,
1053 554 1308 626 'relictisvanis
1376 568 1381 651 1

243 669 405 756 operibus,
426 669 645 744 contentione,
663 681 696 734 et
718 673 788 756 quea
811 669 853 734 ad
872 679 1010 734 montem
1028 667 1119 734 ducit
1139 662 1308 732 amula-

241 777 338 842 tione.
354 775 438 865 Fictis
453 775 554 844 oculis
568 799 623 842 eos
636 777 817 842 intueamur
828 776 882 864 qui
897 774 1072 864 magnificae
1083 774 1155 862 ejus
1166 771 1305 862 glorias

243 884 383 972 perfecte
403 885 587 952 servierunt.
614 883 815 972 Accipimus
837 882 1041 956 Henocbum‚
1065 881 1173 968 quiin
1195 881 1304 946 obe-

243 992 362 1060 dientia
377 995 479 1082 justus
500 991 659 1082 repertus,
676 991 845 1060 translatus
860 993 932 1067 suit,
949 1005 982 1057 et
1001 1013 1066 1056 non
1082 983 1214 1056 invema'
1226 999 1303 1053 est

244 1121 331 1166 mors
343 1099 449 1166 illius¹.
467 1101 533 1168 Noe
546 1099 647 1172 [idelis
660 1101 820 1174 inventus,
832 1121 889 1188 pen
900 1099 1112 1166 ministerium
1124 1121 1219 1164 suum
1229 1119 1299 1163 se-

246 1207 385 1275 cundam
399 1209 596 1276 nativitatem
609 1207 937 1298 mundopraedicavit;
957 1220 989 1273 et
1004 1231 1062 1296 per
1077 1229 1153 1272 eum
1162 1205 1296 1272 Domi-

246 1315 677 1393 nusconservaiitanimalia,
687 1340 762 1384 cum
771 1317 1096 1390 concordiainercam
1106 1315 1286 1404 ingsesan².

289 1422 333 1488 X.
358 1423 572 1500 Abrabamus,
589 1427 716 1490 amicus
736 1423 901 1498 vocatus'‚
923 1423 1070 1490 inventus
1090 1435 1140 1488 est
1160 1420 1288 1498 fidelis,

250 1531 380 1617 quando
393 1532 488 1598 dictis
503 1531 562 1598 Dei
578 1531 709 1598 audiens
728 1529 798 1596 luit.
812 1531 873 1598 llic
883 1553 940 1619 per
953 1529 1169 1597 obedientiam
1176 1552 1292 1618 egres-

249 1661 303 1704 sus
322 1650 372 1716 eat
386 1661 405 1703 e
417 1649 505 1708 terra
525 1661 594 1715 sua,
611 1651 644 1704 et
661 1662 681 1704 e
695 1637 884 1728 cognatione
898 1659 968 1713 sua,
983 1649 1016 1703 et
1031 1661 1050 1702 e
1066 1638 1163 1704 domo
1181 1635 1288 1724 petris

249 1745 315 1820 sui,
337 1754 373 1812 ut
392 1747 503 1835 exiguo
520 1758 618 1822 mera,
635 1758 668 1812 et
682 1746 872 1834 cognatione
887 1745 998 1818 debili,
1017 1755 1050 1810 et
1071 1745 1169 1810 domo
1183 1767 1285 1832 persa

248 1852 413 1930 derelicta,
428 1855 656 1942 promissiones
666 1854 725 1921 Dei
737 1854 770 1920 in
782 1853 999 1920 haereditatem
1010 1837 1181 1940 acciperet.
1195 1853 1285 1918 Dicit

249 1963 336 2028 euim
355 1963 384 2028 ei
403 1985 411 2028 :
429 1989 443 2023 ι
460 1963 522 2030 Abi
538 1963 578 2028 de
598 1975 683 2028 terra
705 1976 773 2038 tua,
789 1975 822 2028 et
838 1962 877 2028 de
900 1963 1089 2051 cognatione
1104 1973 1172 2038 tus,
1188 1974 1224 2027 et
1241 1963 1284 2028 de

250 2101 263 2134 s
280 2071 376 2136 domo
391 2072 489 2160 patris
504 2073 564 2146 tui,
580 2072 613 2137 in
630 2083 749 2138 terrem
762 2095 859 2160 quom
875 2071 932 2138 tibi
949 2072 1231 2138 demonstravero:
1249 2084 1284 2136 et

251 2179 392 2246 »faciam
408 2192 441 2244 te
455 2179 488 2244 in
503 2191 631 2267 gentem
645 2201 806 2269 magnam,
823 2192 856 2244 et
870 2179 1057 2247 benedicam
1072 2179 1140 2252 tibi,
1156 2189 1190 2242 et
1204 2199 1284 2242 ma-

230 2371 233 2380 y
252 2286 438 2375 »gnificabo
452 2309 571 2354 nomen
587 2299 737 2364 tuomet
751 2288 813 2354 eris
827 2288 1016 2354 benedictus
1021 2310 1031 2361 ς
1045 2299 1075 2352 et
1088 2284 1280 2352 benedicam

179 2457 186 2468 ,
251 2423 265 2457 ι
281 2395 543 2463 benedicentibus
555 2397 625 2474 tibi,
637 2409 670 2463 et
681 2396 870 2464 maledicam
884 2396 1145 2490 maledicentibus
1155 2395 1214 2459 tibi
1222 2418 1233 2468 ς
1249 2407 1284 2459 et

251 2533 265 2567 s
279 2505 511 2572 benedicentur
522 2505 555 2571 in
571 2518 603 2572 te
618 2529 728 2574 omnes
742 2506 843 2572 tribus
859 2505 984 2572 tamas‘.
997 2506 1068 2572 »Ac
1082 2527 1191 2570 rursus
1206 2527 1284 2570 cum

253 2613 383 2680 redemit
396 2637 414 2678 a
428 2613 522 2688 Loto,
535 2613 613 2678 dixit
628 2613 657 2678 ei
669 2613 755 2678 Deus
769 2636 778 2676 ε
791 2610 998 2700 «Respiciens
1013 2610 1112 2679 oculis
1124 2612 1201 2687 tuis,
1212 2611 1286 2676 vide

253 2746 299 2788 »a
315 2721 385 2788 loco
401 2721 434 2787 in
450 2744 515 2809 quo
530 2744 617 2788 nunc
632 2733 667 2786 tu
684 2743 729 2797 es,
746 2720 788 2786 ad
803 2717 1008 2809 Aquilonem,
1024 2731 1057 2784 et
1078 2719 1237 2794 Africum,
1254 2731 1286 2783 et

254 2858 267 2892 s
281 2828 459 2906 Orientem,
477 2842 511 2894 et
524 2853 628 2902 marea
652 2830 725 2918 quia
740 2851 870 2894 omnem
884 2840 1003 2894 terram
1020 2850 1117 2914 quam
1130 2841 1168 2892 tu
1184 2828 1285 2901 vides,

254 2967 268 3001 s
281 2937 338 3004 tibi
353 2938 436 3006 dubo
447 2959 531 3018 eum,
544 2952 577 3006 et
588 2940 700 3006 semini
712 2933 767 3004 tuo
780 2940 924 3027 usquein
935 2937 1087 3005 soeculum
1101 2962 1110 3002 z
1123 2949 1156 3006 ct
1171 2937 1286 3004 [ιοῐιιιι

255 3076 269 3110 s
286 3069 394 3114 semen
414 3060 507 3114 tuum
526 3048 610 3115 sicut
625 3069 754 3116 stenem
769 3061 878 3122 terrm
901 3048 927 3114 si
942 3057 1047 3138 potest
1061 3045 1175 3134 aliquis
1189 3047 1288 3112 dinu-

255 3185 269 3219 s
286 3177 409 3222 meram
421 3173 552 3224 arenam
566 3169 672 3234 terre,
690 3171 722 3224 et
736 3181 843 3224 semen
858 3170 951 3223 tuum
966 3155 1250 3222 dinumembitun⁵.
1266 3184 1279 3216 ι

254 3268 297 3334 Et
316 3267 433 3332 iterum
455 3267 522 3343 uit:
543 3267 684 3334 «Eduxit
704 3267 792 3334 Deus
814 3266 1046 3342 dbmbamum,
1068 3277 1102 3332 ct
1127 3263 1206 3330 dixit
1231 3265 1285 3329 ei:

255 3405 269 3438 a
284 3373 419 3466 Respice
430 3375 464 3444 in
475 3375 605 3452 coelum,
617 3389 650 3444 et
660 3399 794 3443 numeru
810 3373 927 3451 stellas,
941 3376 968 3442 si
983 3387 1074 3466 potes
1085 3374 1289 3441 dinumerare

255 3503 359 3548 scas:
382 3484 429 3552 sic
447 3485 509 3550 enit
531 3507 640 3552 semen
661 3496 763 3550 tuum.
792 3483 936 3549 Ctedidit
957 3496 1065 3549 autem
1086 3481 1287 3548 Abrabamus

255 3591 364 3670 »Dec
381 3604 415 3660 et
425 3594 612 3683 deputatum
627 3607 675 3662 est
689 3594 718 3662 ei
733 3594 773 3660 ad
784 3593 970 3685 justitiam⁸.
980 3621 992 3658 ι
1001 3587 1137 3682 Propter
1146 3591 1244 3658 iidem
1253 3604 1289 3656 et

289 3739 408 3798 ¹Gen.v;
421 3739 500 3791 llebr.
511 3759 547 3792 xi.
559 3751 590 3781 -'-
601 3741 684 3793 ²*Gen
696 3759 747 3803 ιιι,
759 3741 839 3794 Ecoli-
850 3759 915 3804 xusv,
929 3760 966 3810 ¹7·
975 3743 1024 3783 -⁸
1037 3743 1073 3794 lo.
1085 3761 1135 3804 xm,
1146 3741 1244 3804 δὼς.
1258 3759 1286 3800 ιι,

251 3823 297 3884 pb.
309 3821 360 3862 -i
371 3821 435 3874 Gen.
446 3837 490 3884 ιιι,
506 3829 527 3874 ι’.
541 3851 572 3864 -·
583 3825 665 3876 ‘Gom
676 3843 732 3889 ιιιι,
744 3827 782 3886 ti.
794 3853 823 3866 -
834 3826 844 3861 ⁸
854 3827 920 3879 Gen.
934 3842 976 3888 xv,
988 3828 1013 3882 5,
