2816 4610
284 215 323 303 78
572 265 575 272 .
687 225 898 276 arnauldum

281 367 360 433 quoa
379 345 444 430 jam
462 333 609 414 diximus,
631 339 802 412 daemones,
827 338 1023 404 victimarum
1044 335 1189 424 sanguini
1209 336 1315 408 affixi,

280 474 395 539 reasque
411 449 595 518 lambentes.
617 447 669 513 Dii
684 443 862 521 autemdlli,
883 445 937 531 qui
952 441 1059 508 multis
1073 441 1214 530 placent,
1230 465 1316 531 quo-

279 582 413 647 rumque
431 558 559 622 nominn
580 555 689 620 statuis
710 555 927 642 imponuntur,
946 552 1102 627 homines,
1120 563 1156 616 ut
1173 575 1312 618 eernere

278 681 376 734 estex
388 689 497 732 eorum
511 664 654 739 historia,
667 663 804 729 luerunt.
823 661 871 728 Ae
882 662 1041 727 daemonas
1051 659 1179 747 quidem
1192 662 1224 726 in
1236 660 1312 725 baee

278 773 405 839 nomina
417 772 576 843 invadere,
591 781 776 856 argumento
787 779 835 832 est
847 768 1001 854 cujusque
1011 757 1138 830 illorum
1149 764 1308 852 operatio.

276 883 336 952 Alii
356 881 441 946 enim
457 880 556 946 virilia
572 871 732 952 exsecant,
750 889 785 942 ut
804 874 909 948 Rhea:
932 873 983 940 alli
999 874 1167 942 vulnerant
1180 887 1213 940 et
1228 875 1314 940 iuci-

278 994 370 1066 dunt‚
391 1003 426 1054 ut
444 990 543 1056 Diana
562 1012 570 1053 ε
593 987 728 1052 Taurica
744 985 840 1050 etiam
857 985 996 1072 hospites
1013 997 1116 1050 necat.
1138 985 1199 1050 Eos
1217 985 1312 1048 enim

278 1102 332 1189 qui
348 1125 381 1166 se
397 1100 454 1188 ipsi
468 1097 577 1164 cultris
593 1109 624 1161 ct
639 1094 769 1184 llagellis
784 1093 970 1170 dilacerant,
985 1107 1017 1160 ct
1028 1107 1106 1182 quot
1116 1095 1176 1160 sint
1186 1094 1312 1158 daeme

278 1235 356 1276 num
374 1211 494 1297 species
514 1207 729 1296 praetermitto.
753 1205 861 1292 Neque
879 1205 964 1270 enim
982 1204 1039 1270 Dei
1057 1217 1106 1270 est
1123 1203 1163 1269 ad
1179 1225 1217 1268 aa
1233 1225 1311 1290 quae

279 1333 353 1386 sunt
368 1329 478 1384 contra
494 1329 639 1382 naturam
654 1312 824 1404 impellere.

286 1472 288 1478 '
356 1467 477 1518 Daemon
492 1457 559 1515 mali
575 1455 644 1535 quid
661 1458 685 1514 si
700 1467 784 1534 paret
798 1453 978 1528 mortalibus,

357 1563 441 1616 Mens
457 1556 583 1635 primum
601 1556 638 1613 ab
652 1555 703 1613 illo
716 1554 839 1618 laeditur.

280 1689 365 1754 Deus
378 1701 484 1753 nutem
497 1712 571 1753 cum
582 1688 720 1776 perfecte
730 1691 833 1753 bonus
845 1688 895 1763 sit,
907 1697 1060 1775 perpetuo
1071 1685 1234 1752 beneficus
1246 1700 1307 1752 est.

282 1795 367 1861 Alios
384 1797 478 1884 igitur
492 1819 559 1859 esse
575 1797 628 1883 qui
646 1809 828 1884 operentur,
848 1793 922 1860 alios
938 1795 1052 1884 quibus
1066 1797 1227 1884 erigantur
1241 1807 1311 1860 sta-

282 1916 356 1979 tuae,
380 1905 516 1969 maximo
537 1916 610 1970 sunt
627 1903 817 1968 documento
838 1903 935 1968 Troas
951 1916 983 1968 ct
999 1903 1148 1968 Parium:
1172 1929 1311 1993 quarum

283 2013 446 2078 civitatum
468 2010 565 2075 altera
588 2024 705 2075 statuas
728 2011 824 2076 habet
845 2009 1009 2097 Neryllini,
1034 2013 1087 2098 qui
1105 2025 1210 2077 nostra
1232 2014 1313 2078 vixit
1385 2005 1386 2098 l

283 2133 386 2196 aetate,
403 2121 529 2186 Parium
546 2133 650 2186 autem
663 2120 831 2188 Alexandri
843 2133 874 2185 et
885 2121 999 2186 Protei.
1019 2121 1183 2190 Alexandri
1198 2123 1311 2189 adbuc

282 2231 315 2294 in
327 2230 395 2293 loro
405 2228 586 2318 sepulcrum
597 2243 629 2294 et
641 2228 844 2294 simulacrum
855 2243 912 2294 cst.
924 2230 971 2297 Ac
982 2245 1097 2297 caeterre
1107 2232 1234 2319 quidem
1243 2246 1310 2296 sta-

283 2350 346 2400 tuae
362 2336 514 2424 Neryllini
526 2337 689 2426 publicum
703 2347 926 2402 ornamentum
938 2351 1011 2403 sunt
1029 2337 1068 2424 (si
1080 2351 1183 2404 tamen
1194 2339 1247 2403 his
1260 2340 1312 2404 ci-

283 2445 360 2510 vitas
373 2449 533 2535 ornatur);
549 2470 610 2511 una
623 2457 729 2510 autem
741 2444 850 2511 axillis
862 2445 988 2512 oracula
1000 2449 1132 2512 ederent
1143 2471 1246 2536 aegros
1259 2471 1313 2512 sa-

283 2579 358 2620 nare
369 2557 577 2632 existimatur,
591 2580 628 2622 ac
638 2568 803 2644 propterea
817 2579 903 2620 sacra
918 2556 1037 2621 faciunt
1048 2569 1078 2622 et
1093 2580 1170 2621 auro
1183 2554 1312 2620 illinunt

284 2677 316 2729 et
328 2677 480 2731 coronant
493 2677 627 2730 statuam
639 2663 842 2728 Troadenses.
864 2663 958 2743 Quod
971 2677 1075 2730 autem
1087 2653 1312 2730 ad'Alexandri

284 2785 315 2837 et
328 2773 429 2837 Protei
443 2784 558 2837 statuas
571 2783 690 2860 spectat
706 2769 809 2855 (hunc
819 2783 925 2835 autem
936 2795 1000 2836 nou
1012 2771 1160 2860 ignoratis
1172 2773 1311 2860 seipsum

283 2882 430 2969 inignem
443 2881 526 2946 circa
538 2879 718 2967 Olympiam
729 2878 902 2968 injecisse),
916 2879 1011 2968 hujus
1021 2881 1116 2946 etiam
1127 2891 1229 2944 statua
1240 2902 1311 2943 ora-

285 2990 354 3056 cula
369 2991 484 3055 dicitur
496 2990 606 3062 edere;
623 2985 791 3053 Alexandri
803 2998 908 3051 autem
921 2999 1030 3054 statua}

362 3127 478 3207 (Infelix
491 3128 580 3198 Paris,
595 3127 686 3183 forma
700 3127 903 3204 pulcherrime,
918 3127 948 3188 in
962 3127 1284 3206 mulieresinsanicnp)

284 3269 436 3336 sacrificia
454 3270 589 3360 publicis
608 3272 784 3359 sumptibus
804 3285 836 3337 et
856 3271 920 3336 dies
939 3272 1021 3346 sesti,
1043 3285 1195 3360 tauquam
1213 3295 1312 3337 exau-

285 3378 381 3446 dienti
394 3381 474 3455 Deo,
487 3392 689 3468 peraguntur.
711 3379 823 3444 Utrum
838 3381 932 3469 igitur
943 3379 1120 3468 Neryllinus
1134 3395 1166 3446 ct
1178 3383 1310 3447 Proteus

284 3499 317 3550 et
332 3487 508 3555 Alexander
521 3489 591 3556 haeo
606 3490 689 3556 cirea
705 3501 822 3556 statuae
837 3501 1019 3576 operantur,
1036 3513 1076 3556 an
1091 3492 1158 3578 ipsa
1171 3493 1312 3557 materiae

281 3599 418 3662 natural
436 3599 480 3664 At
496 3602 626 3666 materia
645 3625 686 3666 aas
703 3612 767 3672 estr
790 3600 866 3688 quid
882 3613 987 3664 autem
1007 3623 1048 3664 aes
1065 3623 1122 3690 por
1141 3625 1175 3666 so
1193 3613 1311 3690 potest,

195 3743 197 3748 ·
285 3704 369 3790 quod
385 3731 491 3772 rursus
506 3708 599 3774 aliam
616 3711 646 3774 in
662 3709 795 3772 sornram
811 3708 973 3796 diffingere
987 3707 1074 3785 licet,
1091 3709 1177 3776 velut
1195 3712 1311 3800 pelrirn

285 3810 336 3880 illo
351 3818 434 3903 nprrd
449 3820 644 3884 Herodotum
661 3817 803 3884 Amusisl
820 3816 996 3903 Neryllinus
1007 3831 1114 3884 etitem
1130 3831 1161 3882 et
1176 3817 1313 3884 Proteus
