2636 4648
217 251 281 318 520
515 253 517 258 ’
542 275 656 320 sanem
679 275 794 321 rervm
816 277 884 320 mn.
914 275 949 318 rv

216 380 457 450 Testamentum
463 407 474 458 t
487 391 671 474 cognoscat‚'
684 385 836 474 quoniam
848 381 1022 474 lapideum
1031 380 1208 470 quislem’lm

218 491 309 582 plum
327 505 520 562 restructum
541 507 589 562 est
605 507 684 562 tunc
708 493 836 581 (adhuc
855 495 952 562 enim
971 491 1025 558 illa
1046 513 1109 581 qua
1123 490 1209 582 inlabi·

221 602 291 675 deis
306 601 423 670 tabulis
445 602 527 671 sacta
542 603 659 682 suerat,
683 602 735 670 lex
751 605 969 693 servabatur)
979 628 989 677 t
1016 625 1125 670 novum
1143 615 1211 668 autea

220 710 461 781 Testamentum
476 713 587 781 datum
600 726 651 781 est
662 712 800 792 nullum,
819 715 876 781 sed
890 737 932 780 ea
945 711 1018 802 lege
1029 735 1095 801 quae
1104 711 1212 801 perlav-

219 845 288 888 sem
309 822 381 889 data
403 833 451 888 est
474 824 647 888 utebantur
666 846 766 910 usque
785 822 826 888 ad
853 822 1037 888 adventum
1063 819 1170 886 Domini
1184 841 1214 883 :a

218 929 346 1000 Domini
370 941 478 996 autem
507 929 646 996 adventu
666 953 786 996 novum
813 928 1066 996 Testamentum
1087 923 1125 991 ad
1140 949 1216 1014 paoen
1259 1015 1260 1018 Ἴ

218 1037 486 1116 reconciliansfet
501 1039 687 1106 vivificatrix
697 1037 749 1106 lex
761 1040 794 1106 in
806 1041 998 1107 universam
1012 1036 1104 1102 exivit
1118 1046 1216 1100 tervan:

225 1149 300 1215 «Ex
314 1147 392 1215 Sion
407 1149 495 1216 enim
514 1148 639 1238 prodiet
657 1147 720 1226 lex,
740 1159 773 1214 at
788 1149 929 1216 verbum
946 1145 1079 1214 Domini
1095 1144 1129 1210 (le
1142 1144 1217 1208 llieve

217 1286 231 1322 a
247 1256 358 1338 salem,
375 1269 409 1324 et
422 1269 535 1349 arguet
549 1257 704 1349 populum
719 1256 858 1326 multum
874 1279 884 1324 τ
902 1268 940 1324 et
957 1254 1126 1324 concident
1135 1251 1216 1342 glebas

218 1396 233 1431 a
246 1391 321 1436 snos
333 1369 367 1436 in
378 1379 496 1443 aratra,
507 1379 540 1434 et
550 1367 676 1437 lanceas
688 1392 761 1436 suas
773 1369 806 1436 in
818 1367 917 1435 falces
922 1415 934 1446 ,
942 1379 979 1434 ct
989 1367 1057 1455 jam
1067 1387 1126 1430 noa
1134 1363 1218 1428 baon

218 1505 232 1541 a
247 1477 421 1569 pugnare¹.
437 1506 451 1540 a
467 1477 502 1544 Si
516 1477 613 1567 igitur
626 1474 687 1544 alia
704 1475 800 1543 lexat
818 1478 961 1543 verbum
981 1473 1088 1540 exiens
1101 1469 1215 1537 abllinr

219 1585 330 1664 sulem,
344 1598 466 1654 tantam
475 1607 588 1676 pacem
609 1585 685 1653 lecit
699 1585 786 1675 apud
799 1609 852 1652 eas
867 1597 986 1676 gentes
1002 1606 1074 1670 quc
1083 1603 1147 1647 eum
1158 1600 1217 1644 rece

219 1708 349 1787 perant,
366 1707 399 1763 et
419 1719 477 1786 per
494 1717 547 1762 eas
566 1695 669 1786 arguit
692 1695 916 1785 imprudentiae
937 1692 1078 1761 multum
1092 1687 1213 1780 poprium

184 1833 187 1839 ·
219 1807 347 1888 videtur
362 1827 559 1896 consequeus
575 1806 615 1872 de
629 1803 730 1872 altero
749 1795 863 1874 dirime
881 1805 1075 1896 Prophetas.
1098 1801 1130 1867 Si
1145 1813 1214 1864 actm

220 1914 375 1986 libertatis
389 1913 453 1991 lex,
470 1915 502 1981 id
521 1926 580 1992 est,
600 1917 735 1982 verbum
753 1914 812 1983 Dei
824 1918 863 1983 ab
876 1912 1056 2006 Apostolis,
1068 1909 1215 2002 quirblfn-
1259 1949 1260 1964 κ

220 2024 359 2092 ruralem
381 2025 545 2102 exierunt,
568 2025 793 2092 annuntiatum
814 2025 847 2092 in
869 2026 1058 2094 universam
1078 2015 1213 2093 terramit
1259 2063 1260 2118 v

221 2145 347 2202 tantum
359 2133 658 2202 transmutationem
675 2134 763 2212 iecit,
777 2147 813 2201 ut
829 2134 954 2226 gladios
970 2148 1005 2202 et
1023 2115 1136 2200 lanceas
1148 2124 1213 2194 belle
1259 2119 1260 2184 l

220 2245 319 2313 toriae
333 2245 368 2310 in
379 2257 482 2312 aratra
495 2245 697 2314 fabricaverit
717 2247 796 2336 ipse,
816 2257 849 2313 et
864 2247 898 2316 in
912 2245 1027 2322 falces,
1046 2264 1110 2332 quae
1124 2235 1211 2305 donn
1259 2233 1260 2236 ’

221 2356 262 2424 ad
277 2355 464 2426 metendum
474 2355 686 2437 frumentum,
699 2358 733 2425 in
743 2382 860 2450 organa
868 2359 1024 2450 pacifica,
1036 2348 1211 2422 demutaverit

222 2467 336 2556 etjam
346 2467 494 2534 nesciunt
511 2491 667 2558 pugnare,
680 2470 737 2536 sed
754 2470 896 2558 percussi
911 2482 945 2536 et
970 2467 1097 2536 alteram
1111 2463 1209 2551 pmbcat

223 2573 401 2652 maxillam
416 2599 481 2644 non
494 2577 535 2644 de
551 2576 657 2667 eliqua
669 2578 731 2646 alio
749 2578 917 2668 Prophetae
935 2580 1083 2646 dixerunt
1099 2573 1163 2644 bae,
1176 2565 1211 2630 sel

225 2687 265 2756 tle
276 2711 316 2756 eo
327 2687 381 2776 qui
393 2686 469 2754 fecit
480 2711 528 2754 aa·
543 2689 603 2756 Hic
615 2701 723 2756 autem
733 2702 783 2756 est
794 2689 951 2760 Dominus
963 2701 1081 2760 noster,
1091 2695 1119 2748 et
1132 2681 1157 2745 in
1170 2677 1208 2741 bat

224 2810 273 2866 eat
288 2819 394 2864 sermo
405 2819 499 2864 verus
513 2820 522 2863 a
535 2798 686 2886 quoniam
699 2798 767 2890 ipse
778 2810 827 2864 est
837 2799 892 2888 qui
903 2810 1047 2864 aratrum
1056 2792 1133 2864 lecit,
1142 2780 1211 2851 etlil-

226 2930 299 2976 cem
317 2905 436 2982 intulit,
452 2905 516 2974 hoc
531 2918 591 2984 est,
612 2907 750 2974 bominis
768 2909 903 2997 primam
918 2903 1151 2976 seminationem,
1164 2915 1207 2982 qut

225 3017 286 3087 luit
297 3015 474 3087 secundum
485 3015 588 3084 Adam
599 3015 778 3107 plasmatio,
789 3030 823 3084 et
835 3018 867 3084 in
879 3005 1207 3099 novissimistemputtu

227 3153 284 3220 per
295 3125 439 3194 Verbum
453 3124 621 3194 collectam
634 3125 910 3194 fructificationem
924 3151 933 3194 a
948 3141 981 3194 et
991 3109 1205 3217 propterhoeqti

227 3239 353 3306 initium
364 3234 421 3302 fini
435 3235 662 3325 conjungebat,
675 3248 707 3302 et
719 3247 929 3328 utrorumque
944 3237 1091 3304 Dominus
1100 3227 1202 3295 exiebat.

227 3349 260 3414 in
272 3347 336 3414 line
353 3345 483 3435 quidem
499 3357 639 3412 aratrum
658 3346 809 3424 ostendit,
826 3345 948 3437 lignum
965 3343 1131 3438 copulatum
1141 3335 1205 3400 lena.
1259 3407 1260 3456 1

226 3470 260 3524 et
279 3457 324 3523 sic
346 3457 417 3546 ejus
436 3455 622 3544 expurgavit
641 3467 759 3522 terram
777 3478 786 3522 ε
803 3459 954 3546 quoniam
971 3455 1091 3522 lirmum
1108 3443 1202 3510 Verbuu
1259 3471 1260 3474 ¹

228 3567 356 3636 unitum
367 3564 468 3642 carni,
481 3574 515 3630 et
525 3563 635 3631 babitu
648 3562 701 3630 tali
714 3563 870 3640 confixus,
882 3565 1060 3634 emundavit
1069 3555 1204 3648 sylvestrcn
1259 3627 1260 3640 ἢ

229 3691 359 3744 terram.
377 3675 471 3742 lnitio
481 3681 590 3740 autem
601 3673 713 3740 falcem
731 3673 889 3764 figurabat
903 3697 961 3764 per
972 3671 1059 3750 Abel,
1074 3659 1200 3756 signium

231 3785 307 3881 justi
322 3784 446 3875 generis
457 3784 631 3852 humanam
646 3783 869 3856 collectionem
883 3809 892 3854 ε
909 3813 923 3849 r
937 3785 1016 3854 Vide
1030 3781 1112 3855 enim.
1125 3765 1200 3856 inqut,

263 3918 347 3970 *Euat
360 3933 389 3980 ιι,
401 3915 426 3979 ³,
437 3915 468 3978 l;
480 3915 555 3968 Micia
569 3933 605 3982 ιν,
620 3935 644 3978 a,
653 3918 677 3967 ὅ.
