2640 4622
251 267 399 314 ermenus
415 269 486 314 cun
508 267 671 312 rurrnorn
693 263 808 304 suono.
919 315 925 331 ¹
977 233 1042 316 459

17 369 152 434 modum
175 384 208 435 et
232 395 285 438 ess
305 372 489 439 deleverunt
510 393 579 456 quae
602 362 860 436 mortemllsaiae
886 368 1041 448 spectant,

16 500 116 562 quem
133 501 218 544 serra
236 479 338 569 lignea
357 479 557 546 dissecuistis.
567 519 568 524 κ
580 478 703 544 Christi
713 472 900 562 mysterium
916 468 1043 555 idque-

17 608 96 669 que,
113 587 167 671 qui
178 610 276 676 genus
287 599 428 652 vestrum
442 583 586 652 bifariam
598 584 751 651 diiisurus
762 592 822 655 est,
838 590 870 644 et
884 573 1044 661 alios-qui-

18 693 96 756 dem
114 716 172 780 pro
190 695 309 759 meritis
327 717 424 784 regno
442 706 560 760 aeterno
578 715 653 758 cum
671 690 786 756 sanctis
804 683 994 754 Patriarchis
1013 692 1046 746 et

19 795 187 884 Prophetis
201 797 384 886 dignaturus
390 811 455 873 est,
468 796 543 863 alios
555 819 630 862 vero
645 796 677 862 in
688 796 768 884 ignis
782 789 961 867 inexstincti
972 809 1046 853 con·

22 903 260 971 demnationem
282 928 356 972 cum
377 905 529 972 similibus
549 928 588 970 ex
609 905 695 970 omni
715 915 809 993 geute
826 896 1048 986 incredulis-et

22 1012 185 1079 immutari
197 1013 375 1080 nolentibus
386 1014 601 1080 immissurum
613 1037 646 1078 se
657 1015 723 1101 jam
733 1003 1047 1100 pronuntiarit..«Vc·

23 1149 38 1180 r
54 1121 141 1184 nient
151 1123 248 1197 enim,
257 1123 372 1211 inquit,
382 1125 420 1187 ab
433 1121 563 1188 Oriente
574 1121 806 1200 etOccidente,
819 1131 851 1183 et
861 1117 1048 1202 recumbent

23 1257 38 1288 e
53 1251 127 1294 cum
139 1229 313 1307 Abraham,
327 1231 415 1296 lseac
426 1241 458 1296 et
468 1232 569 1296 Jacob
581 1231 614 1296 in
626 1253 724 1318 regne
737 1227 910 1296 coelorum:
928 1223 984 1288 lilii
995 1245 1048 1286 au·

24 1363 39 1394 r
54 1345 118 1399 tem
134 1337 221 1424 regni
236 1337 403 1424 ejicientur
415 1339 448 1404 in
460 1339 605 1404 tenebras
620 1337 790 1403 exteriores
800 1335 850 1420 ¹,s
864 1329 1050 1419 Atquelraec

23 1442 154 1526 quidem
169 1444 245 1519 dixi,
264 1446 336 1531 quia
352 1446 394 1510 ita
409 1469 481 1510 sum
495 1445 626 1512 allectus
641 1445 761 1519 animo,
777 1456 814 1508 ut
828 1439 908 1508 nihil
922 1460 1051 1528 prorsus

24 1549 159 1615 dixerim
174 1551 206 1616 in
224 1576 287 1639 quo
304 1552 392 1619 eliud
407 1577 518 1620 curem
533 1577 629 1643 quam
647 1565 682 1618 ut
699 1531 940 1625 verumdicam,
955 1547 1053 1614 nemi·

22 1681 100 1721 nem
111 1660 302 1738 reveriturus
310 1664 434 1728 etiamsi
445 1686 463 1727 e
474 1663 604 1751 vestigio
617 1661 752 1750 discerpi
765 1685 783 1726 n
794 1659 883 1726 vobis
895 1667 1049 1746 oporteat.

25 1767 171 1853 Namque
186 1791 224 1832 ex
239 1791 311 1834 meo
326 1792 454 1856 genere,
474 1768 581 1843 idest,
601 1792 641 1834 ex
654 1767 873 1840 samaritanis,
895 1763 1054 1831 neminem

25 1897 155 1948 curans,
172 1897 246 1940 cum
259 1873 415 1940 Caesarem
427 1875 533 1942 oblato
544 1875 677 1942 adrlcta
687 1876 806 1962 scripto
817 1869 1054 1961 compellarem,

27 1981 94 2044 dixi
104 2003 158 2045 eos
170 2005 278 2046 errore
290 1983 406 2070 decipi,
419 1984 518 2070 utqui
532 1982 654 2048 Simoni
666 1982 768 2070 gentis
779 2004 844 2046 suae
854 2002 948 2067 mago
959 1977 1056 2042 iidem

27 2089 199 2163 heberent,
211 2112 306 2176 quem
317 2089 421 2154 Deum
436 2112 530 2177 supra
542 2112 672 2155 omnem
685 2087 899 2176 principatum
910 2095 943 2150 et
955 2097 1056 2174 potes·

25 2208 126 2259 tatem
142 2205 174 2259 et
189 2195 337 2260 virtutem
353 2218 421 2260 esse
436 2191 557 2260 dicunt.

72 2302 189 2368 CXXI.
208 2304 353 2393 Cumque
364 2303 408 2369 illi
420 2306 682 2380 conticescerent,
695 2305 765 2372 haec
776 2305 878 2392 edjeci
892 2326 901 2366 ε
919 2303 979 2368 Per
990 2301 1055 2367 Da-

23 2411 144 2486 videm,
164 2411 271 2486 amici,
290 2411 408 2478 dehoc
428 2412 554 2479 Christo
572 2396 704 2501 loquens
723 2410 971 2500 Scripturamon
990 2411 1056 2497 jem

25 2521 61 2583 in
72 2520 195 2584 semine
209 2523 280 2606 ejus
294 2520 370 2586 dicit
380 2521 587 2588 benedictum
599 2521 635 2585 iri
646 2533 767 2608 gentes,
785 2521 841 2586 sed
855 2521 984 2608 inipso.
1002 2517 1057 2584 sio

25 2639 136 2692 autem
150 2628 194 2694 ihi
209 2641 278 2694 est:
297 2631 442 2696 «Nomen
460 2631 530 2718 ejus
549 2631 581 2696 in
601 2629 753 2696 sarculum
772 2655 868 2718 super
880 2629 985 2702 ,solem
1000 2652 1056 2695 ex··

23 2767 39 2798 e
55 2737 194 2802 orietur:
216 2751 249 2804 et
262 2740 493 2806 benedicentur
507 2741 541 2806 in
555 2741 624 2830 ipso
643 2763 753 2806 omnes
773 2751 883 2828 gentes
893 2737 915 2808 .².
931 2766 944 2798 s
958 2738 1057 2808 Porro

23 2848 52 2912 si
74 2847 107 2912 in
129 2847 254 2914 Christo
275 2848 509 2915 benedicuntur
529 2871 639 2917 omues
660 2861 780 2937 gentes,
799 2859 832 2912 et
851 2870 890 2912 ex
908 2846 1057 2912 omnihus

24 2955 174 3044 gentibus
186 2959 218 3020 in
229 2957 316 3022 hunc
327 2958 504 3031 credimusr
520 2981 595 3024 eum
607 2958 673 3044 ipse
685 2957 829 3024 Christus
841 2967 908 3046 est,
918 2967 1058 3024 tumnos

25 3086 86 3148 per
105 3085 180 3126 eum
196 3063 365 3128 benedicti.
388 3063 496 3130 Solem
514 3065 643 3152 quidem
661 3064 746 3129 Deus
764 3063 895 3128 dederat
911 3066 998 3152 prins
1015 3066 1056 3131 ad

28 3168 240 3246 adorandum,
257 3172 524 3258 quemadmodum
540 3172 793 3261 scriptumest¹3
816 3173 1057 3262 necqnisquam

28 3299 172 3361 unquam
193 3279 294 3342 extitit
310 3281 363 3366 qui
378 3293 514 3347 mortem
529 3292 658 3370 propter
677 3280 775 3347 fidem
794 3281 827 3346 in
845 3279 944 3348 solem
963 3305 1058 3372 eppe

26 3393 123 3450 teret.
142 3384 184 3450 At
200 3407 241 3450 ex
257 3389 345 3452 omni
362 3411 478 3476 genere
494 3390 660 3458 hominum
674 3389 781 3456 videre
797 3402 846 3454 est
861 3390 915 3476 qui
930 3403 1061 3480 propter

26 3515 148 3558 nomen
163 3493 239 3559 Jesu
255 3494 404 3584 quoslibet
422 3496 573 3584 supplicia
589 3504 622 3561 et
635 3497 823 3585 pertulerint
839 3508 871 3562 et
886 3497 1058 3586 perferent,
1105 3489 1107 3492 ⁵

26 3625 71 3668 ne
91 3599 180 3666 illum
199 3615 325 3692 negent.
349 3603 520 3670 Ardentior
539 3604 625 3670 enim
644 3617 692 3670 est
710 3603 792 3670 illins
811 3604 950 3684 veritatis
967 3619 1000 3674 et
1013 3633 1060 3676 se·-

27 3710 158 3798 pientiae
177 3733 282 3777 sermo
301 3725 333 3778 et
353 3710 488 3779 lucidior
506 3712 607 3780 multo
625 3711 697 3780 solis
712 3715 892 3792 virtutibus,
911 3729 943 3782 et
963 3718 995 3784 in
1013 3743 1061 3784 re·-

65 3837 74 3870 ¹
88 3837 162 3890 llatt.
175 3857 230 3900 vm,
245 3857 280 3890 rr.
295 3869 325 3879 -
336 3840 347 3876 ²
359 3842 422 3892 Pral,
440 3859 504 3903 uxr,
520 3860 558 3909 ¹7·
570 3843 621 3916 5³
632 3845 708 3895 Dent.
720 3861 755 3902 rr,
767 3860 804 3908 19.
