2616 4620
340 250 398 325 144
681 271 705 312 s.
733 269 761 314 r.
789 272 819 315 u.
846 271 1006 316 rnnornru
1244 219 1245 306 l

334 377 415 440 tium
432 399 441 440 :
457 397 495 440 ox
510 377 569 442 isto
579 361 729 442 honum:
745 401 784 442 ex
796 376 859 442 hoo
868 377 1078 444 Aristomirlem
1088 401 1095 442 :
1106 380 1188 446 euhoe
1196 381 1235 444 ir.

334 507 411 551 num
432 507 441 548 ε
465 507 503 550 ox
517 486 580 552 hoo
596 485 731 550 Coenum
749 510 757 550 ε
777 509 816 552 ox
830 488 892 554 hoo
911 487 1109 576 Tyr-immam:
1124 511 1153 554 ex
1164 489 1236 555 hoelo

333 594 456 660 diesem
475 615 483 656 :
504 616 543 658 ex
565 593 627 659 hoo
651 593 832 684 Philippum
851 619 860 660 ε
884 620 926 662 ex
953 595 1013 662 hoo
1031 595 1154 684 AEropun
1166 619 1172 659 :
1185 621 1208 660 ex
1220 597 1244 662 ht

333 702 476 770 Aloetnm
493 726 501 766 :
520 725 559 767 ex
574 702 636 769 hoc
648 703 820 791 Amyntam
835 728 844 770 t
862 728 901 771 ex
918 707 981 772 hoo
995 705 1246 771 Bocrurnmhulr

334 810 474 900 lengrum
487 835 496 877 r
511 811 623 878 euhoe
635 814 789 880 Arsinoen
804 839 812 880 :
826 837 865 880 ex
876 815 940 881 hac
952 827 985 882 et
994 816 1072 904 Lego
1081 814 1247 900 Ptoleneunnl

333 932 366 985 ot
381 919 475 985 Soter
493 944 501 985 :
519 943 557 986 ex
573 919 635 987 hoo
649 935 682 987 et
698 922 849 988 Berenioe
864 923 1065 990 Ptolemaeum
1082 923 1211 1010 Erergetrn
1222 945 1244 984 :e

334 1027 396 1092 hoc
410 1039 443 1092 et
458 1027 623 1104 Romuleo,
646 1053 717 1117 quae
737 1029 835 1120 Mage
854 1032 1080 1119 Cyrenensium
1097 1031 1162 1118 regis
1177 1027 1245 1092 llirlu

332 1134 538 1202 ptolomeum
553 1135 805 1226 Philadelphum.
825 1139 879 1205 Sic
898 1141 997 1229 igitur
1012 1163 1043 1206 se
1060 1139 1140 1204 hahet
1156 1137 1247 1220 ronrnp

333 1245 529 1312 Alexandria
544 1258 729 1334 regnarunt,
747 1269 821 1313 oum
839 1247 970 1314 Boccho
987 1245 1127 1336 cognatio.
1143 1245 1245 1332 Qnrpupt

332 1367 365 1420 ot
376 1355 603 1443 inDionysincn
615 1357 700 1422 tribu
710 1367 817 1445 gentes
830 1369 902 1422 sunt
914 1357 1081 1424 distincte:
1091 1355 1240 1422 hlthesaln

333 1464 451 1532 Bocchi
463 1477 495 1530 ot
506 1463 568 1530 lilia
580 1463 699 1530 Thestii
716 1464 827 1532 Althen
841 1489 849 1530 ε
863 1466 1051 1554 Dejnniraee
1067 1459 1248 1530 Bacchioth·÷

333 1573 410 1648 filio,
426 1572 571 1640 Herculis
587 1586 694 1640 nutem
709 1595 821 1650 uxore,
834 1575 918 1640 unde
933 1587 1043 1664 gentes
1054 1573 1128 1662 apud
1138 1593 1178 1635 eos
1188 1590 1244 1654 app·-

333 1685 434 1751 tionos
445 1685 565 1750 hebent
578 1705 585 1747 :
598 1683 753 1750 Ariadnes
763 1708 781 1749 a
793 1685 904 1752 hlinois
915 1684 995 1759 titis,
1007 1683 1116 1751 Bocchi
1125 1671 1239 1762 uxorepu

333 1804 680 1882 petremnmeute,quae
691 1815 767 1858 cum
775 1793 902 1860 Boccho
914 1785 1240 1859 inalienatormaonou

333 1903 457 1969 Thestis
471 1925 490 1967 a
506 1901 635 1967 Thestio
650 1900 772 1976 Altheae
787 1915 876 1991 putre
893 1926 901 1967 :
917 1902 1069 1970 Thoantis
1083 1923 1098 1965 s
1112 1897 1209 1964 Thoante
1217 1893 1249 1952 h

333 2013 385 2078 chi
409 2011 498 2078 lilio:
523 2009 683 2100 Staphylis
703 2034 720 2076 e
740 2011 893 2102 Staphylo
914 2013 1035 2079 Bocchi
1055 2009 1113 2076 lilio
1133 2031 1140 2070 ε
1157 2002 1236 2071 Eune*

332 2124 444 2188 Eunoo
459 2118 577 2186 Buoehi
594 2117 680 2183 lilio:
698 2119 833 2185 lllaronis
849 2143 866 2184 n
882 2119 1014 2188 Marone
1029 2115 1159 2186 Ariadnes
1168 2123 1189 2175 et
1198 2106 1238 2172 lul

332 2229 408 2296 filio.
431 2230 469 2294 lli
486 2229 571 2295 onim
586 2251 696 2294 omnes
707 2229 825 2297 Bacchi
840 2229 895 2296 filii
909 2253 917 2294 ε
932 2231 991 2297 sed
1002 2242 1034 2295 ot
1048 2225 1142 2294 multe
1152 2221 1243 2329 stirap*-

332 2341 463 2406 lntiones
483 2339 683 2414 exstiterunt,
704 2353 798 2428 atquo
815 2353 938 2406 exstent
959 2341 1128 2408 hactenus:
1146 2335 1173 2397 ul
1187 2329 1250 2392 llrrt'

189 2529 196 2542 ,
332 2447 525 2525 Heraclide,
548 2453 587 2516 nh
609 2450 754 2539 Apolline
780 2451 936 2541 Apollonii
964 2463 998 2518 et
1014 2433 1237 2539 Apollonitmh

331 2561 427 2634 (lone,
449 2559 513 2624 sive
528 2559 689 2648 Neptuno,
711 2561 882 2638 Posidonii,
902 2582 921 2627 a
939 2561 1022 2628 Jove
1036 2559 1085 2626 Dii
1103 2569 1131 2623 et
1143 2553 1222 2634 nispe

373 2667 458 2735 Vlll.
477 2667 517 2732 Et
531 2668 609 2754 quid
623 2691 753 2736 necesse
768 2681 816 2736 est
830 2669 985 2758 reliquam
1001 2653 1241 2764 multitudiulutt

330 2778 416 2844 modi
437 2774 683 2866 appellationum
703 2791 736 2844 ot
755 2778 1010 2868 genealogiarum
1032 2761 1246 2867 persoquillffillln

330 2887 425 2974 igitur
441 2883 578 2949 illudunt
590 2907 700 2949 omues
716 2885 856 2951 historici
873 2897 904 2952 el
918 2899 1022 2974 poetae
1037 2897 1068 2952 et
1085 2869 1246 2972 philosophu-

330 2995 425 3058 etiem
448 2993 501 3081 qni
521 2993 558 3058 iis
581 2993 658 3058 deut
678 3015 817 3080 opernm.
842 2991 977 3059 Fnliulas
993 2995 1078 3061 enim
1097 2965 1246 3080 potiusuli»

331 3113 510 3170 oommeutn
524 3101 565 3165 de
582 3099 641 3166 diis
656 3101 721 3165 suis
736 3113 995 3188 composuerunt,
1013 3121 1073 3168 neo
1085 3119 1133 3166 eos
1148 3087 1247 3156 denuit·

331 3223 406 3278 runt
420 3211 496 3276 deos
516 3233 597 3284 esse,
622 3209 678 3275 sed
697 3209 854 3284 homines,
871 3207 947 3274 elios
963 3211 1090 3297 quidem
1107 3181 1248 3271 ebrlowtll

331 3332 532 3394 scortatores,
556 3315 634 3382 ulios
655 3317 841 3383 homicides.
867 3317 1066 3398 Quinetiam
1087 3299 1249 3380 denuntio

330 3429 500 3520 pugnnntin
516 3429 598 3492 inter
614 3450 647 3491 se
662 3439 694 3490 et
704 3427 841 3492 absurde
856 3425 1064 3493 tradiderunt
1077 3423 1163 3489 Primo
1170 3409 1249 3484 erint-²

331 3541 404 3606 dem
419 3539 595 3629 ingenitum
611 3536 766 3602 mundum
778 3537 1037 3626 pronuntiarunt,
1050 3547 1081 3600 ut
1095 3547 1168 3616 suprr
1179 3519 1250 3582 detti

331 3651 492 3717 trnvimus.
514 3646 576 3727 Qui
594 3657 701 3711 sutem
720 3646 891 3735 ingenitum
908 3667 945 3712 eo
960 3655 1102 3711 aeternem
1113 3655 1165 3702 esse
1181 3631 1250 3691 filliis*

330 3757 452 3832 volunt,
477 3757 498 3822 ii
519 3779 633 3845 purum
649 3766 829 3843 congruunt
844 3755 985 3844 genitum
1004 3739 1210 3819 dementibus·
1223 3723 1250 3786 ll

329 3868 413 3932 onim
429 3867 616 3952 conjecture
631 3878 726 3953 utque
739 3865 876 3932 humone
889 3865 1086 3962 cogitatione,
1097 3877 1146 3922 non
1161 3843 1188 3910 tl
1201 3843 1250 3900 sort
