2772 4620
468 213 618 256 scotoma
643 213 748 255 rarus.
1059 191 1121 275 269

79 315 219 384 risimile
235 341 310 408 ergo
325 331 386 394 est,
403 341 485 407 quos
500 317 610 384 atheos
624 340 693 383 csse
707 317 918 406 suspicamur,
934 339 989 382 eos
1004 317 1036 381 in
1050 341 1123 383 con-

77 428 220 492 scientia
236 451 292 494 suo
306 429 413 494 Deum
427 427 548 494 habere
561 439 673 515 sponte
687 426 888 501 insidentem,
904 426 1038 514 ejusque
1049 449 1125 515 prae-
1225 425 1228 430 ’

80 539 190 602 sentia
212 539 428 604 communitos
450 540 552 628 esse.)
577 537 634 603 sed
653 558 729 602 cum
749 559 782 602 se
797 535 887 602 humi
902 537 1123 624 projecissent,

83 669 156 712 non
180 670 237 736 pro
260 669 313 712 me
336 645 440 712 solum
462 631 583 735 precati
604 655 690 721 sunt,
710 645 766 712 sed
782 644 878 712 etiam
894 669 954 734 pro
978 647 1125 713 universo

84 756 248 830 exercitu,
268 768 305 822 ut
322 739 508 845 piaesentem
527 755 610 821 sitim
629 767 661 821 et
680 755 798 850 famem
819 755 975 822 sedarent.
1003 755 1126 836 Quinto

85 865 180 928 enim
197 864 264 951 jam
282 863 335 928 die
357 887 472 952 nquam
490 887 554 929 non
573 885 809 951 acceperamus,
830 887 869 930 eo
889 865 974 952 quod
993 889 1124 954 prorsus

86 971 226 1037 deesset.
242 971 375 1037 Eramus
387 973 471 1039 enim
483 971 515 1038 in
526 969 704 1037 meditullio
715 970 891 1038 Germaniae
906 985 939 1038 et
954 973 988 1039 in
1003 973 1123 1040 finibus

85 1079 241 1144 hostium.
256 1078 639 1168 Statimautematqueilli
653 1081 686 1145 in
692 1092 813 1145 terram
821 1094 894 1146 sunt
902 1081 1073 1170 provoluti,
1083 1107 1123 1152 ac

86 1189 207 1267 Deum,
221 1213 317 1280 quem
329 1213 388 1280 ego
401 1191 600 1278 ignorabam,
615 1190 805 1256 invocarunt
813 1214 823 1263 ς
840 1190 1006 1257 confestim
1018 1191 1123 1260 imber

88 1299 131 1366 dc
149 1300 229 1366 coelo
244 1313 458 1390 consequutus
474 1313 536 1376 est,
553 1302 585 1366 in
601 1323 659 1366 nos
675 1299 727 1366 ille
742 1301 874 1388 quidem
889 1301 1120 1392 frigidissimus,

90 1409 123 1476 in
134 1409 240 1476 hostes
252 1422 359 1475 autem
369 1408 587 1492 Romanorum
599 1407 722 1498 grando
732 1409 833 1498 ignea.
849 1407 914 1474 Sed
925 1420 957 1476 et
969 1432 1045 1475 cum
1056 1434 1124 1479 ora-

88 1517 176 1582 tione
189 1517 254 1607 ipsa
266 1517 351 1584 illico
363 1518 530 1606 praesentia
542 1515 601 1581 Dei
617 1515 720 1591 affuit,
735 1528 887 1605 tanquam
901 1519 1122 1609 insuperabilis

88 1637 122 1689 et
133 1625 252 1694 invicti.
264 1627 343 1693 lnde
354 1625 451 1716 igitur
462 1625 663 1712 incipientes,
675 1625 896 1714 permittemus
908 1627 1008 1704 hisce,
1018 1627 1125 1694 Chris·

91 1735 185 1801 tianis
196 1759 265 1802 esse
279 1758 288 1802 ε
305 1759 359 1814 ne,
377 1737 402 1801 si
417 1735 492 1802 talin
508 1735 677 1800 adversum
691 1757 749 1800 nos
765 1757 851 1800 arma
867 1735 1041 1824 postulent,
1059 1740 1123 1804 voti

92 1854 258 1930 compotes
270 1841 358 1906 hant.
379 1841 540 1920 Quocirca
557 1852 674 1914 statuo,
694 1863 734 1905 ne
748 1839 911 1908 hominem
923 1842 1121 1930 hujusmodi,

91 1949 183 2036 quod
200 1948 345 2016 videlicet
363 1947 559 2014 Christianus
576 1949 629 2024 sit,
644 1969 794 2015 accusare
809 1947 913 2016 liceat.
935 1950 969 2016 si
985 1954 1054 2040 quis
1070 1977 1124 2020 au-

89 2069 158 2125 tem
175 2058 355 2124 inveniatur
371 2057 425 2146 qni
445 2055 672 2131 Christianum,
689 2069 855 2148 propterea
872 2059 958 2147 quod
974 2060 1123 2130 Christia-

89 2190 150 2234 nus
165 2168 217 2244 sit,
236 2167 372 2240 deserat;
395 2166 435 2231 de
452 2165 632 2266 Christiano
646 2166 700 2254 qui
715 2165 867 2242 defertur,
883 2170 1002 2258 quique
1018 2171 1122 2238 Chris.

88 2277 211 2342 fianum
232 2299 266 2342 se
288 2299 370 2342 esse·
377 2273 560 2364 profitetur,
587 2276 790 2342 manifestum
817 2276 884 2342 iieri
906 2277 977 2344 voio
999 2279 1120 2350 nullam

90 2383 183 2452 uliam
199 2387 241 2453 ob
257 2408 326 2452 rem
342 2408 418 2452 eum
435 2385 592 2460 accusari,
610 2385 669 2450 nisi
687 2385 774 2474 quod
789 2384 985 2454 Christianus
998 2390 1050 2467 sit,
1068 2391 1121 2458 dc-

89 2491 223 2560 latorem
245 2516 318 2559 vero
333 2493 439 2581 ipsum
459 2493 567 2560 vivum
588 2494 757 2558 comburi:
781 2493 997 2562 Christianum
1013 2509 1122 2566 nutem

90 2601 295 2669 confitentem
311 2615 405 2691 atque
422 2601 457 2668 id
472 2604 677 2690 probantem,
695 2625 729 2666 se
747 2599 869 2667 scilicet
886 2627 950 2669 non
968 2604 1062 2672 aliam
1080 2611 1128 2674 ob⁴

89 2737 156 2780 rem
178 2715 335 2789 accusari,
359 2715 385 2778 is
409 2714 461 2780 cui
481 2712 712 2778 administratio
731 2711 904 2800 provinciae
927 2714 1048 2782 creditu
1075 2731 1124 2784 est

89 2845 153 2888 non
168 2833 261 2910 coget
276 2823 316 2886 ab
333 2820 396 2888 hoc
411 2821 556 2886 instituto
572 2819 750 2893 discedere,
764 2839 826 2884 nec
840 2815 1021 2888 libertatem
1034 2827 1123 2892 ause-

92 2943 150 2996 ret.
171 2931 247 2996 blec
264 2955 339 2996 vero
356 2931 453 2996 etiam
472 2926 746 2996 senatusconsulto
766 2928 949 2996 confirmari
968 2933 1066 3002 volo:
1090 2952 1124 3008 et

95 3037 352 3106 constitutionem
366 3038 450 3104 hanc
467 3061 571 3104 meam
587 3038 620 3104 in
634 3039 703 3102 foro
719 3038 848 3127 Trajani
861 3047 995 3131 proponi
1003 3049 1121 3136 jubeo,

95 3160 131 3214 ut
147 3147 208 3236 legi
226 3147 332 3235 possit.
351 3145 440 3213 libam
454 3171 578 3238 quoque
595 3149 626 3213 in
642 3149 819 3237 provincius
837 3175 978 3244 quasque
996 3161 1123 3228 mitten.

93 3257 167 3324 dam
183 3253 310 3320 curabit
323 3252 470 3328 Verasius
483 3254 580 3320 Pollio
595 3258 772 3346 praesectns.
795 3258 999 3352 Quicumque
1015 3284 1122 3340 autem

90 3369 150 3434 hac
162 3367 220 3442 uti,
233 3376 267 3432 et
281 3365 402 3431 habere
412 3362 571 3454 exemplar
583 3367 653 3452 ejus
669 3366 816 3443 voluerit,
831 3392 871 3435 ne
885 3376 1027 3466 recipere
1038 3381 1072 3446 id
1084 3407 1123 3450 ex

92 3499 128 3542 eo
142 3475 229 3566 quod
243 3499 261 3540 u
277 3473 372 3542 nobis
385 3473 584 3562 propositum
595 3483 657 3548 est,
674 3475 888 3560 prohibeatur.

530 3725 681 3750 *-
