2688 4626
358 263 397 329 io
420 283 543 331 aracos
566 281 777 330 coaoarame
1022 261 1079 347 ¹9⁵

52 390 168 458 »Deus
187 389 306 458 celum
328 404 361 457 et
382 389 563 466 terrama.»
579 411 618 457 ac
637 388 753 456 deinde
771 387 878 456 stetim
899 386 1081 476 subjungit:

52 500 162 566 Terra
178 516 291 568 autem
308 516 382 566 erat
398 499 584 566 invicibilis
599 513 630 564 et
648 500 885 585 incompositos
904 495 1087 563 existimavit

48 607 103 674 his
118 609 250 698 quidem
264 609 383 683 verbis,
406 609 513 674 Terra
530 623 642 674 aotam
655 621 738 683 erat,
764 606 1017 694 praeexistentem
1030 617 1088 673 ter

48 738 126 781 rem
141 717 320 810 designari,
335 716 409 805 quia
422 715 526 783 lloses
541 717 678 790 dixerat,
694 741 707 775 a
722 713 818 781 Terra
839 727 948 780 eutem
963 728 1032 780 erat
1046 715 1090 780 in-

51 857 66 889 ι
87 826 220 896 visibilis
242 841 275 894 et
295 827 520 918 incompositas
542 855 556 890 s
575 828 641 894 istis
654 839 776 904 autem,
792 853 806 888 a
821 825 897 894 fecit
916 825 1003 893 Deus
1023 846 1091 894 οω-

53 966 69 998 »
87 935 159 1003 lum
172 947 204 1002 et
219 947 347 1015 terram,
360 965 373 1000 ι
387 960 456 1005 eam
471 936 595 1026 putavit
613 935 782 1026 significari
803 957 874 1024 quae
894 932 1051 1002 sensibilis
1068 955 1086 1000 a

51 1045 129 1110 Deo
151 1047 328 1114 secundum
345 1047 543 1137 praeexistens
561 1045 722 1137 exemplar
744 1057 860 1114 creata.
881 1044 1037 1112 Similiter
1053 1055 1087 1112 et

48 1155 95 1220 de
108 1166 217 1220 creato
232 1152 313 1222 coelo
327 1177 336 1220 ε
350 1154 466 1223 caelum
477 1155 621 1244 quidem,
636 1155 722 1244 quod
732 1157 922 1231 factumest,
935 1153 1086 1244 quodque

49 1287 69 1326 a
85 1262 174 1328 Mose
189 1276 322 1332 vocatur
334 1263 585 1342 firmamentum,
600 1264 705 1354 ipsum
720 1263 800 1330 illud
812 1287 881 1332 esse
896 1263 1087 1334 existimavit

50 1373 141 1460 quod
154 1372 299 1440 sensibile
314 1384 458 1442 creatum
473 1387 521 1442 est
526 1398 537 1450 ;
559 1375 615 1442 sed
630 1375 812 1452 aliudesse,
829 1374 971 1466 iHudque
990 1375 1086 1443 intel-

48 1483 180 1574 ligentia
194 1485 327 1574 percipi,
339 1485 386 1551 de
403 1507 467 1572 quo
481 1484 644 1576 Propheta
655 1485 756 1554 dicit:
775 1489 788 1547 'a
804 1483 931 1553 Goelum
943 1484 1014 1552 eoeli
1029 1484 1088 1552 do-

48 1621 62 1653 »
80 1593 186 1668 mino.
199 1603 318 1660 terram
331 1605 441 1659 autem
452 1592 541 1660 dedit
551 1592 624 1661 liliis
635 1596 815 1661 hominum.
826 1593 838 1629 ²
851 1615 865 1658 t
879 1593 934 1662 Sic
950 1595 1047 1660 etiam
1057 1606 1090 1660 et

47 1703 91 1769 de
103 1703 247 1770 homine.
272 1702 416 1770 Hominis
438 1724 559 1770 nomen
585 1703 690 1790 primo
716 1715 949 1769 commemorat
967 1701 1089 1778 Mosen

48 1811 176 1878 deinde
192 1823 267 1901 post
280 1809 398 1877 multas
417 1831 470 1875 res
488 1819 610 1875 creatas
630 1810 735 1876 slede
752 1809 889 1875 hominis
905 1808 1091 1876 formatione

49 1923 261 1988 mentionem
272 1919 368 1988 facit:
386 1919 536 1987 «Etlecit
550 1909 809 1986 Deuslaominem
828 1919 956 2008 pulvere
974 1945 992 1986 a
1009 1932 1091 1986 terra

55 2061 70 2094 o
91 2029 256 2118 sumpto¹.
275 2029 498 2096 »Existimavit
519 2028 613 2117 igitur
634 2027 797 2094 laominem
814 2023 915 2102 illum,
934 2028 989 2116 qui
1003 2028 1091 2116 prius

52 2137 246 2204 nominatus
267 2148 327 2213 est,
344 2150 418 2204 ante
434 2159 507 2204 enm
527 2138 581 2226 qui
595 2135 696 2205 factus
714 2146 774 2211 est,
792 2137 940 2211 existeres
961 2159 999 2202 oc
1015 2159 1088 2204 eum

50 2247 113 2336 qui
135 2257 247 2335 posteo
265 2267 305 2312 ea
331 2257 413 2312 terra
431 2245 532 2311 sactus
551 2259 616 2321 est,
639 2244 814 2312 secondum
835 2247 1088 2335 praeexistentem

51 2359 194 2426 sormam
204 2357 326 2426 laetum
343 2377 420 2422 ease.
437 2353 532 2434 Quod
545 2367 653 2421 autem
668 2355 768 2422 homo
782 2377 820 2420 ex
831 2367 914 2422 terra
932 2357 1088 2422 formatus

57 2481 128 2542 est,
150 2467 184 2532 id
197 2467 292 2533 etiam
314 2467 469 2532 Homerus
490 2487 529 2531 ex
544 2465 672 2553 antique
691 2475 724 2530 et
744 2463 846 2532 divina
860 2465 993 2533 historia
1013 2487 1088 2532 cum

62 2577 255 2664 cognovisset
275 2576 319 2641 ite
341 2575 478 2651 dicentes
494 2601 507 2636 a
524 2573 621 2641 Terre
642 2597 676 2640 ea
700 2587 733 2640 et
754 2573 788 2640 in
808 2587 928 2641 terram
946 2587 1089 2640 reverte-

57 2719 73 2749 »
83 2688 126 2752 ris
134 2685 178 2764 ’,ι
192 2686 371 2754 exanimum
383 2687 528 2753 Hectoris
543 2707 658 2775 corpus
667 2685 796 2751 surdam
806 2695 927 2752 terram
938 2682 1086 2774 appeHet.

54 2797 183 2865 Alionhi
192 2796 280 2864 enim
289 2797 324 2864 in
330 2795 487 2864 ilchiHem
498 2796 644 2864 Hectoris
653 2795 774 2862 mortni
782 2815 900 2882 corpus
911 2803 1090 2880 reptantem

55 2908 127 2974 lame
138 2907 238 2974 dicit:

97 3043 304 3104 Insensibilem
310 3048 385 3105 enirn
396 3060 503 3105 terram
510 3045 686 3106 contumelia
694 3044 782 3104 afficit
792 3044 897 3104 furens.
905 3045 993 3102 Iliad.
1001 3045 1036 3116 n,
1043 3044 1089 3112 54.

53 3172 103 3234 Et
114 3167 191 3234 alibi
200 3167 360 3241 Menelaus
374 3174 422 3240 his
437 3177 491 3264 qui
506 3161 650 3242 Hectoris
661 3163 919 3266 provocationem
930 3164 972 3238 ad
983 3164 1092 3259 singu-

59 3277 133 3342 lare
149 3289 313 3344 certamen
325 3282 427 3348 minus
440 3282 586 3350 alacriter
601 3296 801 3374 acceperant,

145 3415 207 3478 Sed
222 3432 275 3474 vos
289 3415 402 3494 quidem
413 3439 511 3480 omnes
524 3441 600 3500 aqua
611 3434 641 3480 et
651 3434 731 3480 terra
743 3421 830 3492 fiatis,
846 3420 922 3476 Ibid.
933 3429 970 3485 Η,
979 3434 1032 3490 99,

60 3574 126 3640 prae
146 3552 204 3618 irae
219 3551 440 3640 magnitudine
455 3557 488 3621 in
507 3558 668 3644 antiquam
683 3577 743 3620 eos
756 3565 789 3616 et
803 3553 938 3640 primam
951 3571 988 3613 ex
1009 3561 1089 3612 terro

64 3662 219 3750 originem
241 3659 412 3730 resolvens.
437 3663 515 3731 Haec
529 3664 570 3730 in
591 3663 729 3753 AEgypto
750 3683 790 3726 ex
810 3660 935 3726 vetustis
955 3655 1090 3729 historiis

67 3784 212 3860 peroepta
223 3771 383 3840 Homerus
394 3787 427 3840 et
441 3773 577 3841 Plateia
591 3773 656 3840 suis
668 3769 756 3838 libris
767 3769 963 3860 scripserunt.

97 3897 105 3930 ¹
117 3899 181 3949 Gen.
192 3918 212 3958 ι,
226 3917 244 3950 1.
258 3889 387 3955 -21’u'at
399 3921 472 3965 cant,
486 3903 522 3954 16.
534 3932 565 3946 -
576 3903 585 3937 ²
596 3903 660 3956 (len.
674 3919 702 3962 1¹,
713 3918 734 3965 7·
747 3927 778 3938 -·
791 3898 872 3949 ⁸0⁰³·
885 3915 923 3958 ¹¹¹³
937 3913 974 3961 ¹9·

860 3984 908 4051 15.
