2710 4662
254 284 295 347 dn
642 301 755 346 ssucrt
780 302 903 347 renero

256 435 345 486 nunc
359 410 611 502 repromissionis
625 433 726 500 opust
746 412 801 478 sed
822 433 880 500 per
896 412 1047 478 virtmem
1068 408 1162 484 fidei,
1185 410 1214 475 si
1237 411 1307 498 quis

257 521 438 591 invenietur
453 543 553 609 usqne
563 520 606 586 sd
620 519 728 586 finem.

259 677 262 684 ι
303 631 375 701 XV.
398 627 511 696 Melius
532 642 581 696 est
598 641 706 696 tenere
728 642 762 695 et
782 652 864 706 esse,
887 653 984 719 quem
1009 627 1217 718 loquentem,
1244 654 1305 695 non

260 766 339 811 esse.
365 741 491 808 Bonum
515 752 564 805 est
583 739 711 816 doecre,
728 739 754 804 si
774 740 830 828 qui
850 739 929 805 dicit
946 739 1049 806 facist.
1079 740 1176 806 Unus
1209 741 1306 830 igitur

260 854 395 924 Doctor‚
412 836 468 937 qui
480 847 572 923 dixit,
587 859 620 914 et
630 847 751 914 lectum
761 861 831 914 est:
850 849 907 916 sed
918 861 952 914 et
962 873 1032 936 ques
1043 847 1144 915 silens
1154 849 1253 924 fecit,
1266 850 1306 914 di·

262 984 323 1052 gne
339 959 432 1026 Patre
450 967 534 1024 sunt.
559 955 624 1035 Qui
638 957 774 1023 verbum
788 956 867 1024 Jesu
880 957 1034 1046 possidet,
1054 980 1132 1023 vere
1150 971 1262 1047 potest
1274 973 1303 1024 et

262 1070 424 1139 silentium
444 1068 541 1157 ipsius
560 1066 684 1141 audire,
707 1077 742 1131 ut
761 1065 923 1154 perlectus
938 1067 1000 1132 sit:
1024 1077 1061 1130 ut
1080 1091 1144 1156 per
1163 1091 1234 1156 quae
1254 1067 1300 1133 lo

262 1181 371 1270 quitur
385 1189 548 1266 operetur,
569 1188 603 1243 et
622 1198 681 1264 per
694 1199 765 1265 quae
784 1175 854 1242 silet
868 1189 1091 1267 cognoscatur.
1119 1178 1205 1246 Nihil
1218 1177 1294 1244 lstct

262 1287 448 1361 Dominum,
464 1285 567 1351 sedet
582 1306 698 1351 arcena
713 1297 821 1352 nostre
840 1307 941 1374 prope
956 1287 1060 1374 ipsum
1076 1299 1166 1356 sunt.
1179 1287 1286 1354 omnts

262 1399 369 1484 itaque
383 1394 549 1468 faciemus,
565 1394 648 1459 sicut
662 1393 731 1482 ipso
747 1392 780 1458 in
795 1394 888 1460 nobis
906 1393 1070 1461 habitante
1076 1420 1087 1469 ς
1109 1410 1150 1462 ut
1160 1397 1239 1462 illius
1252 1399 1291 1462 si-

264 1530 336 1574 mus
350 1503 482 1592 templs,
497 1513 531 1568 et
545 1503 612 1590 ipse
625 1501 668 1568 sit
682 1502 715 1566 in
731 1501 823 1568 nobis
835 1502 922 1568 Deus
934 1515 1058 1578 nostem
1076 1529 1148 1594 quo
1163 1507 1292 1572 modoet

263 1627 326 1691 est,
340 1627 374 1680 et
388 1611 554 1704 nppsrebit
567 1621 642 1677 onte
656 1608 770 1676 sociem
788 1622 945 1684 nostremt
963 1634 1002 1678 ex
1017 1612 1138 1699 quihus
1153 1617 1237 1702 juste
1248 1615 1289 1680 di-

264 1727 389 1818 ligimus
407 1727 522 1815 ipsum.
1167 1704 1177 1712 ³

260 1885 264 1894 ·
309 1836 396 1906 XVl.
422 1837 470 1905 Ne
490 1833 616 1911 erretis,
639 1833 753 1902 fretrus
770 1836 857 1902 mei:
874 1819 1071 1904 'femmarum
1094 1853 1279 1930 corruptore

265 1970 400 2037 regnum
414 1946 473 2012 Dei
488 1969 553 2011 non
568 1944 803 2012 hereditabunt
813 1944 837 2014 ¹.
855 1943 890 2012 si
901 1958 1009 2012 sutem
1020 1947 1041 2010 ii
1053 1948 1111 2035 qui
1123 1950 1284 2016 secundun

265 2078 395 2124 curnem
409 2055 480 2121 haec
494 2055 614 2142 operati
629 2065 716 2131 sunt,
727 2065 832 2122 morte
847 2067 923 2122 sunt
937 2055 1042 2123 effecti
1052 2055 1063 2090 ²
1071 2081 1081 2131 ς
1100 2071 1226 2146 quanto
1239 2081 1291 2126 mr

266 2167 326 2254 gis,
343 2163 453 2251 siquis
469 2161 566 2228 fidem
584 2163 643 2230 Dei
662 2186 758 2253 prove
778 2165 923 2230 doctrina
940 2179 1138 2255 corrumpet,
1158 2191 1219 2257 pro
1238 2191 1292 2256 qus

265 2275 359 2339 Jesus
374 2271 520 2338 Christus
534 2261 709 2339 'crucifixus
724 2274 789 2338 esti
813 2271 911 2350 Telis,
932 2275 1116 2360 inquinatus
1132 2278 1243 2352 lectus,
1263 2279 1295 2342 in

266 2383 372 2470 ignem
383 2381 655 2468 inextinguibilem
667 2382 745 2455 ibitt
761 2380 907 2449 similiter
916 2395 948 2448 et
960 2383 1013 2472 qui
1024 2386 1116 2452 audit
1127 2389 1233 2476 ipsum.

308 2489 412 2558 XVll.
432 2485 483 2558 Ob
497 2491 529 2556 id
540 2491 696 2558 Dominus
711 2492 744 2556 in
762 2493 868 2580 capite
878 2516 937 2558 suo
947 2496 1072 2582 occepit
1083 2507 1291 2585 unguentum

266 2611 302 2666 ut
320 2597 469 2668 Ecclesiae
486 2601 588 2693 spinet
604 2599 876 2688 incorruptionem
887 2601 909 2666 ⁸.
937 2601 1009 2668 Non
1035 2607 1193 2696 ungamini
1214 2618 1292 2672 tetro

156 2743 158 2750 s
266 2713 364 2778 odore
382 2711 536 2780 doctrinm
555 2711 710 2800 Principis
728 2711 826 2800 hujus
848 2710 977 2779 saeeuli:
1002 2735 1070 2782 non
1086 2716 1216 2806 captivos
1235 2739 1287 2781 res

266 2822 408 2888 obducet
423 2843 440 2886 s
459 2820 619 2910 preposite
638 2821 711 2887 vite.
736 2818 803 2886 Cur
818 2843 895 2887 vero
913 2845 978 2889 non
997 2845 1110 2892 omnes
1126 2825 1289 2914 prudentes

267 2953 389 3005 sumus,
411 2941 543 3018 accepts
560 2929 619 2996 Dei
636 2928 830 3020 cognitione,
849 2931 936 3020 quod
953 2944 1003 2998 est
1019 2932 1114 3001 lesus
1134 2933 1295 3003 Christus?

268 3037 358 3117 Quid
381 3037 469 3102 letus
490 3037 644 3128 perimus,
663 3063 728 3108 non
749 3051 956 3132 agnoscentes
979 3043 1100 3112 donum
1118 3047 1208 3135 quod
1230 3068 1295 3114 rere

244 3177 247 3184 ¹
265 3147 351 3214 misit
366 3145 545 3214 Dominus?

309 3253 428 3324 XVlll.
440 3255 696 3347 'Purgamentum
709 3283 801 3328 meus
816 3264 943 3353 spiritus
956 3279 1004 3335 est
1019 3265 1153 3343 Crucis:
1170 3291 1245 3358 quse
1259 3271 1299 3335 in

265 3366 403 3438 credulis
422 3366 621 3446 scandulum,
644 3371 736 3438 nobis
753 3393 830 3440 vero
848 3374 932 3442 selus
953 3389 1050 3445 estet
1067 3379 1132 3444 vitu
1148 3379 1297 3446 eeteros&

266 3479 334 3544 Utt
357 3477 509 3568 sapiens?
531 3479 589 3544 ott
608 3463 857 3570 omtqoisitorl?
872 3487 929 3552 ubi
948 3486 1100 3576 gloriatio·
1113 3481 1230 3556 eorum
1251 3491 1301 3579 qui

266 3584 418 3658 dicuntur
433 3587 629 3674 prudentes?
647 3588 733 3656 Deus
752 3593 966 3662 enimnoster
986 3597 1080 3664 Jesus
1099 3598 1252 3667 Christus
1270 3601 1301 3666 in

266 3705 357 3768 utero
377 3706 517 3783 gestatus
533 3710 581 3763 est
601 3722 619 3764 n
636 3697 752 3778 Moris,
769 3704 858 3792 juxta
881 3705 1148 3794 dispensationem
1166 3709 1251 3788 Dei,
1267 3732 1302 3774 ex

298 3841 307 3876 ¹
324 3861 332 3892 ι
347 3843 405 3892 Cor.
426 3858 461 3903 vr,
476 3860 501 3910 9,
516 3861 554 3896 ro.
571 3873 602 3884 -
618 3847 648 3897 ²1
663 3849 722 3899 Gor.
739 3869 763 3913 x,
779 3853 804 3903 8.
820 3853 875 3893 -⁸
893 3855 933 3906 Ps.
946 3873 1011 3918 xciv,
1032 3857 1059 3920 8,
1076 3867 1102 3908 et
1122 3876 1222 3922 otuu,
1240 3879 1264 3912 s.
1275 3889 1302 3899 -

263 3928 292 3978 tr
305 3928 362 3979 Cor.
375 3947 394 3991 ι,
408 3928 447 3994 rt,
461 3930 500 3992 2³,
513 3931 553 3990 nd,
562 3933 613 3978 ,ιι-ὕ
624 3935 699 3986 rGor.
714 3955 731 3998 ι,
744 3954 783 3990 so.
