2808 4688
394 245 401 258 “
424 230 645 310 arosrotonru
666 234 854 307 notrannus.
1114 232 1154 296 25

123 403 143 443 ι
157 393 398 474 quaeumque
418 384 639 470 praeceperat
656 367 878 456 dominus,...
903 363 1015 464 coepit
1037 373 1157 436 secum

122 487 206 554 »ita
227 483 415 578 cogitare:
440 475 591 548 Fodiam
615 500 712 548 nunc
733 479 880 547 vineam
899 474 1011 562 hanc,
1036 473 1159 545 eterit
1208 493 1217 508 ·

125 583 353 658 »formosior
367 607 454 656 cum
469 581 581 655 luerit
595 580 705 670 fossa;
722 597 760 654 et
773 585 939 654 extractis
951 579 1075 651 herbis
1090 603 1159 651 ma·

127 721 145 756 ·
155 692 278 787 iorem
290 688 395 762 dabit
409 687 615 760 fructum...
633 693 719 760 Post
730 689 954 787 aliquantum
970 711 1059 759 vero
1071 701 1159 758 tem·

126 826 145 860 a
158 801 264 896 poris
279 800 379 868 venit
395 793 575 881 dominus,
597 807 634 864 et
653 818 738 864 cum
755 791 946 866 vidisset...
965 791 1062 866 laetas
1079 817 1157 864 esse

131 932 151 968 s
162 907 269 991 vites,
284 926 328 973 ex
344 899 438 973 facto
451 899 521 972 hoc
536 903 627 972 servi
643 903 702 972 sui
724 897 894 996 gaudium
914 902 1020 998 cepit.
1044 897 1158 972 Adhi-

130 1007 240 1078 ubito
258 1012 378 1105 itaque
403 1005 496 1095 filio,
519 1029 627 1102 quem
647 1029 772 1076 carum
791 1020 829 1076 et
843 1001 1021 1076 haeredem
1044 1003 1154 1076 habe·

124 1111 233 1202 nbat,
252 1129 289 1184 et
305 1116 426 1185 amicis
442 1117 479 1183 in
500 1111 697 1185 consilio...
717 1114 770 1184 ait
785 1111 880 1183 illis:
904 1116 980 1208 Ego
1002 1108 1151 1208 quidem

119 1249 139 1284 n
150 1218 237 1292 huic
252 1243 356 1291 servo
373 1219 575 1294 libertatem
589 1221 757 1318 promisi,
775 1219 804 1288 si
823 1217 1038 1290 custodisset
1053 1240 1153 1287 man·

120 1356 137 1391 a
150 1324 277 1398 datum
290 1351 412 1398 meum
420 1355 431 1415 ;
445 1341 483 1399 et
494 1325 689 1399 custodivit
701 1323 808 1413 illud,
825 1339 863 1397 et
874 1339 1047 1424 praeterea
1059 1347 1152 1422 opus

120 1430 290 1505 »bonum
314 1433 445 1529 adjecit
469 1435 507 1506 in
529 1436 684 1524 vineam.
705 1439 776 1505 Pro
796 1432 871 1505 hoc
891 1436 1003 1532 igitur
1025 1453 1151 1529 opere,

119 1539 234 1622 »volo
250 1565 335 1611 eum
353 1540 430 1622 filio
448 1565 530 1614 meo
547 1540 666 1614 facere
678 1529 963 1613 cohaeredem...
987 1541 1103 1636 Igitur
1121 1539 1152 1608 si

119 1673 137 1710 a
150 1644 365 1717 custodieris
376 1645 547 1718 mandata
558 1649 724 1734 Domini,
735 1661 772 1718 et
782 1645 958 1741 adjeceris
970 1647 1077 1716 etiam
1089 1659 1155 1716 sta-

120 1752 271 1820 »tiones
286 1750 355 1821 has
376 1753 556 1846 majorem
573 1748 784 1848 dignitatem
809 1753 1016 1848 conquires,
1034 1765 1071 1820 et
1088 1749 1155 1821 ho·

124 1881 144 1916 ι
157 1858 324 1924 noratior
340 1853 445 1951 apud·
454 1858 655 1926 Dominum
673 1859 791 1930 eris...
814 1857 975 1927 Primum
993 1857 1156 1926 omnium

129 1991 148 2026 s
162 1985 251 2031 oeve
268 1961 317 2034 ab
335 1965 436 2034 omni
451 1961 599 2060 probro,
617 1977 654 2034 et
677 1966 773 2062 turpi
791 1961 916 2050 verbo,
934 1977 973 2036 et
987 1962 1034 2035 ab
1052 1967 1152 2034 omni

131 2095 151 2132 a>
162 2071 271 2140 noxia
283 2069 493 2167 cupiditate,
507 2084 543 2140 et
555 2067 704 2167 purifica
717 2095 859 2142 sensum
874 2084 978 2141 tuum
990 2067 1036 2140 ab
1051 2073 1151 2141 omni

127 2202 146 2238 n
157 2175 315 2246 vanitate
326 2175 444 2247 saeculi
458 2175 611 2271 hujus...
629 2179 782 2249 Peractis
796 2201 876 2275 quae
892 2179 1148 2275 suprascripta

120 2293 253 2370 nsunt,
271 2280 335 2352 illo
358 2281 418 2352 die
441 2305 515 2378 quo
528 2279 725 2378 jejunabis,
743 2283 835 2354 nihil
853 2286 1005 2354 omnino
1027 2299 1145 2380 gusta·

117 2383 223 2474 nbis,
246 2389 314 2457 nisi
333 2410 465 2486 panem
488 2403 525 2458 et
542 2412 691 2486 aquam;
716 2405 752 2462 et
773 2403 981 2488 computata
1004 2393 1146 2487 quanti-

115 2521 134 2556 »
149 2507 224 2564 tate
256 2493 328 2565 cibi
355 2519 464 2593 quam
488 2499 622 2568 eaeteris
647 2495 776 2570 diebus
798 2511 1023 2570 comesturus
1050 2521 1145 2585 eras,

115 2613 334 2697 »sumptum
354 2602 425 2672 diei
444 2600 540 2674 illius
558 2624 728 2702 reponas,
746 2618 783 2675 et
804 2601 908 2675 dabis
928 2600 1062 2690 viduae,
1081 2627 1147 2701 pu·

114 2733 133 2769 s
145 2705 235 2803 pillo
255 2721 317 2779 ant
337 2711 465 2806 inopi:
487 2723 524 2780 et
548 2710 600 2780 sic
621 2711 889 2782 consummabis
903 2707 1146 2780 humilitatem

113 2842 133 2878 n
146 2815 275 2885 anima
291 2831 410 2888 tuas...
432 2821 478 2888 Et
499 2820 569 2887 erit
586 2815 704 2889 hostia
723 2832 784 2890 tua
804 2831 953 2916 accepta
969 2819 1144 2904 Domino,

112 2952 130 2987 ι
143 2935 181 2994 et
196 2923 373 2996 scribetur
390 2925 462 2997 hoc
477 2925 658 3021 jejunium
675 2939 791 2997 tuum.
804 2957 821 2992 »
1124 2917 1129 2926 ’

161 3033 293 3128 Negari
311 3054 387 3103 non
410 3043 531 3130 potest
545 3033 584 3101 in
602 3030 674 3103 hoc
697 3052 807 3132 opere
827 3055 920 3129 saepe
942 3028 1067 3102 eadem
1090 3055 1142 3102 re·
1249 3117 1250 3127 ἵ

113 3159 276 3222 cursare,
293 3159 360 3207 nec
379 3137 571 3235 precaveri
590 3160 775 3226 nauseam,
794 3137 980 3235 allegorias
998 3136 1141 3235 longius

110 3266 228 3340 quam
241 3266 305 3339 par
318 3257 371 3316 est
385 3246 577 3342 expositas,
590 3243 748 3343 denique
761 3245 959 3318 dictionem
971 3245 1140 3316 laxiorem

79 3429 82 3436 ,
112 3371 195 3420 esse
219 3361 258 3418 et
281 3347 475 3446 aliquando
493 3355 672 3424 nonsatis
694 3350 1076 3434 emendatam,saltem
1102 3357 1139 3424 iu

112 3457 295 3527 versione.
323 3457 389 3526 Ast
410 3454 500 3527 illud
525 3481 600 3528 non
624 3457 766 3531 obstitit
790 3460 990 3554 quominus·
1003 3463 1140 3537 Hermae

114 3563 283 3634 instituta
296 3563 419 3633 statim
429 3561 713 3653 invaluerint,et
726 3566 855 3638 usitata
867 3561 1079 3639 fuerintsive
1090 3571 1136 3643 ad
1254 3577 1260 3586 '

112 3667 381 3743 confirmandas
398 3671 571 3744 veritates
586 3667 688 3762 fidei,
701 3673 773 3744 sive
785 3669 832 3745 ad
845 3669 1057 3747 refellendos
1069 3676 1137 3750 hae·

112 3778 254 3852 reticos.

150 3900 273 3962 Librum
295 3905 421 3964 Pastoris
434 3905 546 3984 primus
560 3905 651 3968 edidit
666 3909 798 3970 Lefcsvre
811 3899 990 3992 d'Etampcs,
1005 3916 1135 3990 Parisiis,
