2648 4598
27 263 422 289 mmnstfflmfflmfflm
427 257 837 282 mmmm-mmmmm
840 257 929 276 mm
934 256 1002 274 mm
1008 253 1036 274 Ἀ

49 459 412 583 SANCTUS
452 451 1002 584 THEOPHILUS.

137 730 445 822 arrscorus
475 725 920 820 Anrrocnenus.

374 957 484 1046 (cruca
510 979 561 1021 tu.
593 955 687 1041 186.)

443 1191 610 1243 GRAECUS.

312 1391 752 1444 ...ὂψεως-

68 1621 224 1686 Seuerus
238 1619 475 1700 Taenarum,
490 1636 533 1683 ex
547 1632 686 1709 pagano
701 1607 933 1696 Christianus,
955 1633 1038 1680 sex-

19 1737 78 1790 tus
106 1735 189 1817 post
214 1725 359 1791 Petrum
389 1722 579 1816 episcopus
605 1715 705 1786 Eroti
728 1718 764 1783 in
779 1713 1039 1811 ‘pontificalem

18 1827 217 1898 Antiochiae
235 1825 356 1896 sedem
372 1823 543 1900 suffectus
563 1837 627 1905 est,
643 1845 737 1890 anno
753 1819 885 1892 Christi
907 1821 983 1894 168.

70 1935 127 2001 Sic
152 1935 229 2027 ipse
248 1955 426 2001 conversae
444 1929 490 2000 ad
512 1933 630 1998 Deum
647 1927 778 1994 mentis
800 1925 963 1996 ordinem
981 1951 1040 1997 ex-

18 2039 145 2132 ponit:
162 2041 235 2106 «Et
253 2060 318 2131 ego
335 2031 483 2132 quidem
500 2028 684 2130 quondam
700 2053 827 2126 parum
840 2029 974 2102 credidi
988 2055 1038 2104 re·

16 2174 33 2208 »
50 2147 308 2214 surrectionem
321 2139 499 2213 futuram:
517 2153 554 2210 at
566 2162 607 2209 ea
619 2160 701 2208 cum
716 2138 836 2207 auimo
850 2137 1039 2235 diligenter

16 2249 200 2320 »volvens
230 2248 488 2344 revolvensque
514 2269 594 2342 quae
620 2243 730 2314 modo
758 2241 924 2330 diximus,
951 2245 1039 2318 nihil

14 2386 32 2420 o
49 2355 402 2450 haesitansplihenler
433 2357 474 2425 iis
504 2349 613 2423 fidem
642 2350 885 2422 accommodo.
917 2353 1038 2426 Fidem

16 2493 34 2524 n
51 2485 169 2531 meam
196 2461 391 2558 plurimum
418 2459 633 2556 adjuvarunt
656 2460 796 2528 Litterae
818 2483 924 2530 sacrae
950 2485 1040 2558 quas

14 2598 33 2630 »
51 2565 142 2661 legi;
163 2569 329 2664 inprimis
349 2581 467 2638 tamen
488 2563 749 2662 Prophetarum
780 2563 936 2652 oracula,
961 2592 1041 2662 quae

13 2675 188 2768 »Spiritu
213 2689 336 2743 sancto
362 2671 474 2744 afflati
500 2668 705 2768 praedixere,
732 2671 927 2767 plurimum
953 2673 1042 2743 mihi

13 2809 32 2840 ›>
52 2778 275 2848 contulere...
292 2776 532 2848 Confirmatus
545 2778 655 2873 igitur
669 2800 712 2845 ex
727 2779 768 2845 iis
781 2800 861 2870 quae
874 2774 1042 2874 praedicta

13 2913 32 2946 »
52 2899 172 2953 sunta
185 2883 372 2979 Prophetis
387 2899 423 2953 et
438 2883 633 2976 contigere,
648 2905 721 2950 non
739 2880 892 2976 amplius
906 2880 1042 2970 haesito,

13 3020 32 3052 »
53 2986 119 3056 sed
135 2993 212 3060 Deo
231 2986 340 3059 fidem
357 2987 487 3070 habeo,
506 2985 647 3055 lubenti
664 2985 783 3053 animo
802 2987 835 3054 ei
855 2984 1042 3086 obtempe-

10 3126 30 3159 »
53 3119 147 3162 rans.
163 3126 181 3160 ι»
199 3093 254 3188 (S.
268 3093 432 3190 Theoph.
451 3090 514 3162 lib.
538 3116 557 3159 a
578 3087 624 3160 ad
642 3089 805 3185 Autolyc.
824 3093 843 3183 S
863 3093 943 3189 78.)

71 3199 196 3272 Plures
215 3207 403 3298 scripserat
423 3212 547 3270 contra
568 3195 719 3266 haereses
741 3195 863 3286 libros,
885 3207 1045 3273 testanti-

11 3305 92 3374 bus
118 3302 273 3374 Eusebio
294 3302 401 3372 simul
423 3317 459 3372 et
478 3303 709 3394 Hieronymo,
731 3301 794 3396 qui
817 3304 914 3373 varia
934 3305 1045 3400 ipsius

11 3425 152 3483 contra
168 3416 284 3482 varios
302 3435 414 3507 opera
434 3409 557 3505 legisse
576 3407 780 3478 declarant:
797 3409 1048 3507 «Theophilus

11 3553 30 3586 >2
54 3543 131 3588 una
155 3543 237 3589 cum
264 3521 398 3589 caeteris
421 3515 590 3587 adversus
607 3513 793 3586 haereticos
817 3513 1047 3614 depugnavit,

9 3665 28 3696 ‚r
52 3642 99 3697 ut
121 3643 262 3698 constat
286 3652 330 3698 ex
352 3625 511 3722 quodam
535 3623 630 3693 illius
651 3622 746 3693 libro
767 3621 1047 3722 haudquaquam

8 3771 28 3802 »
51 3735 272 3830 spernendo,
303 3758 411 3832 quem
443 3747 567 3803 contra
591 3734 814 3802 Marcionem
841 3732 1047 3820 elaboravit,

10 3873 30 3906 2>
53 3842 123 3934 qui
140 3839 230 3911 liber
247 3865 317 3912 una
336 3863 417 3910 cum
439 3839 514 3909 aliis
533 3862 627 3934 quos
646 3837 752 3909 retuli
770 3841 964 3908 etiamnum
989 3863 1047 3908 ex·
