2630 4614
378 258 417 322 ὄπ
748 279 880 324 narratu
903 277 1014 323 assrnu

377 385 559 452 Graecorum
573 381 755 473 disciplinis,
777 385 944 452 diviniores
959 405 1047 473 quam
1065 397 1094 450 nt
1107 406 1161 450 cm
1170 407 1245 450 aaut

377 495 500 560 roribus
515 491 649 559 conferri
670 491 799 580 possint.
820 492 883 558 Usu
898 492 976 558 milri
990 491 1081 557 evenit
1091 504 1119 556 ut
1129 491 1164 557 lis
1175 491 1248 556 llari

376 605 483 669 berem
496 613 624 690 propter
638 600 762 666 <licendi
777 623 875 690 geum
886 600 1015 666 minimo
1028 623 1156 688 arrogans,
1164 600 1243 686 scriptu

375 711 534 801 ingenium
548 709 671 776 artificii
686 733 809 799 expers,
821 710 959 798 universi
975 709 1119 776 creationis
1129 706 1241 796 explicatis

374 829 467 906 captu
489 817 624 896 facilem,
647 817 825 884 futurorum
849 817 1123 908 praecognitionem,
1138 828 1241 902 praeapte

373 925 601 1004 excellentiam,
614 949 652 994 ac
666 925 855 1017 singularem
866 928 1080 994 universorum
1088 925 1241 1014 principatui

373 1061 434 1125 que
449 1048 555 1104 mente
568 1059 639 1102 mea
655 1037 800 1103 divinitus
815 1038 927 1104 edocta
946 1034 1079 1103 intellexi
1092 1034 1139 1098 ista
1149 1033 1242 1118 quiana

372 1144 564 1210 damnationi
589 1143 693 1210 affinia
717 1167 798 1220 osse,
822 1146 861 1209 alr
886 1143 936 1209 his
958 1155 1064 1210 autem
1079 1137 1243 1208 seruitutenla¹

372 1275 442 1340 quae
457 1253 490 1318 in
504 1252 623 1318 mundo
642 1264 701 1330 est,
712 1251 850 1328 dissolvi,
866 1275 987 1339 nosque
999 1275 1016 1316 a
1029 1249 1123 1317 multis
1135 1247 1243 1338 principis

371 1357 500 1424 infinitis
522 1358 661 1446 tyrannis
682 1354 821 1433 liberari,
836 1380 874 1424 ac
890 1357 975 1423 dono
990 1358 1093 1448 augeri
1108 1377 1157 1420 non
1168 1351 1243 1436 illop'e

369 1464 444 1532 alias
461 1489 526 1532 non
537 1487 699 1542 concesso,
716 1463 771 1531 sed
787 1465 872 1554 quod
885 1478 1056 1556 acceptum
1068 1464 1174 1530 retinere
1186 1479 1243 1522 tuas

369 1575 490 1642 aluerat.

411 1681 518 1748 XXX.
537 1683 657 1751 Horum
672 1686 849 1775 cognitione
864 1686 1005 1754 initiatus
1020 1698 1053 1751 et
1065 1671 1242 1750 narnensis

369 1803 431 1856 star
452 1814 623 1880 puerorum
644 1793 811 1860 infantium
832 1795 903 1860 exui
925 1806 958 1860 et
979 1793 1100 1860 nudari.
1122 1782 1239 1872 Nequius

368 1911 513 1965 naturam
524 1901 726 1980 minimorum
737 1900 892 1968 seminum
903 1911 1027 1967 naturae
1038 1897 1234 1967 similantem

368 2007 483 2096 quippe
498 2031 573 2076 cum
585 2031 624 2074 ex
637 2008 740 2096 parvis
760 2009 929 2075 momentis
945 2010 1007 2076 iste
1024 2007 1241 2076 corroborante.-

366 2128 471 2182 tamen
491 2116 716 2195 dissolvendus,
739 2118 764 2182 si
782 2119 885 2184 verbis
906 2117 966 2184 Dei
985 2119 1083 2186 fidem
1103 2113 1241 2202 adjungeret

366 2250 423 2292 nos
438 2227 496 2314 ipsi
511 2227 706 2316 dissipemus.
725 2227 836 2295 Nostra
850 2229 935 2293 enim
951 2229 1067 2294 invasit
1081 2209 1244 2316 opeootllfflllJ

366 2335 438 2399 dam
453 2333 604 2410 thesauri,
622 2357 715 2422 quom
730 2333 808 2399 dum
821 2334 969 2413 ludimus,
980 2333 1113 2423 pulvere
1123 2307 1240 2424 ptlffllllll

365 2464 485 2518 sumus,
502 2442 560 2531 ipsi
575 2455 680 2507 autem
699 2442 889 2509 consistendi
906 2443 1034 2530 copiam
1051 2419 1244 2533 protrusi&

364 2550 449 2614 enim
466 2571 555 2614 suam
569 2549 796 2638 possessionem
812 2572 879 2616 esse
893 2549 1028 2626 ducens,
1048 2527 1244 2639 pretiosiore&

364 2658 396 2724 in
408 2681 497 2726 suam
508 2669 693 2746 potestatem
705 2657 833 2747 redegit.
847 2658 949 2745 Atque
960 2658 1032 2725 haec
1043 2639 1244 2746 quidemuoil‘ssi'

363 2768 435 2834 sint.
449 2766 545 2834 Vobis
559 2777 666 2832 autem
681 2767 799 2832 Graecis
814 2767 889 2854 quid
904 2764 988 2832 aliud
1003 2767 1119 2842 dicam,
1133 2759 1245 2858 nisiaea

362 2876 492 2943 lienibus
507 2875 685 2944 convicium
700 2875 831 2951 faciatis,
847 2898 920 2950 nec,
935 2876 960 2940 si
981 2874 1109 2942 barbari
1124 2870 1245 2936 diculffii'

362 3008 469 3051 ansam
484 2983 637 3074 arripiatis
654 2982 838 3072 cavillandi?
855 2984 934 3050 Nam
950 3006 1008 3050 cur
1024 2983 1076 3050 alii
1094 2979 1196 3046 aliorum
1205 2965 1246 3042 lui

362 3095 496 3160 invicem
511 3091 683 3182 intelligere
697 3092 906 3181 nonpossint,
923 3115 1064 3168 causam,
1080 3087 1104 3154 si
1118 3080 1246 3154 vultistttf

361 3203 511 3292 poteritis.
527 3201 638 3269 Nostra
654 3203 739 3268 enim
753 3203 911 3291 inquirere
930 3203 954 3268 si
973 3202 1086 3279 velitis,
1103 3191 1199 3266 facilem
1207 3177 1246 3242 uls

361 3311 519 3400 copiosam
532 3310 745 3376 narrationem
755 3311 926 3377 instituam.

403 3417 526 3487 XXXI.
541 3417 633 3485 Nunc
647 3430 753 3485 autem
765 3421 932 3486 convenire
944 3421 1089 3495 arbitror,
1102 3391 1246 3501 utphilostpl‘

349 3543 498 3597 nostram
520 3528 704 3596 Graecorum
727 3530 896 3619 disciplinis
918 3531 1121 3620 antiquiorem
1137 3511 1250 3590 casedcll

360 3651 450 3704 trem.
460 3637 600 3706 Termini
611 3638 703 3710 uobis
713 3649 806 3706 crunt
817 3637 918 3705 Moses
929 3651 961 3705 et
972 3621 1243 3718 Homerusthlll'·

360 3748 398 3810 sit
413 3749 649 3826 vetustissimus,
665 3773 703 3815 ac
717 3750 775 3815 isto
790 3749 918 3838 quidem
932 3762 1094 3839 poetarum
1104 3757 1133 3810 et
1144 3724 1251 3844 historiali

359 3854 602 3943 antiquissimus,
612 3857 665 3925 hic
673 3859 928 3927 automharharae
936 3860 1037 3926 omnis
1050 3847 1180 3946 sapientt'ae
1188 3837 1253 3926 ΡΜ
