2606 4620
279 315 338 355 ιι
364 311 500 355 saronas
523 311 727 356 ranaruonuu.
960 293 1024 376 489

6 421 33 484 d
51 415 192 484 tribunal
208 439 380 490 accessere,
399 439 462 504 quo
479 417 593 479 iterum
608 438 625 479 a
645 417 777 504 praeside
794 419 1025 506 interrogaren-

6 551 59 589 ιι.
83 526 209 613 Quippe
223 525 412 609 rescriptum
423 523 525 586 fuerat
537 546 554 586 a
566 523 701 598 Caesare,
716 537 750 588 ut
762 525 950 589 confitentes
961 524 1027 610 qui·

5 653 72 692 ,em
79 653 88 700 ;
101 626 204 714 gladio
218 628 414 692 caederentur
426 626 459 689 hi
470 631 545 690 vero
556 627 609 713 qui
621 640 783 714 negarent,
793 629 1027 692 dimitterentur

5 735 186 800 :icolumes
207 733 340 796 Ineunte
360 732 454 818 igitur
469 731 600 796 solemni
623 733 708 819 apud
728 757 784 798 nos
799 745 956 808 mercatu,
972 735 1028 818 qui

5 841 138 904 naxium
151 839 315 903 hominum
326 838 498 924 frequentia
512 837 702 911 celebratur,
711 852 819 927 utpote
831 862 870 904 ex
880 841 1026 904 omnibus

4 944 129 1032 sopulis
143 968 181 1009 uc
195 945 362 1032 provinciis
376 967 414 1008 eo
430 946 636 1010 conveniente
653 945 1026 1022 virorumsmultitudine,

4 1076 118 1118 ›raeses
131 1027 327 1117 beatissimos
340 1051 492 1137 Martyres
507 1052 548 1115 ad
568 1050 706 1116 tribunal
722 1052 837 1117 adduci
852 1055 1027 1140 jussit'tan-

4 1182 97 1245 [uam
118 1159 150 1221 in
170 1156 315 1222 theatrali
334 1180 450 1245 pompa
475 1180 528 1222 eos
547 1155 666 1246 populo
691 1169 860 1222 ostentans.
884 1159 1027 1246 Cumque
1130 1183 1133 1190 ’

2 1265 72 1330 llos
89 1266 193 1330 denuo
209 1265 442 1352 interrogasset,
458 1265 651 1352 quicumque
666 1266 750 1329 cives
765 1265 897 1329 Romani
913 1267 1029 1352 reperti

7 1385 88 1446 unt,
106 1373 207 1459 cupite
222 1373 370 1447 truncati,
387 1371 499 1460 reliqui
515 1373 620 1437 traditi
633 1385 706 1437 sunt
717 1374 835 1438 hestiis.

45 1479 94 1543 XI
99 1481 136 1544 ll.
154 1481 310 1545 Caeterum
327 1482 435 1568 ingens
447 1479 545 1568 gloria
557 1480 689 1572 accessit
701 1477 826 1544 Christo
839 1503 896 1564 per
908 1503 961 1544 eos
976 1481 1029 1566 qui

1 1587 89 1650 »rius
112 1587 240 1673 quidem
262 1599 465 1675 negaverant,
489 1598 567 1650 tunc
582 1609 656 1651 vero
678 1586 912 1652 confitebantur
934 1585 1031 1649 fidem

1 1695 120 1759 {hristi
131 1706 246 1781 praeter
261 1718 350 1783 spem
362 1708 456 1784 atque
468 1695 734 1782 exspectationem
746 1693 921 1780 gentilium.
935 1694 974 1758 lli
987 1693 1029 1756 si-

1 1801 131 1888 {uidem
147 1823 288 1865 seorsum
304 1802 486 1887 interrogati
498 1813 572 1865 sunt
583 1801 670 1886 quasi
682 1823 757 1864 mox
768 1799 962 1874 absolvendi,
976 1800 1029 1885 qui
1049 1857 1062 1864 ..

14 1929 77 1968 (ιιιι
95 1928 127 1969 se
142 1906 337 1970 Christianos
354 1907 487 1972 confessi
506 1919 622 1982 essent,
639 1905 836 1992 reliquorum
855 1905 1030 1990 Martyrum

1 2033 138 2076 aumero
155 2011 305 2098 adscripti
320 2023 402 2076 sunt.
427 2013 523 2078 Foras
539 2025 645 2076 autem
660 2025 843 2076 manserunt
860 2012 881 2076 ii
895 2035 1030 2098 quorum

0 2166 1 2173 ι
14 2117 117 2181 nimis
129 2121 189 2183 nec'
204 2120 368 2206 vestigium
382 2118 480 2184 ullum
491 2117 578 2190 fidei.
591 2142 652 2185 nec
663 2120 836 2186 reverentia
849 2122 940 2185 vestis
952 2144 1030 2208 nup

6 2222 97 2298 ialis,
113 2247 174 2289 nec
188 2248 296 2290 sensus
314 2227 433 2290 timoris
443 2227 501 2291 Dei
517 2227 687 2314 impressus
702 2249 842 2311 unquam
853 2227 1025 2299 insederat;

2 2332 58 2396 rlii
74 2330 196 2396 scilicet
209 2333 406 2418 perditionis,
423 2334 476 2419 qui
494 2357 550 2396 sua
567 2335 707 2420 ipsorum
722 2335 958 2400 conversatione
976 2358 1028 2398 re-

1 2439 152 2525 igionem
173 2462 268 2524 quom
288 2441 518 2528 profitebantur
537 2441 771 2506 infamaverunt.
786 2441 904 2506 Verum
922 2442 1028 2506 aeteri

0 2569 114 2610 mnes
126 2548 280 2633 aggregati
297 2559 369 2612 sunt
384 2547 550 2621 Ecclesiae;
566 2550 605 2613 de
620 2549 734 2635 quihus
746 2571 820 2614 cum
832 2547 962 2633 quaestio
975 2549 1029 2612 ha·

0 2664 144 2726 1eretur,
157 2651 334 2719 Alexander
348 2655 475 2742 quidam
490 2657 617 2720 natione
631 2655 748 2742 Phryx,
761 2639 953 2741 professione
965 2677 1029 2717 me-

0 2762 106 2832 icus,
131 2761 184 2846 qui
200 2759 306 2848 plures
321 2763 386 2850 jum
408 2786 506 2828 annos
522 2775 663 2827 moratus
676 2763 779 2827 suerat
794 2762 827 2824 in
845 2759 966 2833 Galliis,
983 2759 1029 2822 vir

0 2867 150 2931 mnibus
165 2869 345 2933 notissimus
361 2869 401 2932 oh
418 2892 559 2934 amorem
576 2869 635 2932 Dei
651 2880 683 2930 et
704 2863 1029 2949 eximiamin'praedi-

13 2973 103 3036 anda
123 2970 187 3034 fide
208 2971 387 3038 libertatem
412 2975 548 3061 (quippe
565 2971 752 3059 Apostolicre
775 2971 880 3058 gratiae
900 2970 1029 3036 minime

9 3101 114 3162 xpers
130 3081 231 3164 erut),
246 3079 395 3144 tribunali
411 3080 577 3152 adsistens,
591 3101 665 3143 cum
681 3077 749 3142 illos
765 3077 806 3140 ad
820 3077 893 3141 fidei
905 3080 1030 3143 conses-

0 3185 127 3246 .ionem
142 3183 269 3247 nutibus
286 3185 478 3260 hortaretur,
496 3186 619 3252 cunctis
634 3185 688 3270 qui
703 3183 840 3249 tribunal
855 3185 1030 3250 circumda-

2 3299 95 3360 ant,
114 3299 263 3373 tanquam
278 3294 454 3378 parturiens
469 3292 643 3357 videbatur.
661 3292 704 3357 At
718 3290 827 3378 vulgus
841 3287 972 3355 moleste
983 3291 1030 3354 se-

13 3419 89 3469 cus,
112 3396 198 3481 quod
213 3398 271 3483 qui'
282 3409 372 3464 antea
389 3397 485 3464 fidem
496 3411 686 3487 negaverant
697 3397 841 3462 eamdem
856 3398 896 3461 de
908 3398 1029 3484 integro

16 3503 245 3579 omitterentur,
263 3507 410 3572 adversus
433 3506 645 3573 Alexandrum
665 3520 815 3594 tanquam
836 3504 931 3591 hujus
953 3505 1029 3569 faci-

20 3610 88 3674 oris
110 3623 272 3676 auctorem
300 3613 500 3678 conclamare
523 3615 628 3701 coepit.
654 3614 775 3679 lustuns
797 3611 881 3676 illico
903 3634 1027 3698 presses,

1 3719 206 3804 interrogavit
221 3721 397 3796 hominem,
413 3723 558 3809 quisnam
575 3734 666 3787 esset.
688 3721 751 3800 Qui
771 3742 845 3785 cum
868 3717 1028 3786 Christia-
