2630 4614
329 195 450 240 ceurae
475 195 596 241 cuncos
619 195 745 240 enarro.
1006 171 1048 258 59

32 298 177 366 Salomon
192 311 297 368 autem
315 301 465 368 Chiramo
478 300 605 390 aqualis
615 300 717 368 multo
729 299 887 366 recentior
897 311 944 364 eat
954 297 1047 364 blesis

31 421 130 473 aetate.

73 515 255 584 XXXVIII.
281 517 363 584 Sunt
382 518 478 584 etiam
496 517 716 608 AEgyptiorum
736 529 877 605 tempora
900 526 1048 583 accurato

30 627 199 716 descripte,
215 615 383 716 rerumque
394 627 479 717 apud
489 650 543 694 eos
554 641 712 717 gestarum
724 627 877 716 interpres
887 636 936 692 est
946 623 1047 691 Ptole-

31 735 1048 826 macnenonillequidemrex,sedsacerdoslllendesiua.lsregum

31 869 82 912 res
90 858 191 935 gestas
198 846 397 936 exponens,d
401 846 504 913 udaeos
512 849 570 914 sub
579 844 921 934 AmoseAEgypti'orum
929 863 1002 932 rege
1009 863 1048 908 ex

30 954 168 1045 AEgypto
184 956 218 1022 in
235 978 272 1022 ea
289 977 358 1042 quse
373 967 569 1044 occuparunt
584 953 666 1030 loca,
683 955 765 1020 duce
776 953 874 1028 blase,
890 952 1048 1042 profectos

29 1089 98 1132 esso
109 1076 251 1132 testetur.
265 1065 595 1153 Sieautemloquitur:
608 1065 753 1133 «Amasis
761 1073 1049 1149 autemerataequa-

29 1205 41 1235 »
59 1173 95 1240 lis
111 1175 229 1242 lnaclro
242 1175 317 1264 rogi.
332 1203 345 1240 e
359 1175 433 1242 Post
443 1175 529 1245 hunc
541 1175 665 1265 Appiae
677 1174 901 1264 grammaticus
913 1172 960 1237 vir
971 1172 1050 1238 doe-

29 1284 184 1361 tissimus,
194 1285 226 1352 in
237 1281 614 1373 quertoAEgyptiecorum
627 1284 712 1371 (sunt
722 1283 809 1349 enim
820 1283 957 1370 quinque
968 1269 1049 1348 illius

28 1392 119 1480 libri)
148 1391 308 1459 lateralia
329 1389 429 1458 multa
457 1403 589 1459 testetur
608 1391 736 1458 Avarim
758 1391 906 1459 evertisse
928 1391 1050 1458 Amasis

27 1501 144 1590 Argivo
165 1499 282 1569 Inacho
297 1499 468 1588 aeqwaatem,
490 1512 526 1566 ut
546 1500 578 1566 in
600 1499 773 1566 Annalibus
797 1499 923 1588 scripsit
946 1487 1052 1564 Ptole-

25 1635 126 1677 maeus
143 1610 331 1678 Mendesius.
340 1609 487 1697 ,Tempus
508 1620 614 1676 autem
637 1610 723 1697 quod
742 1611 782 1676 ab
805 1608 923 1675 Inacho
943 1608 984 1673 ed
1004 1606 1051 1674 llii

25 1719 187 1786 excidium
209 1719 341 1794 eilluxit,
365 1729 472 1783 aetates
495 1716 605 1806 implet
625 1717 747 1806 viginti3
767 1717 862 1806 idque
878 1717 943 1786 hoe
955 1717 1051 1782 modo

10 1897 11 1912 p
27 1829 271 1894 demonstretur.
711 1829 721 1844 '

72 1935 229 2002 XXXIX.
248 1934 288 2000 lli
302 1932 431 2000 luerunt
445 1933 634 2022 Argivorum
648 1949 748 2024 reges,
765 1934 913 2012 Inachus,
930 1936 1053 2002 Phoro-

10 2027 121 2128 Jneus.
142 2043 230 2131 Apis,
253 2041 536 2131 Criasis,'lriopas,
558 2042 683 2132 Argius,
706 2043 860 2120 Phorbas,
884 2044 1049 2134 Crotopes,

10 2149 210 2226 'Steneleiiaa
221 2151 362 2227 Danaiie,
377 2147 535 2238 Lynceus,
551 2151 686 2227 Proetus,
705 2151 802 2228 Abas,
815 2150 966 2227 Acrisius,
979 2143 1051 2218 Per-

10 2283 110 2344 seus,
127 2249 304 2336 Stenelaiis,
322 2259 451 2336 Arreus,
468 2259 634 2348 Thyestes,
650 2261 881 2352 Agamemnon,
898 2263 993 2350 cujus·
1004 2286 1051 2328 re-

26 2373 81 2460 gni
109 2389 192 2436 anno
215 2369 338 2436 decimo
366 2381 477 2438 octavo
503 2383 593 2459 capta
615 2383 662 2437 est
683 2370 788 2460 Troje.
820 2372 922 2437 Debet
943 2383 1050 2438 autem
1109 2408 1118 2420 ·

10 2563 11 2566 Ἴ
25 2480 167 2568 quisquis
182 2481 262 2567 sapit
276 2477 440 2570 dlllgeuter
454 2482 633 2556 observare,
650 2471 772 2548 nullum
787 2480 924 2547 historia
939 2503 1051 2548 monn-

10 2587 171 2656 'mentum
186 2589 271 2677 apud
286 2589 425 2666 (brucos,
442 2589 711 2678 quemadmodum
726 2590 784 2677 ipsi
800 2589 980 2676 perhibent,
997 2588 1052 2654 lit-

25 2699 101 2764 teris
127 2698 344 2786 consignetum
370 2697 474 2763 luisse.
502 2697 582 2762 Nam
605 2688 757 2771 Cadmus,
784 2697 838 2781 qui
863 2695 982 2760 litteras
1008 2697 1052 2762 cis

26 2807 169 2882 tradidit,
189 2819 261 2895 post
274 2806 390 2873 multas
404 2805 621 2894 generationes
638 2804 671 2870 in
689 2803 845 2870 boeotiam
861 2804 955 2868 venit.
979 2802 1053 2869 Post
1169 2795 1180 2808 ’

28 2915 183 2981 lnaehum
197 2925 308 2978 eutem·
318 2915 377 2978 suh
393 2912 559 2977 Phoroneo
574 2911 625 2976 vix
640 2911 770 2976 tandem
784 2910 940 2989 homines,
957 2915 997 2980 ab
1009 2915 1052 2981 el-

29 3025 129 3088 lerata
140 3023 311 3088 nomadum
322 3022 398 3096 uita,
410 3021 451 3084 ad
461 3017 673 3085 liberaliorem
684 3017 805 3084 cultum
816 3020 951 3087 traducti
964 3035 1047 3091 suat.

30 3131 250 3211 Quamobrem
265 3132 290 3196 si
305 3130 425 3196 Inacho
438 3126 566 3216 aequalis
581 3127 694 3204 lloses,
713 3128 803 3194 annis
817 3130 1053 3220 'quadringentis

28 3239 115 3306 hello
137 3238 275 3326 Trojano
291 3237 457 3326 antiquior.
477 3235 580 3325 Atque
600 3235 633 3301 id
651 3236 747 3301 etiem
765 3234 998 3305 demonstratur
1015 3265 1054 3308 ex

27 3367 142 3437 regum
157 3345 356 3422 Atticorum,¹
365 3358 397 3411 et
410 3345 631 3421 Macedonum,
647 3357 680 3410 et
693 3342 936 3414 Ptolemaeorum
947 3357 980 3413 et
991 3350 1055 3416 An-

27 3454 212 3521 tiochorum
227 3451 485 3520 successionibus.
506 3449 596 3516 Unde
611 3450 636 3515 si
651 3462 722 3538 post
738 3449 891 3518 Inachum
906 3452 1054 3524 clariores

25 3584 162 3650 quasque
184 3583 233 3626 res
257 3572 351 3650 gostee
373 3559 457 3648 apud
472 3557 599 3626 Groeeos
617 3557 740 3647 scripte
755 3569 793 3625 ee
808 3571 891 3627 notae
906 3561 1050 3641 luerunt;

25 3672 180 3740 nimirum
195 3671 289 3738 etiam
304 3683 374 3760 post
389 3669 518 3736 Illosem.
538 3669 619 3736 Nam
633 3665 811 3746 Phoroneo,
832 3671 885 3758 qui
904 3677 1054 3743 successit

25 3781 162 3859 Inacho,
181 3775 310 3870 Ogygus
331 3780 415 3869 apud
435 3779 639 3846 Athenienses
662 3776 789 3866 aequelis
808 3778 877 3855 fuit,
905 3786 962 3849 sub
991 3809 1052 3872 quo
