2688 4626
323 281 362 322 aa
386 279 510 324 caucos
535 278 748 324 concursare.
994 259 1051 343 ¹7⁵

20 387 153 476 sajores
177 389 260 454 samo
279 387 412 454 adducti
433 411 475 456 en
492 387 655 458 Phoenicia
675 389 713 454 in·
725 385 903 476 AEgyptum
919 389 1056 454 transiis-

15 509 95 574 ÷·nt,
110 498 156 564 ibi
170 499 276 566 virum
286 495 379 564 illum
391 508 504 563 natum
516 519 598 574 esse,
611 517 707 583 quem
718 495 807 562 Deus
819 495 861 560 ob
876 517 1060 584 exsuperan-

15 629 78 670 Jm
102 605 261 672 virtutem
286 626 401 670 ornare
426 601 540 677 voluit,
564 625 603 670 ac
626 602 714 692 genti
736 624 804 668 suae
829 601 1006 690 principem
1030 612 1062 666 et

19 737 137 782 uccm
155 729 190 780 ct
205 713 420 803 legislatorem
436 712 590 802 prael'ecit,
611 734 686 779 oum
703 734 742 776 er
758 710 898 799 AEgypto
913 711 1063 777 Hebraeo·

15 847 90 888 um
112 821 356 889 multitudinem
378 821 410 886 in
427 821 589 909 propriam
610 818 775 907 regionem
792 818 910 894 redire,
930 842 1060 906 aequum

15 934 191 1000 udicavit.
210 933 303 998 Hunc
317 931 399 996 Deus
415 930 521 997 divino
535 927 590 994 illo
604 939 637 994 et
651 927 840 1018 prophetico
855 929 955 1004 douo,
970 929 1059 1016 quod

15 1065 86 1106 nm
105 1041 143 1106 in
159 1050 286 1105 sanctos
300 1038 443 1105 homines
458 1059 584 1103 sursum
599 1036 825 1112 descendebat,
842 1038 982 1125 primum
1000 1037 1058 1102 im-

16 1149 171 1214 crtivit:
188 1147 278 1212 hunc
293 1147 430 1234 primum
443 1143 608 1234 religionis
627 1154 742 1212 nostrae
759 1144 948 1234 magistrum
965 1145 1058 1212 insti·

15 1259 88 1332 nit,
106 1279 148 1322 ac
164 1255 279 1322 deinde
292 1265 423 1320 caeteros
438 1266 509 1343 post
521 1277 596 1318 eum
611 1253 795 1342 prophetas,
812 1254 866 1341 qui
878 1266 911 1320 et
921 1255 1007 1320 ide'm
1019 1276 1058 1318 ac

15 1365 62 1428 llc
83 1363 209 1428 donum
224 1363 409 1451 consequuti
425 1372 515 1438 sunt,
532 1373 566 1428 et
578 1385 637 1428 nos
649 1363 764 1428 eadem
777 1362 891 1428 iisdem
907 1364 947 1428 de
963 1366 1058 1429 rebus

15 1475 170 1538 locucrc.
185 1473 249 1538 Hos
261 1471 419 1562 religionis
431 1485 548 1538 nostre
559 1471 727 1560 magistros
739 1469 836 1537 luisse
849 1472 997 1547 dicimus,
1006 1475 1061 1561 qui

15 1607 78 1647 ron
101 1603 145 1646 ex
163 1580 301 1646 humana
326 1581 519 1668 cogitatione
544 1603 602 1646 nos
626 1579 820 1654 docuerunt,
841 1578 956 1644 sedes
978 1578 1063 1644 dono

15 1690 106 1778 [uod
123 1711 254 1754 sursum
269 1711 286 1752 o
302 1687 371 1753 Deo
386 1710 553 1775 accepere.

53 1799 127 1865 XI.-
146 1796 213 1864 Vos
227 1807 337 1861 autem
350 1795 423 1882 quia
438 1797 479 1860 ob
495 1793 636 1882 priorem
649 1807 778 1882 patrum
789 1807 967 1863 vestrorum
978 1821 1068 1863 erro-

15 1933 93 1973 ¹cm
107 1907 161 1972 his
172 1904 412 1970 assentiendum
423 1925 492 1968 csse
503 1927 569 1968 non
583 1905 712 1992 putatis,
726 1927 805 1991 quos
817 1905 944 1972 tandem
956 1905 1067 1995 dignos

15 2017 91 2081 ide
104 2013 270 2102 religionis
282 2022 392 2080 vestrae
402 2012 569 2100 magistros
582 2013 684 2078 dicitis
695 2013 872 2080 exstitisse?
885 2015 1065 2091 Fierienim

15 2149 90 2191 ron
108 2135 232 2212 potest,
250 2131 285 2186 ut
300 2122 367 2209 jam
382 2141 465 2207 saepe
481 2120 556 2194 dixi,
575 2121 677 2208 utqui
695 2133 761 2186 tem
779 2145 893 2210 magna
910 2136 942 2190 et
959 2124 1064 2191 divina
1172 2193 1176 2202 ,

15 2237 112 2300 »rius
131 2256 152 2297 n
169 2232 279 2322 peritis
296 2254 361 2296 non
380 2228 566 2305 didicariat,
580 2252 617 2294 ea
635 2229 683 2296 vel
701 2231 760 2319 ipsi
778 2232 892 2308 sciant,
910 2233 960 2300 vel
977 2245 1065 2302 recte

15 2347 100 2409 ilios
116 2341 255 2407 edocere
270 2340 401 2428 possint.
420 2339 521 2428 lgitur
535 2361 574 2403 ex
590 2337 639 2404 his
654 2363 724 2427 quae
739 2340 887 2417 diximus,
902 2366 977 2408 cum
989 2344 1064 2408 satis

15 2441 225 2538 esploratum
246 2449 286 2513 sit
304 2471 400 2536 mam
426 2447 489 2513 sint
507 2445 774 2536 philosophorum
798 2461 977 2516 vestrorum
994 2452 1066 2538 opi-

18 2561 145 2625 niones
155 2558 354 2647 ignorationis
366 2557 470 2623 omnis
479 2566 511 2620 et
522 2555 643 2620 fraudis
654 2554 769 2644 plenae,
782 2555 901 2624 relictis
916 2558 1067 2646 deinceps
1112 2615 1117 2622 .

16 2669 162 2734 omnino
177 2665 387 2757 philosophis,
404 2664 677 2754 quemadmodum
694 2676 787 2732 antea
806 2667 922 2755 poetis,
942 2667 984 2732 ad
1001 2689 1071 2731 ors-

15 2778 175 2846 culorum
193 2778 367 2866 praestigias
386 2775 585 2864 confugietis.
609 2773 726 2840 Audivi
745 2775 833 2840 enim
851 2776 908 2862 qui
926 2775 970 2839 ita
989 2774 1071 2842 dice·
1122 2817 1126 2822 -

15 2901 109 2954 rent.
132 2888 353 2968 Quamobrem
369 2895 623 2952 consentancum
637 2884 722 2950 duco
737 2905 826 2950 nunc
841 2885 932 2950 vobis
946 2885 979 2950 in
995 2895 1072 2950 tem·

15 3021 103 3089 porc
128 2996 286 3085 proferre,
310 3017 380 3082 quae
402 2995 490 3082 prius
512 2990 600 3080 apud
622 3013 678 3056 vos
701 2990 750 3057 his
774 2990 927 3058 derebus
953 2992 1069 3058 audivi.
1188 3015 1191 3026 ·

15 3101 224 3172 Consulenti
246 3102 332 3202 enim
355 3099 495 3173 cuidam,
515 3109 551 3162 ut
571 3097 631 3185 ipsi
649 3099 796 3174 narratis,
816 3097 986 3165 oreculum
1002 3123 1073 3166 vcs-

15 3231 139 3286 trum,
159 3210 273 3297 quibus
289 3207 418 3272 tandem
430 3207 618 3298 nominibus
635 3207 694 3294 piis
711 3230 781 3273 esse
795 3229 834 3272 ac
848 3207 1006 3296 religiosis.
1016 3206 1075 3272 ati-

15 3320 170 3415 qunndo
187 3316 382 3404 contigisset,
399 3315 442 3382 sic
453 3312 620 3381 oraculum
635 3315 739 3381 dicitis
755 3317 955 3405 respondisse
969 3339 979 3379 t

112 3486 179 3550 Soli
194 3483 326 3546 chaldaei
338 3481 508 3563 sapientiam
522 3483 617 3541 sortiti
630 3493 698 3541 sunt
711 3493 741 3541 et
754 3481 871 3542 nebraei

112 3589 171 3644 Per
184 3603 217 3643 se
228 3583 362 3662 genitum
376 3599 474 3660 regem
488 3579 615 3639 colentes
628 3585 725 3640 Deum
737 3579 840 3658 ipsum.

31 3761 199 3842 Quoniam
225 3784 303 3850 ergo
326 3759 418 3827 vobis
442 3755 594 3822 videmini
616 3777 657 3822 ex
679 3753 815 3821 oractdis
838 3756 942 3822 vestris
965 3777 1081 3826 verum.

34 3895 128 3973 posse
140 3872 278 3947 discere,
292 3870 372 3938 dum
384 3864 533 3936 historias
544 3863 647 3955 legitis
660 3877 693 3932 et
705 3889 773 3954 quae
785 3865 822 3932 de
837 3865 931 3934 lllosis
941 3866 1004 3932 rita
1016 3863 1078 3930 ho·
