2630 4614
339 236 380 298 50
741 256 949 325 arueraconn

339 366 432 430 ritant
451 383 590 437 reorum,
614 383 729 427 nomeu
744 363 876 428 erimine
893 365 976 429 omni
992 362 1137 427 exsolvatur.
1151 365 1227 428 lleee-

339 476 420 542 rium
440 485 546 539 autem
566 472 644 537 mihi
665 485 712 538 est
732 471 909 538 doctrinam
929 483 1053 537 nostram
1068 471 1230 536 detulerint

337 585 448 674 pienti,
468 606 534 658 vos,
556 581 684 646 maximi
702 581 923 669 Imperatores,
946 603 1039 656 orare,
1055 593 1084 644 et
1101 581 1168 668 equi
1180 581 1230 643 uini

337 693 480 766 audiatis,
498 713 557 755 nec
573 691 735 756 communi
749 702 782 755 et
797 712 814 754 a
833 692 955 756 ratione
971 689 1062 756 alieno
1077 690 1231 772 romercrlrpt'

336 797 612 889 preoccupemini,
628 797 685 861 sed
700 808 836 862 vestrum
848 798 999 863 doctrine
1009 821 1043 862 ac
1052 798 1156 861 veritatis
1167 797 1232 858 stude

336 909 450 975 nostris
463 931 590 995 quoque
608 909 703 972 rebus
721 907 912 974 concedatis.
937 907 1017 972 Cum
1030 907 1101 972 enim
1112 903 1233 970 euniliir

336 1009 506 1104 prudentes
520 1016 704 1104 peccabitis,
724 1027 791 1080 tum
810 1037 867 1080 nos
881 1016 979 1081 etiam
992 1027 1132 1104 postquam
1145 1035 1170 1076 ea
1180 1011 1233 1074 nee

336 1148 420 1199 mus,
442 1147 511 1211 quae
527 1123 712 1189 temerarius
730 1122 902 1189 multorum
922 1147 1029 1190 mmor
1045 1123 1149 1209 affingit,
1162 1118 1233 1200 bdltp

336 1233 400 1320 peti
417 1233 604 1297 desinemus.

380 1341 436 1408 lll.
455 1339 527 1405 Tria
544 1341 634 1405 nobis
645 1341 798 1429 ullingunt
809 1342 956 1417 erimina,
971 1342 1146 1412 atheismum‚
1156 1337 1235 1420 ttpu

337 1469 456 1522 eoenas,
477 1445 681 1536 OEdipodeos
702 1449 901 1514 concubitus.
927 1451 1007 1528 Quae
1027 1450 1051 1514 si
1069 1471 1128 1514 vera
1142 1457 1192 1514 sunt,
1206 1439 1233 1504 td

338 1556 457 1643 percite
466 1555 591 1642 generi:
606 1577 714 1641 poenes
727 1554 881 1620 scelerum
892 1559 1042 1646 repetite:
1054 1555 1168 1621 radicitus
1175 1569 1234 1616 nom

339 1665 487 1728 uxoribus
501 1674 534 1726 et
548 1663 653 1750 pueris
669 1663 784 1740 delete,
800 1666 909 1754 siquis
926 1667 1062 1731 serarum
1073 1665 1124 1730 ritu
1132 1663 1184 1728 rivit
1194 1659 1233 1734 Qu

338 1797 433 1862 quam
440 1771 554 1838 bellum
564 1775 687 1860 generis
695 1775 743 1838 sui
751 1773 870 1839 belluas
878 1799 943 1841 non
955 1771 1182 1865 tangtmt,aelep
1188 1781 1232 1830 nte

337 1894 370 1946 et
383 1882 424 1946 nd
440 1879 541 1945 solum
557 1881 760 1970 procreaudae
771 1881 886 1947 sobolis
897 1895 1037 1973 tempus,
1054 1905 1110 1947 non
1121 1867 1231 1943 ademi

338 1991 476 2057 centiam
494 1991 679 2066 miscentur,
701 2014 740 2056 ae
759 2015 813 2057 eos
832 1993 928 2057 etium
952 2017 971 2058 a
993 1993 1103 2082 quibus
1119 1987 1158 2052 sibi
1170 1975 1233 2046 bul·

337 2111 522 2186 agnoscunt.
540 2098 575 2164 si
586 2100 654 2185 quis
669 2122 745 2187 ergo
755 2101 850 2164 etiam
862 2099 976 2166 belluis
988 2099 1147 2170 immanior,
1158 2104 1232 2178 punite

339 2205 391 2271 ille
405 2205 515 2271 talium
527 2205 682 2273 scelerum
693 2229 818 2294 poenam
830 2206 1024 2295 persolvens,
1040 2206 1088 2272 vel
1098 2193 1228 2294 poullli

339 2315 398 2380 uiri
409 2317 611 2380 censebitur?
623 2315 679 2382 Sin
690 2329 797 2382 autem
808 2318 876 2383 brec
887 2319 983 2382 verba
996 2329 1071 2383 sunt
1081 2328 1112 2382 et
1121 2297 1228 2378 wll

339 2424 410 2497 nie,
428 2445 497 2508 quie
512 2423 585 2488 inde
601 2425 746 2490 oriuntur
759 2425 845 2513 quod
861 2425 971 2490 vitium
987 2424 1095 2490 virtuti
1109 2419 1235 2486 ,dmut-

337 2529 430 2596 tuneli
451 2531 586 2618 quedam
602 2531 682 2621 lege,
702 2543 735 2597 et
749 2533 905 2597 contraria
924 2533 1030 2599 divina
1045 2513 1237 2620 qundanmlt

338 2665 371 2708 se
386 2653 542 2730 pugnent:
561 2643 586 2706 si
602 2641 680 2706 nibil
695 2641 811 2707 borum
824 2665 842 2707 a
856 2643 947 2708 nobis
962 2643 1088 2708 admitti
1098 2638 1237 2706 ruretene-

338 2753 391 2839 qui
407 2775 524 2818 nemen
543 2763 685 2816 nestrum
702 2752 816 2817 deferri
830 2753 955 2826 rotatim
977 2763 1113 2819 restrum
1125 2739 1244 2835 junltt‘il

338 2861 479 2926 moribus
496 2861 624 2934 nostris,
643 2860 683 2924 de
701 2860 857 2936 doctrina,
878 2861 917 2926 de
931 2873 1041 2927 nostro
1060 2845 1242 2926 inmittitll

338 2979 473 3033 vestram
488 2981 520 3032 et
531 2969 700 3058 imperium
715 2969 818 3034 studio
826 2981 859 3034 et
867 2968 1177 3056 obsequio2iuquircrc,
1185 2945 1243 3018 ecel

338 3073 466 3138 tandem
480 3074 649 3162 aliquando
664 3099 727 3142 non
743 3075 877 3164 amplius
891 3077 968 3164 juris
982 3100 1079 3164 quam
1093 3065 1196 3139 inimicis
1205 3067 1243 3122 ud

340 3183 526 3249 concedere.
545 3181 716 3250 Vincemus
730 3185 816 3251 enim
830 3207 899 3259 eos;
918 3196 953 3249 ut
968 3187 1022 3273 qui
1037 3195 1163 3252 nostum
1173 3171 1242 3244 eleut

337 3291 466 3354 venitote
483 3291 577 3355 vitam
591 3289 728 3357 libenter
739 3292 977 3382 profundamus.

381 3397 433 3466 lV.
458 3398 553 3477 Quod
568 3399 662 3489 igitur
676 3413 797 3490 spectet
811 3404 851 3467 ad
867 3403 1034 3490 impietatis
1049 3404 1166 3472 crimen,
1178 3383 1242 3479 queit

336 3509 449 3572 merito
466 3508 556 3574 nobis
571 3509 730 3597 affingitur
752 3509 899 3599 (singulis
913 3511 999 3577 enim
1018 3500 1241 3578 eriminuionitet

337 3639 476 3690 curram,
492 3641 532 3682 ue
549 3617 719 3684 ridiculum
730 3620 770 3684 sit
780 3643 834 3685 eos
844 3622 899 3710 qui
911 3622 979 3687 brec
995 3622 1102 3688 dicunt
1114 3637 1166 3682 nen
1177 3617 1241 3691 „guo

337 3723 504 3811 Diagoram
518 3727 647 3815 quidem
662 3728 775 3794 merito
795 3729 924 3795 etheum
940 3729 1119 3814 judicabant
1132 3711 1241 3790 lthtnitt‘

336 3833 391 3921 qui
413 3855 475 3897 non
497 3834 598 3902 solum
620 3836 759 3925 Orphica
780 3838 875 3902 verba
896 3837 1074 3924 proferebat
1092 3836 1121 3900 in
1138 3823 1236 3898 meliti·
