2786 4666
234 241 277 305 58
595 257 707 300 sarvam
731 257 904 300 carantam

234 371 277 438 tia
295 377 483 457 peragerent
499 363 619 438 omnia,
638 361 804 452 diligerent
826 384 886 451 pro
904 357 1010 427 officlo
1025 361 1156 427 maritos
1171 379 1275 430 suess

234 490 331 565 atque
347 477 381 541 in
396 473 583 540 obedientias
601 471 709 561 regula
723 472 916 564 constitutae,
935 493 985 536 res
1000 470 1190 537 domesticas
1208 469 1278 534 ho-

236 598 346 654 norate
366 583 637 657 administrarent,
659 581 836 656 docebatis,
855 582 1048 669 omninoque
1070 580 1220 646 modeste
1242 600 1279 644 sc

234 703 391 784 gererent.

280 795 322 866 ll.
338 797 458 864 Omnes
472 809 581 862 autem
593 793 707 864 humili
715 795 825 864 ¹animo
839 796 951 871 eratis,
966 793 1147 862 nullatenus
1160 814 1280 884 super

236 904 360 973 bientes
370 903 395 980 ¹,
413 903 512 992 magis
534 903 670 992 subjecti
685 925 782 991 quam
796 903 1013 992 subjicientes,
1036 903 1148 968 dantes
1164 903 1281 991 potius

238 1035 335 1102 quam
362 1012 571 1100 accipientem
594 1011 653 1078 Dei
678 1011 793 1078 viatico
817 1011 971 1087 contenti,
993 1024 1027 1076 et
1048 1022 1200 1078 accurate
1213 1022 1280 1076 'st-

236 1121 403 1188 tendentes
425 1120 623 1188 sermonibus
649 1120 744 1207 ejus:
771 1119 890 1189 dilatati
912 1120 1006 1185 eratis
1028 1119 1061 1185 in
1080 1118 1277 1194 visceribus,

236 1241 270 1296 et
283 1229 443 1318 passiones
465 1227 547 1296 illius
564 1251 629 1318 prae
644 1227 745 1295 oculis
757 1207 868 1294 vestris
888 1240 989 1294 erant.
1009 1226 1144 1316 stopax
1157 1225 1223 1292 alta
1241 1239 1281 1292 et

236 1337 387 1428 praeclara
404 1338 551 1404 omnibus
575 1338 722 1412 dabatur,
742 1335 918 1403 insatiabile
939 1335 1159 1403 benefaciendi
1188 1335 1279 1400 desi-

238 1447 364 1520 derium
379 1459 412 1512 et
430 1444 523 1534 plena
539 1445 676 1534 Spiritus
694 1447 795 1513 sancti
806 1468 902 1533 super
919 1468 1030 1512 omnes
1047 1444 1160 1510 ellbsio
1178 1456 1276 1510 erat:
1375 1462 1376 1467 ’

238 1565 334 1643 atque
357 1553 465 1620 referti
486 1565 601 1622 sanctae
621 1551 808 1642 voluntatis,
826 1555 912 1619 bona
935 1551 1099 1619 alacritate
1121 1569 1201 1618 cum
1220 1552 1278 1642 pia

240 1661 435 1731 confidentia
451 1661 668 1728 extendebatis
683 1681 797 1727 manus
815 1672 934 1726 vestras
955 1659 997 1724 ad
1020 1659 1279 1748 omnipotentem
1375 1655 1376 1678 ¹

240 1772 359 1844 Deum;
379 1769 594 1859 supplicantes
618 1768 677 1844 illi,
701 1782 738 1835 ut
760 1771 917 1859 propitius
930 1781 1026 1845 esset,
1042 1769 1068 1834 si
1089 1769 1168 1856 quid
1181 1768 1278 1836 inviti

239 1879 441 1970 peccassetis.
457 1877 556 1946 Vobis
569 1900 628 1967 per
643 1878 728 1944 diem
742 1900 782 1945 ao
796 1891 925 1946 noctem
940 1875 1120 1945 sollicitudo
1131 1889 1201 1944 erat
1215 1899 1279 1965 pro

242 1989 386 2054 universa
403 1987 611 2062 fraternitate,
629 1999 664 2054 nt
685 2009 761 2052 cum
788 1987 1004 2053 misericordia
1022 1998 1056 2052 et
1078 1985 1279 2053 conscientia

242 2094 414 2162 salvaretur
437 2115 590 2162 numerus
605 2093 781 2161 electorum
799 2095 858 2164 Dei
866 2093 889 2160 ².
908 2094 1045 2171 Sinceri,
1060 2107 1093 2160 et
1113 2091 1279 2183 simplices

241 2203 348 2278 eratis,
365 2209 461 2289 atque
472 2201 602 2290 ‘injuriae
617 2203 833 2280 immemores,
850 2201 998 2272 invicem.
1017 2201 1126 2269 Omnis
1139 2199 1273 2278 seditio,

241 2321 275 2376 et
289 2310 393 2376 omnis
409 2309 542 2376 scissura
557 2309 647 2376 vobis
658 2310 887 2377 abominationi
897 2322 966 2377 erat
980 2333 989 2374 z
1002 2309 1042 2375 de
1054 2307 1274 2398 proximorum

242 2415 366 2484 delictis
376 2415 549 2506 lugebatis:
567 2441 680 2484 eorum
691 2419 847 2496 delectus,
860 2431 981 2485 vestros
991 2415 1178 2507 judicabatis
1188 2435 1276 2482 :om-

242 2527 291 2593 nis
306 2529 398 2594 bone
414 2528 607 2616 operationis
623 2545 688 2595 non
706 2528 881 2618 poenitebat
899 2545 967 2605 tos,
984 2527 1041 2594 sed
1059 2527 1161 2616 parati
1176 2527 1277 2591 eratis

244 2636 285 2703 ad
298 2658 395 2704 omne
407 2659 488 2726 opus
502 2637 635 2705 bonnm.
650 2635 839 2706 Veneranda
850 2651 883 2704 et
898 2637 1052 2704 virtutum
1068 2635 1213 2702 omnium
1227 2654 1279 2699 re-

243 2743 323 2812 ferta
342 2745 584 2813 couversatione
603 2747 720 2823 ornati,
743 2758 858 2814 cuncta
874 2743 908 2812 in
928 2743 1042 2812 timore
1058 2743 1128 2831 ejus
1143 2741 1280 2830 perage-

243 2851 335 2918 batis.
349 2852 499 2918 Mandata·
511 2853 640 2919 Domini
651 2853 768 2941 scripta
779 2865 871 2920 erant
882 2854 915 2920 in
927 2848 1134 2921 cordisvestri
1146 2845 1276 2917 tabulis.

288 2959 344 3026 lll.
363 2959 476 3026 Omnis
489 2957 591 3048 gloria
613 2973 646 3024 et
663 2959 815 3028 distensio
830 2961 903 3028 data
920 2974 968 3027 est
983 2958 1072 3028 vobis
1078 2983 1088 3034 ς
1108 2971 1142 3024 et
1162 2953 1281 3047 imple-

244 3063 314 3132 tum
325 3077 373 3132 est
387 3061 467 3132 illud
478 3066 651 3156 Scripturas
664 3090 674 3133 a
686 3069 784 3136 «Edit
795 3081 827 3135 et
837 3068 932 3147 bibit,
950 3082 983 3135 et
997 3065 1146 3134 dilatatus
1160 3079 1222 3144 est,
1239 3085 1281 3131 ac

244 3199 258 3237 s
274 3174 477 3246 incrassatum
492 3185 526 3240 et
537 3173 749 3245 recalcitravit
764 3173 928 3243 dilectus⁸.
943 3173 1048 3246 »ilino
1059 3171 1233 3252 emulatio,
1246 3185 1283 3240 et

179 3357 184 3366 ¹
245 3281 461 3358 dimordia,et
471 3283 598 3360 seditio,
609 3285 789 3373 persecutio
800 3306 839 3351 ac
849 3283 1017 3362 tumultus,
1029 3283 1150 3353 ballum
1161 3292 1195 3352 et
1206 3305 1282 3372 cap-

245 3389 360 3456 tivitas.
391 3389 446 3457 Sic
473 3390 713 3458 insurrexerunt
744 3391 926 3460 inhonorati
955 3407 1066 3462 contra
1089 3394 1279 3476 honoratos,

245 3493 370 3585 inglorii
382 3511 493 3564 contra
506 3499 671 3589 gloriosos,
684 3497 868 3590 insipientes
879 3513 990 3570 contra
1002 3501 1171 3594 sapientes,
1184 3503 1280 3591 juve-

248 3625 304 3670 nes
317 3602 466 3672 adversos
477 3609 618 3702 seniores
627 3606 649 3673 ⁴.
672 3607 750 3678 ldeo
762 3607 877 3700 procul
892 3607 1008 3679 absum
1018 3611 1139 3702 justitia
1155 3622 1188 3679 et
1197 3629 1278 3701 pexa

265 3749 291 3884 ⁵¹
300 3770 308 3800 ι
318 3751 385 3886 Piala.
396 3769 423 3813 v,
432 3755 456 3804 ⁵.
472 3783 503 3795 -
516 3755 617 3812 ‘Hebe
628 3773 738 3821 urnis,
750 3769 777 3812 et
787 3775 801 3811 a
811 3759 929 3814 Macbab.
943 3779 989 3825 vn,
1002 3763 1042 3830 ³7·
1052 3763 1186 3815 --ἱῠοιιῐο
1200 3775 1280 3822 suns

246 3845 260 3884 t
282 3863 332 3887 .—-
377 3841 500 3900 ta.111„5.
