2684 4638
286 309 346 372 55a
602 327 714 373 sinc-rr
738 327 939 372 inarmans.
969 330 1008 372 nr

286 441 378 504 nibus
390 438 460 524 ejus
471 455 582 501 omnes
601 435 740 523 epistolas
753 447 944 509 consonant,
965 457 1008 501 ex
1025 435 1111 524 ipsis
1131 435 1263 523 epistolis
1276 461 1299 500 rs

284 547 444 614 tendimus
455 553 529 632 apto
541 545 574 609 in
586 543 673 619 loco,¹
683 555 877 632 exponentes
890 542 1109 633 Apostolum.
1127 543 1227 609 Nobis
1236 559 1296 608 ants:

285 653 552 723 collaborantibus
568 652 617 718 his
638 652 884 727 ostensionibus,
902 675 975 738 quae
990 673 1037 716 ex
1052 650 1238 740 Seriptnris
1252 675 1296 715 saa:

284 777 316 830 et
331 785 401 851 quaa
416 759 585 826 multifarie
601 759 686 827 dicta
710 771 786 828 sunt
805 761 945 826 breviter
965 772 1000 825 ot
1025 759 1261 849 compendiosa
1275 785 1304 824 aa

281 871 516 947 nuntiantibus,
529 881 561 936 et
575 881 610 934 tu
626 891 702 936 cum
717 869 980 958 magnanimitate
996 869 1149 934 intende
1165 870 1224 944 eis,
1234 883 1302 934 eta·

284 979 513 1071 longiloquium
526 991 640 1067 putare
654 999 663 1043 ε
676 976 740 1044 hoc
753 975 945 1066 intelligens,
964 977 1139 1065 quorum
1152 981 1305 1044 ostensioax

284 1113 356 1179 quae
371 1101 445 1154 sunt
466 1088 498 1154 in
513 1087 685 1176 seripturis
700 1109 765 1153 non
788 1098 921 1176 possunt
941 1086 1099 1163 ostendi,
1127 1085 1193 1152 nisi
1214 1111 1249 1152 ex
1265 1091 1305 1176 ipa‘

219 1269 238 1278 ,
283 1199 466 1289 Scripturis.

327 1306 508 1396 Stephanus
522 1318 630 1371 autem
645 1306 761 1370 iterum
772 1307 827 1394 qui
839 1303 961 1373 electus
974 1318 1027 1372 est
1040 1307 1089 1372 ab
1108 1297 1300 1396 Apostolisp'

282 1441 355 1484 mus
370 1416 535 1490 diaconus,
553 1413 606 1501 qui
621 1425 655 1479 et
669 1413 789 1502 primus
804 1437 844 1478 ox
859 1415 1011 1481 omnibus
1028 1416 1234 1484 hominibus
1248 1434 1298 1482 sets

282 1540 333 1594 tus
346 1539 395 1592 est
409 1523 535 1613 vestigia
551 1522 693 1610 martyrii
711 1521 853 1598 Domini,
868 1534 1003 1612 propter
1021 1525 1162 1591 Christi
1174 1529 1297 1593 coalui·-

282 1653 358 1702 nem
373 1632 494 1721 primus
509 1629 707 1705 interiectus,
723 1628 915 1697 fiducialiter
932 1629 1080 1719 loquens
1108 1635 1147 1700 in
1163 1633 1293 1725 pupulos

283 1744 402 1811 docens
421 1763 490 1816 eos,
508 1740 616 1806 dicens
637 1739 782 1805 naeus
802 1737 910 1830 gloriae
933 1741 1021 1807 visus
1045 1755 1104 1807 est
1124 1747 1214 1833 patri
1234 1757 1293 1810 nost

161 1874 164 1884 ’
282 1852 458 1927 »Abrahae
475 1862 507 1916 et
522 1850 600 1915 dixit
614 1850 656 1915 ad
670 1873 744 1915 eum
763 1874 772 1914 z
789 1851 846 1915 Exi
862 1850 903 1916 de
917 1863 1002 1917 terra
1019 1864 1100 1930 tua,
1119 1867 1159 1920 et
1174 1855 1215 1920 dc
1228 1879 1295 1943 capu·

282 1991 296 2028 a
311 1966 396 2030 tione
412 1973 479 2036 tua,
495 1972 528 2026 et
542 1961 613 2026 veni
636 1961 668 2025 in
688 1971 807 2026 terram
830 1983 926 2049 quam
941 1962 1194 2031 demonstrabo
1207 1967 1256 2030 tibi
1267 1989 1273 2028 ε
1283 1989 1297 2023 r.

214 2109 219 2120 ·
282 2070 469 2140 »transtulit
488 2069 627 2136 illumin
646 2069 977 2159 terrombancquam
997 2095 1095 2140 nunc
1119 2086 1156 2140 et
1174 2097 1227 2140 vos
1240 2075 1294 2138 iab-

281 2180 429 2258 sbitatis,
452 2191 484 2246 et
506 2202 570 2246 non
585 2178 673 2245 dedit
690 2180 720 2244 ei
742 2179 958 2245 hereditatem
981 2181 1087 2258 inea,
1109 2207 1178 2251 nec
1192 2207 1294 2274 gressu

281 2292 414 2382 »pedisr
430 2289 489 2356 'sed
504 2289 648 2377 promisit
666 2288 742 2354 dare
757 2289 789 2356 ia
804 2290 1037 2378 possessionem
1057 2315 1155 2370 eam,
1176 2305 1208 2359 et
1221 2293 1289 2358 aaa

280 2401 377 2488 »ejus
391 2411 463 2488 post
473 2420 559 2464 eum.
569 2397 714 2464 *Locutus
726 2411 774 2466 cst
788 2411 896 2466 autom
910 2401 956 2467 sic
970 2400 1059 2466 Deus
1072 2403 1122 2468 ad
1135 2427 1211 2470 eum
1222 2404 1290 2480 :Qa-

279 2501 394 2576 sniom
411 2509 473 2574 orit
491 2529 600 2574 semea
619 2509 689 2595 ejus
710 2508 914 2598 peregrinans
933 2509 965 2574 in
986 2521 1074 2574 terra
1097 2511 1217 2586 aliena,
1237 2525 1287 2574 et:
1314 2545 1315 2594 j

278 2617 491 2685 rscraitutem
510 2615 704 2704 redigentur,
724 2629 758 2682 et
775 2617 973 2684 vexabuntur
991 2620 1085 2685 annis
1105 2623 1286 2710 quadriagre

279 2729 373 2794 stis:
396 2739 430 2792 et
453 2731 580 2816 gentem
599 2725 652 2790 cui
671 2726 808 2791 servient
831 2725 982 2815 judicabo
1006 2749 1080 2817 ego,
1106 2729 1193 2796 dicit
1213 2727 1285 2794 boni

279 2862 377 2904 anos.
400 2839 441 2903 Et
458 2847 568 2925 postea
587 2835 705 2909 exient,
725 2847 758 2901 at
778 2836 916 2902 servient
934 2837 1013 2902 mibi
1035 2839 1068 2902 in
1090 2839 1159 2905 isto
1180 2839 1252 2906 laco
1266 2839 1290 2902 l·

278 2945 395 3012 »dedit
419 2945 448 3010 ei
473 2955 700 3010 testamentum
725 2944 988 3018 circumcisionis,
1019 2956 1053 3009 ot
1080 2947 1133 3013 sic
1159 2948 1291 3037 marari

279 3055 455 3144 alsaaefia
469 3056 511 3120 Et
526 3051 646 3141 reliqua
657 3065 765 3119 autem
776 3055 948 3120 verborum
960 3056 1029 3141 ejus
1044 3059 1203 3124 eumdem
1220 3059 1288 3124 Dran

277 3165 480 3240 annuntiant,
504 3164 557 3251 qui
574 3162 635 3229 luit
650 3185 725 3230 cum
741 3163 873 3253 Josepb,
895 3176 1016 3231 etcum
1034 3164 1244 3246 Patriarchis,
1261 3171 1295 3256 qa'

276 3289 312 3342 et
326 3271 501 3344 collocutus
517 3283 565 3337 est
579 3270 704 3359 Moysi?

319 3387 362 3452 Et
383 3405 512 3448 omnem
533 3377 759 3468 Apostolorum
782 3381 960 3450 doctrinam
983 3407 1084 3450 annm
1105 3399 1142 3452 et
1165 3387 1299 3453 eumden

278 3497 382 3563 Deum
396 3491 611 3566 annuntiasse,
627 3491 682 3579 qui
698 3491 856 3558 transtulit
868 3493 1042 3571 Abraham,
1058 3497 1112 3583 qui
1129 3501 1302 3586 promissio

275 3628 353 3673 *nem
371 3602 566 3670 hereditatis.
580 3601 610 3668 ci
628 3600 715 3677 fecit,
732 3603 787 3691 qui
810 3613 1036 3670 testamentum
1058 3608 1302 3675 circumcisioni

277 3727 352 3804 apto
373 3727 516 3803 tempore
538 3711 637 3787 dedit,
660 3713 714 3802 qni
736 3735 775 3780 ex
794 3711 932 3804 AEgypto
952 3717 1075 3782 vocavit
1096 3739 1208 3785 semen
1233 3721 1300 3805 ejas.

277 3835 436 3894 servatum
451 3823 615 3890 manifeste
631 3847 688 3914 per
704 3824 977 3894 circumcisionem
997 3826 1047 3913 (in
1058 3828 1150 3916 signo
1160 3832 1251 3896 enim
1263 3829 1301 3894 dc

312 3951 321 3986 ¹
333 3954 388 4002 det.
401 3969 446 4009 ru,
459 3961 505 4004 aet
516 3969 588 4016 seqq.
