2630 4614
295 281 337 345 68
717 296 925 340 cruentemus

297 411 477 495 discrepent
498 400 613 489 (liquet
634 399 720 464 enim
741 399 823 465 inter
846 423 894 464 res
916 413 1046 466 terrenas
1065 413 1092 465 et
1108 423 1138 465 ex
1152 401 1224 464 not

297 519 439 591 eductus,
463 535 501 578 ac
520 509 660 575 divinum
679 531 810 584 numen,
833 509 982 574 interesse
1001 508 1102 598 aliquid
1117 513 1226 596 oportere*⁸

299 650 363 694 non
381 635 453 690 sunt
470 620 522 686 dii.
544 618 631 698 Quid
646 641 720 708 ergo
735 618 774 683 ud
789 641 843 682 eos
858 619 992 694 edimus,
1010 621 1057 706 qui
1071 630 1204 706 generantur
1213 630 1228 676 o

301 735 426 808 beliuae,
441 731 521 796 fecie
536 729 633 794 forino
649 739 722 794 sunt
736 741 767 793 et
779 727 932 794 deformi?

346 842 436 910 XXI.
449 839 547 919 Quod
563 839 587 903 si
602 861 656 903 cos
671 861 800 904 curnem
815 850 941 904 tuntum
951 839 1072 914 hebere,
1084 851 1110 902 et
1122 837 1228 925 srngdou

301 976 339 1019 uc
362 973 482 1023 semen,
503 959 536 1012 et
550 947 605 1010 irae
625 969 663 1012 uc
682 946 861 1035 cupiditatis
878 950 1006 1014 morbos
1020 949 1149 1018 donno
1164 945 1227 1008 nete

301 1059 430 1149 quidem
450 1055 550 1122 oratio
570 1077 726 1144 nugarum
740 1055 924 1143 opinionem
939 1067 974 1122 et
993 1057 1081 1122 risum
1096 1053 1229 1143 effugent

301 1173 400 1237 beret.
416 1165 496 1232 Nem
511 1186 571 1230 nec
585 1164 643 1238 ire,
657 1185 716 1228 nec
728 1163 895 1251 cupiditas,
909 1187 970 1231 nec
986 1189 1084 1231 semen
1093 1165 1124 1228 ud
1136 1183 1227 1253 proces

302 1281 380 1347 dum
395 1277 427 1342 in
441 1275 545 1340 Deum
560 1271 687 1337 cedunt
707 1269 859 1337 Gonstsnt
874 1273 1019 1361 igiturex
1032 1272 1227 1347 ermenteus

303 1388 348 1452 ire
364 1395 397 1449 ct
411 1383 516 1450 furore
530 1380 592 1445 sint
604 1379 793 1468 superiores,
807 1402 848 1444 ne
858 1380 1004 1447 videntur
1016 1382 1136 1448 Minerva

382 1509 1226 1588 Succenseussovipertranseuntemvehemenoepenu
1257 1571 1258 1604 ἶ

303 1647 369 1716 Nec
383 1643 468 1710 Juno
483 1633 566 1707 hanc
581 1638 719 1727 speciem
732 1635 879 1705 exhibeat
895 1663 903 1703 ε

382 1768 503 1831 lunonis
516 1779 616 1846 pectus
629 1787 688 1825 non
701 1767 842 1825 continuit
859 1768 943 1843 irem,
956 1769 1011 1828 sed
1023 1769 1164 1848 proloquuu
1173 1777 1199 1823 et

981 1868 1065 1924 llud.
1078 1883 1104 1938 Δ,
1115 1875 1148 1934 rt.

230 2019 234 2028 .
305 1967 375 2032 Sint
389 1963 498 2030 dolore
517 1964 715 2052 superiores:

384 2105 462 2166 Proh
476 2103 596 2164 matum!
609 2119 686 2164 certe
699 2105 834 2164 dilectum
845 2105 941 2165 virum
954 2110 1084 2187 fugatum
1094 2109 1210 2167 omnum
1257 2093 1258 2096 ¹

385 2207 485 2267 Oculis
497 2207 601 2266 video:
614 2227 710 2266 meum
721 2219 817 2267 eutem
828 2210 942 2286 angitur
951 2231 1013 2267 cor.
1032 2215 1068 2271 ΙΙ.
1077 2216 1111 2283 X,
1123 2201 1206 2272 itteris

306 2345 372 2432 Ego
386 2343 472 2408 enim
493 2343 588 2410 etiem
610 2345 752 2411 homines
769 2345 930 2436 imperitos
945 2357 979 2410 ct
996 2346 1100 2413 sutiles
1115 2345 1160 2413 to,
1170 2334 1222 2398 iin-

305 2452 428 2519 cundiae
445 2465 477 2517 et
493 2451 592 2519 dolori
607 2454 731 2520 cedent.
746 2454 810 2520 Sed
820 2456 845 2520 si
856 2475 969 2544 parens
982 2443 1229 2539 hominuoqsttt
1255 2483 1256 2492 ¹

306 2584 367 2650 que
382 2559 486 2652 lugeat
497 2560 610 2638 fitium,

383 2693 438 2754 Hei
450 2693 530 2764 mihi,
542 2691 620 2771 quod
632 2691 702 2750 mihi
713 2695 908 2773 Sarpedonem
922 2695 1118 2756 charissimum
1127 2694 1207 2752 vinctu
1217 2775 1230 2790 ..

384 2791 693 2854 FurnieestePatrocIo
700 2793 869 2854 Menaetiade
876 2795 1013 2854 interfici!
1023 2799 1107 2854 Iliad.
1115 2789 1233 2864 [ttitc'tt

307 2941 367 2984 noc
377 2920 488 3007 possit,
501 2920 578 2985 dum
589 2918 791 2997 lamentetur,
806 2945 879 2988 eum
890 2925 1033 3012 periculo
1045 2945 1157 2992 erueret

383 3045 530 3124 Sarpedon
537 3047 871 3128 Jorisfitius,ipseaurem
878 3043 1238 3132 nefiiioquidcmsuosnntiu·

1021 3155 1104 3210 llud.
1116 3164 1142 3224 n,
1152 3150 1198 3210 tn,

305 3263 374 3348 quis
389 3286 455 3328 non
468 3287 579 3330 corum
594 3267 781 3356 imperitiam
800 3272 923 3338 incuset
939 3277 993 3362 qui
1015 3273 1064 3342 his
1080 3269 1205 3340 tatutsse
1239 3307 1240 3310 κ

305 3394 377 3437 rum
389 3371 539 3451 cultores,
556 3371 603 3442 vel
615 3379 719 3465 potius
730 3381 839 3448 atheos
850 3386 1015 3473 praebenti
1031 3377 1179 3450 Cernemh

304 3484 361 3549 sed
377 3483 485 3550 Venus
500 3509 560 3552 nee
575 3511 707 3579 corpore
723 3491 904 3562 vulneretur
917 3520 935 3561 s
951 3496 1122 3564 Diomede:

386 3612 556 3672 vulneravit
568 3635 613 3674 me
624 3619 715 3696 Tydei
728 3620 802 3680 filius
812 3623 956 3702 superbus
967 3623 1125 3684 Diomedes.
1138 3621 1168 3676 Π.
1176 3619 1199 3680 Β
1207 3611 1224 3674 3?

305 3747 365 3792 nec
378 3728 483 3794 animo
499 3754 516 3795 a
531 3732 652 3799 Murtc:

384 3857 424 3910 Ut
438 3873 483 3912 me
496 3859 630 3922 ciendum
641 3866 723 3924 Jovis
734 3865 791 3925 fitia
803 3874 899 3928 Venus
