2616 4620
341 312 400 388 154
569 369 571 374 .
680 335 703 375 s.
731 334 757 375 r.
786 333 816 376 rt.
843 331 1009 376 unuornua

331 435 391 499 bus
407 432 548 500 doctrina
564 435 701 500 veritatis
718 433 849 500 velutin
866 434 1038 500 insularum
1051 443 1240 522 portuosamuss

314 542 317 550 '
332 544 468 614 tionibus
483 555 672 618 asservatur,
689 545 729 610 ad
744 567 821 633 quas
835 545 1020 632 perfugiunt
1032 544 1079 631 qui
1092 540 1243 608 salmurus

329 652 384 740 qui
399 652 541 739 eupiunt,
563 653 701 718 veritatis
721 653 793 718 facti
809 665 982 728 amatores,
1002 643 1038 716 ae
1055 653 1122 716 iram
1135 663 1160 714 et
1172 653 1247 738 inditia

330 761 388 826 Dei
404 759 541 850 effugere
557 761 705 828 volentes.
726 763 1007 842 Quemadmodum
1019 774 1114 826 autem
1127 760 1178 824 alia
1189 769 1246 826 susti

330 868 405 934 suiae
420 892 536 935 saxosae
555 884 587 936 et
603 873 774 958 inaquosae,
795 867 1000 960 infrugifera,
1021 869 1246 958 serarumpiena,r-

329 977 490 1054 habitatae,
510 979 551 1042 ad
568 981 741 1068 perniciem
758 979 974 1068 navigantium
995 991 1028 1044 et
1045 991 1247 1066 tempestatum

327 1086 470 1152 euntium
496 1088 656 1177 appositae,
682 1089 715 1154 in
737 1089 850 1176 quibus
872 1111 970 1154 naves
996 1101 1189 1156 conteruntur,
1206 1101 1263 1187 app

325 1194 491 1285 appellunt
505 1198 628 1285 penitus
644 1209 792 1285 pereuntr
814 1197 855 1260 ita
872 1219 905 1260 se
924 1197 1047 1261 habent
1060 1195 1160 1260 erroris
1171 1195 1263 1256 daniso

322 1303 461 1369 haereses
475 1304 558 1380 diuo,
580 1304 619 1370 ad
638 1327 716 1392 quas
735 1304 788 1391 qui
803 1303 963 1368 accedunt
980 1303 1240 1390 omninoparanntzr
1261 1334 1263 1375 r

323 1435 390 1499 que
405 1413 490 1478 euim
502 1415 632 1478 verbum
645 1414 783 1480 veritatis
796 1425 974 1502 sequuntur
987 1414 1114 1484 ducem;
1130 1411 1173 1476 sed
1184 1433 1244 1494 qun

327 1522 458 1588 modum
480 1523 600 1610 piratae,
624 1545 698 1588 cum
720 1547 814 1589 navas
838 1522 1053 1611 impleverint,
1075 1545 1123 1585 eas
1142 1521 1166 1584 in
1183 1520 1263 1606 puts,

326 1628 395 1696 ioca
411 1629 587 1719 impellunt,
605 1643 639 1696 ut
655 1632 699 1696 ibi
713 1655 765 1696 aas
779 1630 928 1720 perdant;
949 1632 1036 1696 idem
1053 1627 1184 1715 contingit
1193 1627 1239 1708 iisp
1262 1680 1263 1729 p

326 1741 455 1806 veritate
470 1743 630 1816 aberrant,
649 1753 683 1805 ut
698 1744 737 1807 nh
752 1764 859 1806 errore
873 1742 1124 1830 pessumdentur.

368 1848 438 1915 XV.
463 1849 585 1928 Quarto
604 1849 654 1914 dia
674 1849 755 1916 faeta
776 1863 849 1914 snut
867 1849 1046 1914 luminaria.
1068 1849 1144 1912 Deus
1158 1845 1263 1943 euna*

325 1961 429 2024 omnia
452 1959 626 2047 provident,
650 1982 749 2048 nugas
772 1982 923 2023 vanorum
945 1957 1245 2046 philosophoruuput

324 2071 440 2145 ciebat,
463 2071 515 2158 qui
537 2070 651 2136 dicturi
672 2081 762 2136 erant
781 2095 799 2134 a
820 2065 1031 2136 luminaribus
1053 2091 1115 2134 esse
1135 2061 1263 2159 quidquid

323 2193 405 2244 terra
422 2180 570 2268 gignitur,
588 2191 622 2243 ut
636 2179 739 2244 Deum
754 2203 792 2244 ex
807 2179 918 2243 animis
934 2178 1093 2245 toliere-nt.
1116 2176 1195 2254 Quare
1207 2179 1223 2228 nt
1230 2187 1246 2223 s

323 2289 398 2352 ritas
413 2299 546 2376 pateret,
563 2300 675 2354 creatae
691 2301 763 2353 sunt
778 2287 891 2377 plantae
902 2301 935 2352 et
948 2289 1070 2353 sumina
1085 2279 1241 2349 antniuninu
1262 2264 1263 2313 i

323 2396 420 2461 Porro
441 2398 526 2485 quod
547 2398 699 2486 posterius
720 2411 767 2462 est
788 2421 851 2462 uon
871 2409 975 2487 potest
996 2419 1034 2462 ea
1058 2415 1124 2483 quae
1140 2403 1190 2455 sunt
1203 2385 1243 2471 pri-r

322 2505 435 2571 iacere.
455 2507 530 2572 Haeu
545 2519 650 2572 autem
665 2507 845 2596 exemplum
863 2519 894 2571 et
914 2509 1085 2596 imaginem
1100 2501 1246 2570 maineru-

321 2613 374 2702 gui
396 2614 545 2702 mysterii.
571 2614 624 2679 sot
646 2616 732 2679 enim
753 2614 855 2703 imago
877 2615 933 2678 Dei
955 2628 1018 2690 est,
1040 2614 1113 2679 luna
1131 2601 1211 2674 nonu
1225 2594 1244 2655 Β

321 2726 588 2811 quemadmodum
604 2724 649 2790 sol
665 2724 757 2814 longe
772 2736 896 2814 praestat
914 2724 1002 2801 luna,
1020 2703 1245 2814 potesuetsiut·

320 2832 366 2897 sic
380 2833 464 2897 Deus
479 2831 571 2922 longe
586 2835 782 2920 praestantior
797 2834 1001 2898 humanitate.
1022 2835 1063 2899 Et
1078 2815 1246 2920 quemadutdtffl
1262 2867 1263 2888 r

319 2939 364 3004 sol
380 2940 489 3029 plenus
506 2965 629 3031 semper
644 2955 762 3018 manet,
780 2965 839 3007 nec
856 2967 994 3030 unquam
1011 2942 1163 3010 minuiturt
1179 2924 1247 2993 titii&

316 3069 441 3134 semper
456 3050 612 3138 perfectus
629 3062 735 3114 manet
748 3071 786 3114 ao
800 3048 911 3138 plenus
922 3051 1009 3114 omni
1025 3049 1143 3117 virtute,
1157 3030 1241 3107 ιἰ]ίεΙΙι’ἔ’”Ε
1262 3077 1263 3104 r

316 3157 372 3232 tia,
394 3157 557 3244 sapientia,
578 3157 812 3223 immortalitate
827 3170 859 3224 et
874 3158 1021 3222 omnibus
1037 3155 1130 3222 bonis.
1150 3147 1245 3246 Luntttt

316 3266 444 3355 singuiis
460 3267 620 3332 mensibus
635 3267 789 3332 minuitur
803 3279 835 3332 et
850 3257 1082 3356 quodammodo
1096 3254 1188 3327 interit,
1200 3247 1242 3354 hou
1261 3261 1262 3276 ¹

319 3378 367 3442 uis
386 3375 622 3442 similitudinem
640 3377 791 3442 exhibens
812 3400 820 3441 ι
848 3377 959 3442 deinde
980 3373 1144 3441 renascitur
1158 3375 1182 3427 et
1196 3357 1247 3466 tuti

317 3486 349 3552 in
365 3484 543 3574 exemplum
560 3486 673 3552 sutura
689 3487 934 3552 resurrectionis.
957 3485 1102 3550 Similiter
1120 3491 1169 3540 tres
1183 3457 1245 3568 itit

316 3596 369 3680 qui
392 3607 464 3662 ante
487 3593 655 3659 luminaria¹
673 3593 814 3672 suerunt,
839 3595 941 3685 imago
968 3608 1041 3660 sunt
1065 3577 1203 3656 Trinitatis,
1218 3569 1248 3678 ⁰7

314 3703 385 3790 ejus
398 3703 509 3780 Verbi,
522 3706 655 3793 ejusque
671 3705 837 3794 Sapientiae
843 3730 852 3778 ;
876 3717 1005 3794 quartus
1019 3727 1098 3776 vero,
1113 3681 1245 3777 imagtilossi
1260 3692 1261 3712 ¹

314 3812 362 3880 nis
373 3809 443 3877 lune
455 3814 634 3902 indigentis,
652 3827 688 3880 ut
703 3817 764 3881 sint
775 3817 873 3888 Deus,
889 3816 1034 3888 verbum,
1050 3801 1181 3900 sapientia,
1192 3794 1262 3856 hott*

314 3919 481 4009 Propterea
494 3937 607 4011 quarto
623 3925 672 3988 die
687 3923 853 3991 luminaria
866 3923 991 3990 condita
1004 3935 1084 3990 sunt.
1100 3909 1246 3985 Astreuttd'
