2772 4620
321 271 473 314 nranoaos
497 269 558 314 con
582 269 744 313 rarrnosa
767 265 893 310 anneo-
1054 241 1118 328 bap

22 355 42 466 ἶ,
73 377 265 463 »justitiam
286 376 320 442 in
338 375 440 442 Jacob
458 386 495 441 tu
518 374 630 441 iecisti.
659 373 802 440 Exaltate
824 371 998 440 Dominum
1013 369 1119 437 Deum
1167 445 1168 448 Ἴ

72 495 286 550 mestrem:
316 495 348 549 et
369 483 500 548 adorate
523 481 696 549 scabellum
718 481 836 570 pedum
859 482 941 568 ejus,
969 479 1120 566 quoniam

19 666 25 680 ,
51 619 83 683 ¹r
103 605 241 657 sanctus
260 601 318 657 est.
349 590 475 677 bloyses
497 603 530 656 et
551 590 655 656 Aaron
680 589 721 654 in'
738 589 952 656 sacerdotibus
974 589 1065 676 ejus:
1088 599 1120 652 et

35 688 85 760 “a
106 699 246 766 Samuel
267 701 350 766 inter
370 722 425 764 eos
445 701 499 789 qni
519 701 668 765 invocant
687 721 803 766 nomen
823 699 902 786 ejus.
926 697 1121 763 lnvocabant

32 815 37 822 “
70 835 87 868 s
115 807 184 892 (ait
205 808 387 897 Scriptura)
411 807 583 874 Dominum
603 831 612 871 :
635 817 669 874 'et
689 808 756 896 ipse
776 806 962 872 exaudiebat
982 829 1062 871 eos:
1086 805 1120 871 in

18 897 20 934 ³
43 929 48 938 ¹
73 943 92 978 a
112 915 268 984 columna
280 917 373 983 nubis
387 915 576 1004 loquebatur
587 916 628 982 ad
642 939 708 982 eos.
728 917 811 995 Quia
826 915 1047 981 custodiebant
1060 925 1122 980 tes
1216 1001 1221 1008 .

18 1013 33 1050 ³
76 1053 95 1088 s
116 1026 250 1092 timonio
277 1027 358 1114 ejus,
388 1037 421 1090 et
445 1037 638 1113 praeceptum
665 1025 752 1110 quod
773 1024 861 1089 dedit
884 1022 952 1089 illis.
984 1023 1120 1116 Domine

19 1131 33 1140 ”
76 1163 94 1196 s
115 1133 203 1200 Deus
222 1146 342 1209 noster,
362 1146 397 1200 tu
414 1133 602 1200 exaudiebas
618 1154 693 1198 cos:
716 1132 802 1197 Deus
816 1143 853 1198 tu
867 1133 1020 1222 propitius
1036 1131 1122 1196 luisti

17 1240 47 1274 ³³³
77 1270 95 1304 a
115 1241 176 1317 eis,
193 1251 226 1305 et
240 1240 393 1306 ulciscens
408 1241 441 1306 in
457 1262 567 1306 omnes
581 1239 820 1304 adinventiones
835 1263 957 1305 eorum.
980 1238 1121 1306 Exultate

82 1349 290 1416 »Dominum
311 1349 416 1415 Deum
439 1359 597 1422 nostrum,
620 1343 662 1411 et¹
675 1347 806 1421 adorate
827 1347 861 1412 in
882 1357 1121 1445 montesancto

81 1485 98 1520 a
115 1459 208 1546 ejus:
227 1457 378 1546 quoniam
392 1469 520 1523 sanctus
536 1456 691 1522 Dominus
706 1456 792 1522 Deus
807 1465 925 1521 noster.
940 1485 953 1516 ι

17 1577 26 1614 ῑ
133 1567 319 1636 XXXVIII.
340 1567 400 1632 llic
418 1565 572 1654 Trypho:
590 1563 744 1630 Praeclare
759 1564 1080 1652 laceremnssinquit,
1096 1565 1122 1629 si

17 1690 39 1727 =-'
82 1675 246 1764 magistris
258 1674 373 1740 nostris
385 1695 508 1739 morem
519 1683 677 1760 gerentes,
694 1673 748 1760 qui
760 1683 902 1737 restrum
912 1674 1063 1760 cuiquam
1072 1695 1122 1738 re-

82 1785 160 1850 nire
175 1783 208 1848 in
224 1781 421 1870 colloquium
436 1781 505 1870 lege
519 1793 701 1858 vetuerunt,
720 1803 761 1846 ne
778 1781 895 1846 borum
911 1781 1040 1868 quidem
1054 1805 1122 1870 ser-

86 1914 226 1957 monum
253 1890 512 1957 communionem
543 1902 650 1955 tecum
675 1889 874 1956 haberemus.
907 1887 1006 1977 Impia
1035 1892 1120 1956 enim

87 1995 193 2062 multa
214 1997 306 2074 dicis,
326 1996 515 2064 crucifixum
534 1995 624 2062 illum
643 1997 830 2084 persuadere
850 1999 941 2064 nobis
959 1997 1120 2086 postulans

18 2133 35 2172 ,ι
88 2129 169 2172 cum
187 2106 275 2172 blose
293 2117 325 2171 et
344 2105 469 2172 barone
488 2117 647 2172 versatum
665 2106 772 2183 luisse,
794 2119 827 2172 et
845 2129 900 2172 eos
918 2107 950 2172 in
970 2106 1118 2173 columna

15 2257 17 2264 >
85 2217 184 2284 nubis
205 2214 424 2304 alloquutum;
450 2213 564 2280 deinde
583 2215 747 2280 bominem
766 2214 886 2280 sactum
905 2237 942 2280 ac
962 2215 1048 2281 cruci
1070 2215 1118 2280 as-

15 2355 35 2395 ,;
85 2327 188 2393 lixum
203 2325 311 2400 fuisse,
334 2337 367 2390 at
385 2325 417 2390 in
434 2323 551 2391 coelum
565 2323 754 2402 ascendisse,
775 2342 813 2390 ac
827 2347 936 2389 rursus
951 2325 984 2390 in
999 2337 1118 2391 terram

88 2445 273 2509 venturum,
288 2434 499 2521 eumdemque
514 2433 712 2526 adorandum
727 2456 803 2498 esse.
968 2519 971 2526 Ι

21 2593 24 2602 .
71 2605 81 2624 Ι
137 2540 220 2608 Tum
233 2565 292 2631 ego
307 2543 352 2608 sic
365 2541 513 2632 respondi
529 2562 537 2605 :
558 2542 630 2606 Seio
647 2541 867 2608 absconditam
882 2542 970 2609 robis
985 2565 1067 2618 esse,
1083 2555 1120 2607 ut

15 2670 20 2729 2
88 2652 133 2716 ait
147 2651 272 2717 divinus
286 2675 402 2728 sermo,
420 2673 567 2741 magnam
578 2649 664 2717 illam
680 2652 831 2717 creatoris
846 2653 990 2717 omnium
1004 2665 1036 2718 et
1048 2675 1119 2718 om-

15 2817 16 2824 ,
85 2759 257 2848 nipotentis
272 2759 554 2850 Deisapientiam¹.
572 2759 679 2839 Quare
690 2759 905 2824 misericordia
917 2761 951 2826 iu
964 2782 1018 2824 vos
1029 2783 1119 2825 com-

86 2879 207 2945 motus,
223 2870 428 2936 contentione
439 2870 527 2935 omni
538 2867 692 2943 allaboro,
704 2881 739 2932 ut
750 2868 819 2933 baec
830 2879 949 2942 nostra,
962 2891 1032 2957 quae
1042 2891 1120 2958 prae⁴

15 3045 16 3056 q
88 2991 140 3043 ter
150 2979 333 3066 opinionem
344 2991 481 3044 vestram
493 2979 656 3052 dicuntur,
669 2977 848 3066 intelligatis
855 3001 865 3050 ς
880 2976 929 3044 rel
940 2978 1050 3045 saltem
1062 3004 1120 3070 ego

15 3141 17 3150 .
90 3085 227 3150 crimine
241 3081 351 3152 racem
366 3086 462 3152 indie
478 3086 598 3175 judieii.
617 3086 733 3153 Adbuc
747 3088 832 3153 enim
848 3089 980 3155 audietis
995 3114 1065 3177 quae
1081 3094 1120 3156 nb

90 3196 243 3286 opinione
259 3209 359 3261 vestra
371 3199 469 3286 magis
480 3209 600 3263 remota
612 3197 777 3263 videantur
789 3223 799 3265 εῚ
811 3199 923 3294 sedne
929 3201 1118 3274 turbemini;

89 3305 171 3392 quin
187 3303 293 3392 potius
308 3301 475 3370 alacriores
486 3304 644 3370 auditores
656 3317 687 3371 et
699 3306 898 3395 inquisitores
909 3311 1048 3380 manete,
1060 3318 1121 3372 tra-

89 3415 246 3482 ditionem
258 3415 480 3504 magistrorum
491 3427 668 3482 vestrorum
680 3429 919 3483 contemnentes
934 3441 941 3482 :
956 3415 994 3482 ¹eo
1006 3417 1122 3505 quippe

92 3525 226 3594 nomine
238 3533 419 3614 arguuntur
440 3548 457 3590 a
478 3523 598 3614 Spiritu
619 3537 740 3600 sancto,
764 3527 848 3613 qnod
870 3523 1042 3614 intelligere
1051 3549 1121 3592 ,non

93 3635 209 3721 possint
232 3655 304 3722 quaa
328 3657 345 3698 a
370 3633 438 3699 Deo
461 3633 630 3708 docentur,
647 3634 703 3699 sed
723 3657 778 3699 sua
797 3635 895 3724 magis
917 3635 1030 3700 docere
1052 3646 1121 3699 stu-

91 3743 215 3809 deant².
230 3745 266 3809 ln
281 3741 403 3833 psalmo
415 3743 512 3832 igitur
522 3745 761 3833 quadragesimo
771 3757 882 3832 quarto
892 3743 961 3812 haec
972 3744 1004 3810 in
1017 3743 1121 3810 Chris·

125 3872 133 3906 ¹
144 3871 207 3922 Bari.
225 3891 292 3934 xasa,
305 3873 341 3932 al.
353 3901 382 3911 ——
394 3872 475 3922 ²1bt'd.
