2684 4638
249 217 313 295 bled
567 237 678 282 sescus
703 232 816 280 muner
841 233 901 278 css.
929 233 971 278 ιιι

249 377 261 408 s
278 347 396 414 ducem
409 357 516 414 sutem
527 345 597 412 ritae
609 327 782 421 occidistis,
795 367 891 434 prem
904 343 999 412 Dens
1010 341 1156 410 excitavit
1168 365 1183 408 s
1194 365 1248 410 nu·
1273 375 1274 392 ι

249 485 262 518 s
278 455 352 533 tuis,
370 458 461 546 cujus
472 479 529 523 nos
545 466 640 524 testes
655 479 775 523 sumus.
791 457 831 520 Et
842 455 875 522 in
886 453 953 522 lide
966 453 1110 522 nominis
1124 455 1184 540 ejus
1192 455 1251 520 hune

247 595 264 628 s
280 588 375 654 quem
394 565 505 633 videtis
528 578 561 632 et
576 566 663 633 scitis
689 565 890 634 confirmavit
905 585 1035 633 nomen
1057 563 1138 652 ejus,
1159 576 1187 631 et
1200 563 1250 630 ides

252 698 349 764 squae
368 686 415 768 est
435 699 493 765 per
512 677 615 766 ipsum
634 675 723 747 dedit
742 676 772 741 ei
792 673 1056 742 incolumitatem
1075 695 1177 739 corum
1195 675 1252 739 robis

251 813 263 848 ι
279 785 439 850 omnibus.
455 787 496 851 Et
507 807 606 862 nuuc,
623 785 747 862 iratres,
764 786 830 853 scio
844 785 1003 874 quoniam
1017 783 1253 870 sccundumigro

252 895 415 960 »rentium
433 894 550 962 lecistis
569 919 717 983 nequam.
744 893 829 963 Deus
848 906 959 960 autem
980 915 1057 981 quae
1077 891 1206 982 predixit
1221 916 1253 956 ore

252 1003 423 1070 »omnium
443 1003 674 1094 Prophetarum
692 1006 757 1095 peti
777 1004 940 1072 Christum
961 1027 1077 1078 suum,
1099 1001 1252 1091 adimplevit

254 1111 503 1178 »Poeniteutium
522 1113 618 1202 igitur
631 1114 727 1203 agite,
747 1127 779 1180 et
798 1114 1043 1189 convertimini,
1065 1112 1111 1176 uti
1130 1110 1254 1177 deleantu

254 1249 266 1280 s
281 1231 412 1310 peccota
430 1231 543 1297 vestra,
559 1233 591 1286 ct
606 1223 733 1288 venient
747 1223 837 1288 vobis
850 1233 1000 1311 tempora
1016 1221 1168 1310 refrigerii
1180 1220 1254 1285 eheie

255 1330 423 1406 »Domini
447 1341 480 1396 et
501 1331 606 1400 mittut
631 1343 844 1421 preparatum
865 1330 956 1398 vobis
981 1330 1099 1397 desum
1122 1328 1252 1402 Christum,

256 1468 269 1502 s
284 1463 381 1529 quem
395 1453 521 1529 oportet
531 1440 661 1528 quidem
672 1440 790 1508 coelum
805 1441 967 1530 suscipere
985 1464 1092 1528 usque
1104 1441 1143 1506 ud
1154 1453 1252 1527 tempos

257 1550 497 1639 »dispositionis
522 1551 666 1617 omnium
677 1541 760 1639 ‘quse
778 1549 903 1618 locutus
922 1565 973 1618 est
992 1553 1082 1618 Deus
1096 1575 1152 1642 pur
1168 1562 1251 1615 sanes

258 1658 459 1749 »Prophetas
474 1681 557 1726 suos.
575 1659 699 1748 Moyses
713 1661 842 1749 quidem
862 1661 941 1728 dicit
963 1663 1009 1728 ad
1029 1674 1136 1751 patres
1149 1672 1250 1726 nostre:

258 1800 271 1833 s
286 1770 448 1851 Quoniam
458 1771 649 1860 Prophetem
661 1772 810 1839 excitabit
822 1771 910 1838 vobis
923 1773 1089 1842 Dominus
1100 1771 1249 1836 Deusseste

259 1903 327 1946 »cx
343 1879 493 1948 fratribus
513 1881 635 1956 vestris,
655 1877 925 1968 quemadmodum
944 1903 1018 1956 mee
1043 1882 1150 1970 ipsum·
1160 1876 1248 1941 audisti

260 1991 320 2058 sin
343 1992 491 2060 omnibus
509 2013 716 2080 quecumque
738 1990 862 2058 locutus
885 1991 984 2058 luerit
1003 1991 1047 2056 ad
1069 2013 1130 2056 ros.
1154 1986 1207 2053 Erit
1218 2007 1247 2046 sr-

261 2125 275 2162 ι
289 2112 357 2169 tem
376 2124 384 2165 τ
405 2101 507 2180 omnis
526 2100 631 2166 enimc
646 2119 856 2188 quaecumque
871 2123 936 2167 non
952 2099 1094 2166 audierit
1107 2094 1244 2184 Prophetas

261 2237 274 2270 s
289 2207 391 2283 illum,
402 2208 518 2296 peribit
528 2206 569 2273 de
580 2205 727 2297 populo&
743 2208 783 2272 Et
794 2229 904 2274 omnes
916 2231 933 2272 s
945 2206 1082 2274 Samuel
1093 2218 1124 2271 ct
1134 2203 1245 2286 deinceps

262 2328 445 2404 »quotquot
467 2315 565 2382 locuti
588 2328 675 2392 snut,
692 2329 725 2382 et
744 2317 1016 2384 annuntiaverunt
1035 2318 1101 2382 dies
1121 2316 1192 2380 istos.
1209 2307 1244 2372 lc

262 2426 364 2492 restis
374 2423 430 2492 filii
441 2424 685 2514 Prophetarum,
702 2439 735 2491 et
749 2429 929 2494 testamenti
940 2428 1033 2516 qnod
1045 2427 1129 2492 Deus
1144 2418 1244 2508 disposuit

263 2534 332 2600 sad
344 2545 449 2624 patres
464 2545 601 2612 nostros,
620 2534 729 2603 dicens
745 2535 786 2599 ad
801 2534 985 2602 Abraham:
1004 2539 1046 2604 Et
1061 2537 1093 2600 in
1108 2532 1240 2600 seminetur

265 2643 522 2711 »benedicentur
544 2666 654 2710 omncs
676 2645 777 2710 tribus
793 2644 917 2711 tenes'.
943 2644 1044 2712 Vobis
1058 2639 1237 2734 primumllu

265 2755 433 2821 ‚miuus
454 2752 573 2820 Filium
595 2779 689 2820 suum
707 2756 792 2821 misit
810 2756 1057 2822 benedicentem
1078 2775 1141 2826 sos,
1160 2761 1188 2814 ut
1203 2765 1242 2810 ctu·

265 2875 394 2930 »vertet
405 2886 439 2929 se
451 2864 695 2953 unusquisquea
711 2864 859 2952 nequitiis
873 2865 936 2932 suis
946 2864 968 2929 ⁸.
985 2895 1000 2927 s
1013 2861 1192 2930 Manifestum
1199 2873 1243 2939 erg⁰

266 2972 534 3060 preconationem
549 2971 660 3038 Petrus
675 2993 750 3039 cum
766 2973 890 3040 ‹loanne
905 2973 1097 3063 preconevit
1110 2971 1162 3044 eis,
1174 2983 1245 3051 repro

266 3080 448 3148 missionem
470 3103 565 3170 quem
579 3079 654 3146 fecit
668 3081 754 3148 Deus
772 3082 927 3170 patribus,
947 3105 1005 3172 per
1022 3083 1127 3150 lesum
1141 3067 1244 3158 adepte

265 3205 332 3260 ῐιιιι
347 3191 585 3282 evangelizans:
602 3214 667 3259 non
682 3193 811 3281 quidem
825 3193 962 3261 alterum
977 3197 1080 3263 Deum
1091 3183 1245 3257 annuntiare

267 3302 324 3370 sed
339 3301 457 3369 Filium
471 3303 542 3379 Dei,
563 3301 617 3391 qui
634 3316 667 3369 ct
682 3303 778 3370 homo
793 3304 894 3370 iactus
908 3318 956 3371 est
974 3319 1008 3372 et
1021 3325 1134 3396 passus,
1152 3297 1178 3361 in
1190 3286 1245 3376 ogni·

268 3406 389 3474 tionem
400 3405 561 3474 adducens
572 3407 670 3476 lsrael
675 3433 685 3481 ς
704 3422 736 3474 et
751 3411 784 3475 in
799 3409 876 3476 Jesu
888 3409 1142 3478 resurrectionem
1156 3399 1246 3486 queret

269 3541 288 3582 u
305 3517 438 3584 mortuis
457 3518 658 3594 annuntians,
681 3531 713 3584 et
733 3519 912 3610 significans
934 3521 1080 3609 quoniam
1098 3507 1184 3578 omnia
1199 3515 1245 3585 que

267 3623 435 3715 Propheta
453 3628 721 3696 annuntiaverunt
741 3627 780 3696 de
798 3630 942 3717 passione
962 3626 1086 3700 Christi,
1105 3621 1164 3686 hec
1177 3607 1244 3675 rdin-

268 3732 470 3825 plevitDeus.
1178 3729 1181 3736 “

302 3863 398 3915 llicut.
410 3881 483 3926 ιιιιι,
498 3867 533 3915 ι5.
546 3865 591 3904 —2
610 3867 672 3917 Gen.
687 3883 748 3926 ιιιι,
762 3866 799 3916 rc.
811 3865 861 3904 —l
872 3868 928 3917 het.
944 3885 981 3926 ru,
997 3871 1128 3921 raetttqt·
