2688 4626
317 299 375 364 sps
611 299 725 345 sanctu
747 299 868 343 susurru
890 297 1045 344 uanrnrs

311 419 344 471 ot
355 405 421 494 ipse
432 402 797 494 in'AEgyptoaliiiicisset,
808 403 940 492 Titynm
951 403 1094 470 similiter
1104 405 1234 471 crocini
1244 407 1294 472 ihi

310 514 557 584 Referemcnim
574 513 702 604 Ulysses
720 515 840 582 editam
859 515 918 580 sihi
938 514 1024 602 sputi
1040 513 1163 581 inieroe
1181 515 1303 582 diems-

311 645 400 702 nem,
414 624 457 692 ita
471 635 580 694 narrat
598 622 734 693 tiemo
751 645 760 690 t

311 759 349 814 iit
357 755 475 831 Tirynm
486 751 548 813 vidi
558 765 645 812 terre
656 752 791 832 glorimae
802 753 893 814 lilium

311 853 490 910 prostratum
501 853 531 910 in
539 855 725 930 pavimento,
738 851 787 910 hic
797 865 904 911 novem
912 847 1028 930 jacobus
1036 849 1153 930 jugus.

309 949 448 1008 vultures
456 949 512 1028 ipsi
527 951 664 1029 utrinqne
676 949 841 1009 assistentes
848 949 931 1028 jecur
944 949 1107 1008 fodiebant.
1125 953 1252 1028 odfini,
1261 953 1297 1024 55⁴.

310 1073 416 1160 llepar
429 1073 516 1139 enim
530 1093 596 1138 non
611 1073 725 1140 anime
739 1093 821 1149 esse,
838 1070 894 1139 sed
908 1071 1050 1161 corporis
1063 1074 1252 1162 perspicuum
1264 1089 1296 1136 et

310 1180 431 1248 Eodem
445 1181 541 1247 etiam
556 1181 654 1248 modo
668 1179 842 1270 Sisyphum
857 1189 890 1246 et
899 1177 1074 1247 Tantalum
1096 1179 1213 1270 scripsit
1226 1201 1296 1268 pom

310 1307 384 1353 cum
400 1307 534 1376 corpore
547 1287 737 1376 persolvere.
757 1287 934 1354 Homerum
949 1300 1058 1354 sutem
1074 1287 1112 1354 in
1127 1287 1298 1378 AEgyptsru-

311 1406 427 1472 satum,
442 1407 475 1462 et
486 1419 526 1462 ex
540 1397 589 1463 his
605 1417 675 1485 qum
693 1398 737 1464 ihi
758 1396 924 1473 didicerat,
940 1396 1042 1462 multu
1065 1399 1103 1463 in
1125 1419 1207 1464 suam
1218 1397 1295 1486 portis

311 1504 519 1582 transtulisse,
535 1505 687 1595 praeclnre
702 1507 796 1572 docet
810 1505 982 1581 Diodorus,
997 1505 1145 1572 historie
1158 1507 1294 1594 sciptum

200 1607 207 1618 “
312 1614 545 1684 celeberrimus.
557 1613 611 1684 tit
621 1615 707 1682 enim
716 1614 1168 1704 illuminAEgyptoditiicisse,
1178 1613 1293 1683 netum.

311 1745 386 1791 cum
404 1745 423 1790 a
439 1721 578 1792 Theonis
595 1744 692 1790 uxore
710 1723 907 1812 Polydamas
929 1723 1128 1812 nepenthes,
1149 1723 1292 1813 qeoimu

312 1841 402 1899 estet
415 1830 573 1899 malorum
588 1833 733 1898 omnium
745 1829 938 1898 oblivionem
952 1831 1112 1897 inducens
1127 1831 1287 1920 pianum.

312 1941 498 2030 accepisset,
508 1938 586 2005 illud
598 1937 906 2028 Spartamsttuiisse.
922 1937 1028 2026 Atque
1038 1937 1106 2006 hoc
1117 1937 1289 2005 manau

312 2069 402 2115 emm
418 2046 571 2115 lielensm
586 2057 693 2113 narrat
708 2047 879 2124 Homerus,
896 2045 1030 2113 licneiui
1045 2041 1170 2114 luctum
1177 2042 1291 2136 pramis

312 2149 497 2223 Telemachi
511 2155 685 2222 excitatum
701 2155 834 2220 sedasse.
855 2153 995 2220 Auream
1010 2153 1110 2220 otiam
1119 2153 1248 2224 venem
1261 2171 1292 2236 up

267 2325 271 2336 .
312 2259 439 2356 pellerit
453 2285 493 2330 ex
507 2265 545 2329 iis
560 2283 630 2350 que
648 2263 682 2329 in
699 2261 838 2351 AEgypto
852 2261 974 2328 rideret
987 2283 996 2325 ε
1012 2273 1139 2328 nomint
1150 2259 1219 2326 ὼ
1232 2269 1294 2320 ten·

312 2370 402 2463 pium
417 2373 529 2440 Aureae
541 2371 672 2440 Veneris
686 2371 720 2436 in
731 2369 871 2459 AEgypto
881 2369 1007 2437 dictum
1022 2382 1057 2436 et
1071 2381 1192 2458 esnpm
1201 2363 1291 2432 imre

312 2481 443 2549 Veneris
458 2476 662 2568 appellatum.
682 2477 783 2566 Cujus
797 2489 905 2543 autem
926 2479 972 2544 rei
997 2480 1097 2568 grstia
1113 2471 1294 2544 hemerio

313 2591 430 2679 injectu
445 2585 587 2655 mantici
601 2587 644 2652 Ut
664 2586 918 2652 demonstremus
933 2599 1063 2675 poetam
1077 2587 1169 2654 eliani
1178 2581 1293 2651 exiiriu

312 2697 543 2787 Prophetarum
555 2694 684 2762 historia
693 2693 849 2782 permulta
857 2695 891 2760 in
899 2717 992 2762 suam
1001 2695 1125 2785 poesim
1136 2687 1290 2760 haedis·

312 2803 487 2874 Transtulit
502 2815 609 2870 autem
625 2803 780 2893 imprimis
792 2822 891 2892 quesn
905 2803 992 2870 Mose
1005 2793 1294 2870 denuntientur

313 2917 404 2981 initio
429 2915 590 2982 dicuntur.
613 2911 668 2978 Sic
688 2913 776 2978 enim
801 2912 926 3000 scripsit
953 2911 1055 2978 hioses
1073 2931 1080 2974 ε
1098 2937 1112 2972 ι
1130 2913 1169 2978 lu
1189 2905 1294 3000 prunis

314 3025 460 3090 »emovit
473 3021 558 3092 Deus
574 3021 692 3090 coelum
704 3033 736 3088 et
752 3033 868 3088 terrum
876 3045 885 3095 ς
905 3021 1019 3087 deinde
1033 3019 1134 3087 solem
1148 3031 1182 3088 et
1193 3019 1296 3086 immet

315 3159 327 3195 ι
341 3129 476 3198 stelles¹.
491 3157 504 3194 r
518 3133 594 3199 lieo
605 3131 763 3199 Homerus
774 3151 849 3198 cum
862 3131 894 3198 in
910 3125 1048 3220 AEgypto
1060 3129 1226 3204 didicisset,
1234 3127 1297 3210 iisqt‘

315 3239 527 3309 delectaretur
542 3257 612 3329 que
627 3261 645 3305 a
660 3239 747 3306 liiose
761 3239 794 3304 in
809 3237 938 3316 Genesi,
952 3239 1016 3304 sire
1030 3241 1064 3304 iu
1079 3237 1163 3306 libro
1177 3239 1214 3304 ule
1226 3231 1298 3302 munli

315 3351 475 3420 creatione
490 3349 606 3440 scriptu
622 3359 707 3424 sunt,
729 3345 820 3412 linuit
835 3344 1016 3413 Vulcanum
1034 3346 1068 3412 in
1087 3343 1199 3435 clypeo
1211 3337 1299 3410 Achilli

315 3451 484 3555 imaginem
491 3459 662 3550 quemdam
670 3455 957 3525 mundiciealionis
969 3455 1181 3545 descripsisse.
1191 3447 1300 3522 steen

316 3572 456 3662 scripsit:

395 3699 428 3757 In
440 3717 475 3756 eo
487 3695 603 3776 quidem
617 3707 724 3755 terrani
736 3693 858 3770 effinxit,
871 3707 899 3754 et
910 3694 1013 3754 coeium
1025 3705 1055 3752 et
1066 3711 1157 3768 mare,

228 3907 231 3914 ’
348 3897 435 3948 ¹Grn.
449 3915 468 3958 r,
483 3913 502 3948 r.
559 3973 562 3981 ,
