2674 4618
182 155 225 231 do
556 179 688 220 rrrrrru
714 178 828 220 assumi

182 281 321 369 primum
344 280 495 347 diluvium
521 282 676 371 contigit3
707 281 878 347 Phorbanti
899 291 1006 346 autem
1026 281 1169 354 Actaeus,
1192 299 1210 341 a

184 414 247 480 quo
270 403 303 455 et
322 391 426 458 Actaea
446 392 531 457 dicta
548 391 651 457 Attica
672 391 774 480 regi03
800 389 923 478 Triopae
936 387 1159 460 Prometheus,
1177 397 1210 450 et

183 499 400 587 Epimetheus,
413 511 445 565 et
461 497 563 574 Atlas,
578 511 610 564 et
626 499 764 586 Cecrops
778 496 830 562 ille
840 497 993 584 Diphyes,
1006 507 1038 560 et
1054 494 1116 560 Yo.
1136 493 1205 558 Sub

185 609 326 698 Cecrope
351 609 531 674 Phaetontis
556 609 738 674 incendium
760 621 792 672 et
814 604 1014 674 Deucalionis
1041 602 1201 670 diluvium.

185 715 251 782 Sub
273 717 423 784 Sthenelo
443 741 575 807 regnum
592 718 846 806 Amphyctionis,
863 715 963 781 Danai
981 716 1015 780 in
1033 713 1208 801 Pelopone-

184 850 255 891 sum
269 826 433 902 adventus,
449 839 481 891 et
496 827 651 892 Dardania
667 852 684 892 a
698 827 847 894 Dardano
866 825 1007 900 condita,
1022 836 1055 888 et
1072 825 1213 910 Europae

187 959 226 1000 ex
239 935 544 1001 PhoeniciaCretam
560 934 688 1001 reditus.
704 934 769 1000 Sub
785 934 912 1020 Lynceo
930 931 1125 1019 Proserpinae
1137 953 1214 1018 rap-

186 1056 250 1119 tus,
265 1043 374 1132 templi
386 1046 419 1111 in
431 1043 577 1110 Eleusine
589 1040 992 1132 constructio,.Triptolemi
1004 1039 1213 1129 agricultura,

185 1153 295 1218 Cadmi
306 1150 430 1218 Thebas
446 1154 610 1229 adventus,
627 1153 738 1218 lllinois
757 1175 900 1240 reguum.
927 1149 994 1216 Sub
1015 1148 1123 1213 Proeto
1146 1149 1217 1214 Eu-

184 1258 285 1350 molpi
301 1259 420 1326 bellum
431 1261 578 1326 adversus
593 1260 808 1326 Athenienses.
823 1258 889 1324 Sub
903 1257 1024 1323 Acrisio
1036 1256 1164 1344 Pelopis
1174 1279 1216 1320 ex

184 1369 318 1456 Phrygia
331 1368 510 1444 descensus,
527 1381 559 1433 et
570 1369 659 1434 Jonis
672 1368 811 1434 Athenas
825 1367 989 1442 adventus,
1003 1366 1217 1454 quemadmo-

186 1479 309 1544 dumet
325 1477 461 1566 Cecrops
477 1479 645 1552 secundus,
663 1490 695 1542 et
709 1477 813 1542 Persei
836 1499 874 1541 ae
891 1476 1009 1542 bacchi
1030 1497 1080 1540 res
1103 1486 1214 1564 gestae,

186 1599 218 1651 et
241 1585 410 1674 discipulus
434 1585 552 1674 Orphei
572 1583 716 1652 Musaeus.
751 1583 817 1650 Sub
847 1582 1094 1672 Agamemnonis
1116 1605 1217 1670 reguo

187 1705 316 1784 captum
331 1692 434 1760 llium.

231 1805 299 1871 XL.
319 1806 366 1872 Ex
380 1805 429 1869 his
444 1827 519 1894 ergo
533 1805 720 1894 perspicitur
735 1803 854 1870 lllosem
870 1805 998 1870 vetustis
1015 1802 1165 1870 heroibus
1181 1817 1216 1870 et

188 1911 279 1977 bellis
297 1924 329 1977 et
350 1913 545 1978 daemonibus
565 1913 773 2001 antiquiorem
794 1935 871 1977 esse.
892 1913 1122 1992 Quamobrem,
1139 1935 1218 1978 cum

191 2021 375 2108 antiquitate
390 2033 529 2108 praestet,
542 2022 737 2087 credendum
748 2020 777 2086 ei
791 2022 1003 2109 potiusquam
1015 2019 1145 2096 Granis,
1158 2021 1216 2108 qui

190 2131 328 2197 exiente
344 2132 530 2208 hauserunt,
546 2155 610 2198 non
625 2143 713 2221 grato
725 2132 843 2206 animo,
855 2130 937 2196 illius
953 2132 1103 2220 dogmata.
1117 2129 1212 2197 hlulti

190 2241 276 2305 enim
299 2240 384 2326 apud
402 2263 456 2304 eos
477 2239 637 2329 sophistae,
653 2262 727 2305 cum
743 2239 895 2304 curiosius
914 2238 1102 2327 indagarent,
1119 2259 1213 2326 quae-

192 2372 329 2437 cumque
345 2371 362 2412 a
377 2348 475 2425 Mose,
493 2361 525 2414 et
540 2352 579 2416 ab
596 2351 632 2415 iis
648 2351 702 2438 qui
717 2348 857 2414 similiter
872 2370 910 2413 ac
923 2347 976 2414 ille
990 2345 1217 2436 philosophati,

192 2469 420 2546 cognoverunt,
440 2481 476 2521 ea
492 2456 669 2522 adulterare
685 2458 788 2524 conati
804 2466 897 2522 sunt:
921 2456 1060 2544 primum
1074 2453 1220 2541 quidem,

193 2576 229 2630 ut
243 2563 360 2652 aliquid
375 2566 501 2652 proprie
518 2589 611 2631 suum
626 2566 731 2632 dicere
745 2565 939 2638 viderentur;
956 2564 1082 2639 deiude,
1100 2573 1137 2628 ut
1149 2587 1219 2652 quae

192 2675 297 2741 minus
313 2672 546 2750 intellexerunt,
563 2698 599 2740 ea
614 2675 737 2740 disertis
752 2675 940 2763 quibusdem
955 2674 1145 2738 commentis
1161 2677 1224 2740 ob-

193 2783 364 2858 volventes,
386 2781 499 2848 sabulae
518 2785 655 2871 speciem
676 2785 860 2872 effingerent
884 2783 1014 2848 veritati.
1040 2783 1089 2850 De
1112 2796 1226 2848 nostro

194 2892 290 2980 igitur
311 2890 466 2966 instituto,
487 2914 525 2957 ac
546 2891 585 2956 de
604 2890 709 2980 legum
725 2904 903 2960 uestrarum
925 2891 1056 2957 historia
1075 2915 1227 2978 quaenam

196 3000 309 3065 eruditi
324 3000 409 3087 apud
423 2999 549 3066 Graecos
562 2999 709 3077 dixerint,
722 3025 880 3089 quamque
891 3001 983 3068 multi
995 3011 1028 3066 et
1040 3000 1151 3090 quales
1163 3003 1229 3067 sint

197 3107 250 3195 qui
271 3106 319 3171 his
338 3105 486 3171 derebus
506 3108 692 3184 meminere,
711 3108 744 3173 in
761 3106 843 3173 libro
864 3109 1012 3176 adversus
1030 3132 1084 3174 eos
1106 3111 1164 3196 qui
1189 3110 1230 3174 de

197 3215 291 3280 rebus
306 3214 417 3279 divinis
433 3225 699 3290 asseveraverunt,
716 3215 991 3282 demonstrabitur.

240 3323 324 3389 XLI.
343 3323 435 3389 Nune
450 3334 568 3398 eutem,
585 3325 670 3411 quod
686 3324 792 3401 instat,
809 3349 905 3413 quam
920 3325 1164 3415 diligentissime
1176 3329 1231 3394 de·

198 3431 437 3498 monstrandum
459 3443 518 3506 est,
544 3454 608 3498 non
633 3432 736 3498 solum
761 3435 901 3500 Homero
924 3435 1137 3523 antiquiorem
1160 3460 1231 3502 esse

199 3539 332 3615 Mosem,
344 3538 399 3604 sed
410 3539 505 3604 etiam
516 3540 738 3606 vetustioribus
750 3541 888 3608 Homero
900 3544 1120 3633 scriptoribus,
1134 3544 1234 3622 Lino,

201 3647 428 3722 Philammone,
459 3646 662 3736 Thamyride‚
695 3650 885 3741 Amphione,
917 3653 1046 3730 Musaeo,
1081 3653 1232 3744 Orpheo,

202 3752 395 3828 Demodoco,
409 3751 550 3830 Phemio,
564 3755 695 3842 Sibylla,
709 3757 801 3823 Creta
814 3758 999 3848 Epimenide
1010 3759 1065 3848 qui
1078 3760 1235 3849 Spartam
