2648 4634
189 211 258 288 dat
514 225 627 280 sanans
650 231 763 280 innunt
787 231 850 279 nm.
876 233 909 278 tv

194 365 207 399 ι
226 337 309 406 foras
323 338 346 404 ¹.
361 337 591 407 »Manifestum
602 353 649 407 est
660 363 749 430 ergo,
765 340 919 429 quoniam
934 339 989 429 qui
1004 335 1239 407 contradicunt

196 445 288 513 saluti
300 449 384 537 ejus,
397 458 428 514 ct
439 447 576 516 alterum
587 461 706 539 praeter
715 470 791 517 eum
802 451 857 539 qui
869 446 1239 539 promissionemsccerit

196 556 346 634 Abrahn,
362 557 500 626 sormunt
513 558 633 636 Deum,
647 569 737 626 extre
752 581 890 649 regnum
902 559 962 628 Dei
976 571 1063 635 sunt,
1086 569 1120 624 et
1133 554 1239 622 etha

197 665 289 734 redes
313 667 444 734 suntab
463 666 696 757 incorruptela,
716 667 903 736 frustrantes
922 679 956 734 et
975 666 1239 756 blasphemantes

197 774 314 853 Deum,
327 775 381 864 qui
400 775 433 841 iu
448 797 583 865 regnum
599 775 753 843 emiorum
766 776 941 844 introducit
954 777 1134 852 Abraham,
1147 785 1184 839 et
1195 795 1238 838 sc

197 908 272 974 man
289 885 372 974 ejus,
393 884 481 974 quod
501 897 550 951 cst
564 883 719 961 Ecclesia,
735 908 795 974 par
812 885 975 954 Christum
992 886 1121 961 Jesum,
1137 883 1195 950 cui
1208 893 1239 947 et

197 993 327 1084 adoptio
341 993 499 1078 redditur,
520 1006 553 1059 et
563 993 732 1061 haereditas
746 1017 817 1082 quat
832 993 970 1062 Aurata
984 993 1143 1084 promissa
1155 1005 1216 1058 est

241 1102 282 1170 11.
300 1101 493 1192 vindicabat
507 1103 595 1170 enim'
608 1127 717 1171 seman
733 1104 803 1193 ejus
815 1103 988 1180 Dominus,
1004 1101 1131 1169 solvens
1143 1124 1165 1165 a
1176 1101 1238 1166 sin

198 1210 292 1288 culis,
308 1223 342 1280 et
356 1211 514 1280 advocans
525 1211 566 1280 ad
581 1203 731 1290 salutem,¹
747 1213 1018 1301 quemadmodum
1029 1209 1106 1278 iecit
1121 1211 1157 1276 in
1168 1231 1237 1274 mu·

198 1321 275 1396 licre
294 1347 365 1412 quae
385 1323 426 1388 ab
448 1346 487 1389 eo
509 1333 618 1390 curata
636 1336 698 1400 est,
718 1321 886 1390 manifeste
901 1322 1010 1390 dicens
1029 1319 1079 1387 hia
1103 1319 1236 1408 quinon

203 1429 342 1498 similem
360 1430 495 1498 Abrahae
512 1429 674 1499 habehant
687 1430 807 1498 fidem:
825 1431 1047 1521 «Hypocritae,
1065 1429 1236 1517 unusquis·

200 1551 453 1630 »quaeestrum
479 1539 531 1606 die
556 1541 763 1608 sabbatorum
783 1542 899 1609 bovem
922 1563 1018 1608 suum
1039 1538 1091 1606 va}
1115 1541 1237 1605 asinum

204 1678 218 1713 s
236 1673 301 1718 non
309 1649 414 1727 solvit,
426 1662 459 1716 et
470 1649 572 1727 ducit,
588 1661 620 1716 et
630 1649 788 1739 adaquati
798 1651 889 1718 Hanc
900 1661 1022 1727 autem,
1038 1669 1119 1718 cum
1129 1647 1235 1715 sithlis

204 1759 382 1836 »Abraham
400 1781 497 1849 quam
514 1757 695 1850 alligaverat
711 1757 844 1826 Satanas
863 1759 1024 1828 decernet
1041 1770 1120 1825 octo
1138 1758 1235 1832 annis,

206 1892 296 1935 »non
304 1878 488 1958 oportuerat
498 1864 576 1934 solvi
588 1867 628 1934 ab
638 1868 701 1935 hoc
711 1866 936 1936 viuculoindia
947 1870 1159 1935 sabbatorum
1170 1865 1182 1900 ²
1194 1865 1231 1930 is

205 1977 464 2044 Manifestumest
471 1976 580 2066 igitur,
588 1977 740 2066 quoniam
751 2000 806 2043 eos
818 1977 872 2066 qui
880 1976 1023 2044 similiter
1031 1989 1068 2044 ut
1079 1975 1236 2045 Abraham

206 2086 379 2154 credebant
390 2087 432 2164 ei,
446 2082 550 2164 solvit,
566 2096 598 2152 et
609 2085 790 2165 vivificavit,
800 2084 878 2154 nihil
889 2097 976 2152 extra
983 2085 1102 2176 Legem
1111 2083 1236 2159 faciens,

207 2215 322 2262 curans
336 2195 369 2262 in
381 2195 433 2262 die
443 2197 660 2262 sabbatorum.
679 2194 750 2262 Non
761 2195 847 2261 euim
857 2195 1049 2284 prohibebat
1060 2194 1129 2262 [οι
1140 2194 1237 2262 curari

206 2302 352 2371 homines
367 2301 518 2378 sabbatis,
534 2325 608 2392 quse·
623 2315 656 2370 et
671 2303 920 2372 circumcidebat
935 2327 989 2370 cos
1004 2305 1037 2370 in
1053 2298 1117 2370 hac
1133 2300 1195 2378 dia,
1210 2311 1238 2366 et

206 2428 265 2502 pro
277 2409 395 2503 populo
406 2405 720 2501 jubebatmihisteria
730 2413 947 2482 sacerdotibus
956 2413 1129 2504 perficeres
1146 2413 1238 2480 sedet

208 2532 374 2589 mutorum
387 2517 572 2589 animalium
583 2515 779 2590 curationem
790 2541 855 2590 uon·
870 2515 1072 2614 prohibebat.
1084 2523 1126 2589 Et
1139 2513 1236 2588 Siloa'

209 2633 306 2698 etiam
320 2655 404 2722 saepe
421 2630 559 2699 sabbatis
575 2633 720 2700 curavit:
738 2645 771 2701 ct
785 2646 917 2723 propter
932 2633 996 2701 hoc
1016 2633 1199 2700 assidebant
1212 2631 1237 2695 ai

211 2740 305 2812 multi
315 2741 366 2809 die
378 2743 581 2810 sabbatorum
592 2742 614 2808 ¹.
634 2743 805 2812 Continera
816 2744 902 2812 enim
915 2745 1049 2833 jubebat
1059 2767 1116 2809 eos
1129 2742 1195 2808 Iex
1205 2742 1239 2806 ab

213 2851 301 2920 omni
317 2873 412 2941 opere
435 2851 551 2930 servili,
569 2852 676 2930 idest,
697 2855 737 2920 ab
755 2854 1000 2932 omniaomnia,
1017 2877 1090 2941 quae
1110 2873 1171 2941 per
1189 2875 1241 2917 ue-

213 2961 420 3052 getiationem
436 2973 469 3027 et
490 2959 612 3051 reliquo
631 2973 758 3028 terreno
773 2971 847 3029 actu
863 2963 989 3052 agitur:
1009 2962 1125 3027 animae
1140 2971 1241 3025 autem

214 3093 324 3160 opera,
339 3092 411 3159 quse
418 3067 500 3136 fiunt
511 3091 568 3158 per
579 3070 767 3156 sententiam
779 3080 813 3136 ct
820 3093 979 3138 sermones
990 3071 1107 3145 bonos,
1119 3069 1155 3136 in
1165 3067 1242 3134 ami

215 3180 295 3248 lium
305 3201 417 3245 eornm
427 3178 480 3268 qui
490 3178 625 3266 proximi
636 3191 722 3256 aunt,
733 3179 963 3246 adhortabatur
972 3178 1052 3245 fieri.
1066 3180 1107 3246 Et
1117 3188 1242 3268 propter

215 3291 279 3358 hoc
286 3288 442 3356 Dominus
451 3287 602 3377 arguebat
613 3310 667 3354 eos
681 3290 735 3376 qui
747 3289 863 3378 injuste
873 3289 1108 3378 exprobrabant
1118 3288 1163 3363 ei,
1176 3287 1242 3376 quia

218 3399 357 3468 sabbatis
364 3398 507 3464 curabat.
519 3396 590 3464 Non
598 3397 685 3464 enim
693 3395 1109 3487 solvebat,sedadimplabat
1116 3397 1243 3488 Legem,

220 3505 337 3576 summi
351 3503 535 3574 Sacerdotis
549 3527 679 3595 oporam
693 3503 874 3595 perficiens,
890 3505 1063 3595 propitians
1073 3527 1134 3594 pro
1144 3505 1244 3572 homi·

252 3659 334 3708 tuac.
345 3674 402 3718 xasa,
414 3658 452 3710 28.
462 3658 584 3711 Attis.
599 3663 638 3721 ab,
651 3661 690 3712 ιδ.

253 3743 395 3794 ⁸bdosraoris
410 3743 494 3811 lapsus
511 3744 605 3798 Siloam
623 3747 748 3813 piscinam
763 3732 822 3796 cum
841 3746 973 3798 Probstica
983 3743 1119 3794 contundit
1132 3743 1245 3794 ireneus.

254 3827 349 3880 Uenu.
362 3843 397 3890 ss,
407 3829 444 3890 rt.
