2710 4662
241 183 298 224 112
663 183 847 228 matuatus!

235 295 317 349 esset
331 295 426 364 estate
439 283 608 371 proficiens
623 285 776 373 ignatius,
794 285 870 350 hinc
885 283 1070 359 ostendens,
1088 295 1122 347 et
1140 279 1287 371 Aposto-

235 390 328 459 licam
344 390 427 457 illius
443 391 621 467 doctrinam
635 405 745 482 aperte
760 391 913 458 indicans.

279 501 319 568 ll.
338 502 398 574 Hic
412 523 488 590 ergo
504 501 628 566 divinus
643 501 796 590 ignatius,
814 499 907 568 simul
923 524 999 567 cum
1013 498 1223 589 polycarpo,
1237 503 1284 590 qui

235 609 419 700 smyrnensi
438 610 563 699 praesuit
583 608 736 686 ecclesiae‚
760 609 797 675 lit
818 587 990 698 discipulus
1011 609 1156 674 loannis
1179 611 1283 674 Esau

235 709 351 810 gelistae
371 745 379 784 ε
400 732 432 785 et
456 743 530 786 cum
546 719 587 784 ad
605 743 680 786 eum
698 717 803 785 solum
818 721 1014 796 ventitasset,
1031 731 1133 808 atque
1151 743 1281 786 omnem

235 829 357 893 virtutis
379 830 529 918 speciem,
553 841 586 894 ct
607 851 677 894 eam
699 829 835 898 maxime
854 851 924 918 quae
945 829 1038 894 decet
1057 829 1279 900 sacerdotem,

235 935 399 1026 diligenter
419 937 623 1014 exercuisset,
646 937 793 1003 sacerdos
816 937 930 1002 deinde
954 935 1083 1025 eligitur
1111 939 1277 1016 communi

234 1048 388 1113 sententia
401 1048 545 1113 omnium
557 1047 650 1114 simul
663 1047 900 1138 Apostolorum,
908 1061 941 1113 et
953 1048 1185 1114 Antiochenus
1198 1071 1274 1113 crea-

144 1153 148 1164 '
234 1169 286 1221 tur
296 1155 472 1245 episcopus.
484 1155 567 1220 Cum
579 1168 685 1222 autem
698 1157 915 1244 assumpsisset
926 1153 1115 1232 ecclesiam,
1127 1170 1165 1222 et
1178 1157 1271 1224 multo

234 1263 349 1328 sudore
368 1286 407 1330 ac
427 1262 536 1328 labore
560 1263 592 1327 in
613 1286 649 1327 ea
671 1264 854 1328 seminasset
867 1264 1066 1354 praeconium
1080 1265 1228 1352 pietatis,
1244 1277 1270 1329 et

234 1373 339 1440 zelum
361 1397 420 1463 per
439 1373 545 1440 omnia
565 1371 784 1462 Apostolicum
804 1373 1044 1460 doctrinamque
1068 1376 1268 1444 ostendisset.

234 1507 272 1549 ac
292 1483 445 1548 extitisset
464 1481 623 1569 perfectus
646 1471 791 1546 minister
817 1480 933 1546 Christi
962 1483 1209 1568 mysteriorum
1237 1481 1266 1546 fit

234 1615 361 1679 quoque
382 1601 490 1679 postea
513 1602 648 1676 martyr,
672 1590 779 1654 bestiis
799 1601 928 1679 propter
948 1587 1038 1654 illum
1063 1591 1216 1668 traditus,
1235 1603 1265 1654 ut

234 1697 330 1790 paulo
344 1698 436 1764 altius
451 1711 596 1786 repetens
612 1696 787 1762 declarabit
802 1697 912 1761 oratio.

214 1817 220 1826 '
265 1808 334 1875 .111.
348 1806 486 1896 Trajeno
497 1809 583 1873 enim
590 1805 808 1873 Romanorum
820 1807 1015 1898 imperatori,
1028 1832 1133 1897 quem
1148 1805 1256 1894 dascy-

234 1919 295 1983 this
312 1917 478 1992 habuerat,
495 1915 578 1982 clato
593 1918 737 1993 victoria,
751 1931 783 1983 et
795 1941 860 1984 aon
872 1919 1038 1984 sustinenti
1051 1943 1146 1993 suam
1158 1920 1262 1984 husus

234 2051 295 2115 que
311 2027 419 2091 sistere
435 2024 628 2100 felicitatem,
643 2027 700 2092 sed
712 2025 828 2094 volenti
844 2051 914 2093 eam
929 2027 1060 2092 ulterius
1077 2027 1265 2118 producere,

234 2149 266 2201 et
280 2133 497 2201 Romanorum
514 2135 648 2223 imperio
664 2133 781 2201 multos
797 2135 874 2202 alios
892 2138 1098 2226 subjungere:
1115 2137 1267 2202 adversus

235 2245 441 2320 Christianos,
459 2267 514 2308 scu
530 2243 680 2310 adversus
694 2246 858 2332 pietatem,
876 2243 997 2311 bellum
1011 2247 1038 2310 ei
1051 2257 1121 2309 aute
1135 2243 1197 2309 alia
1219 2247 1269 2310 ri-

233 2379 305 2421 sum
319 2368 366 2420 est
381 2354 538 2444 optimum
555 2374 623 2416 esse
639 2375 677 2416 aa
693 2353 850 2440 expedire.
867 2354 948 2419 Nam
960 2352 1015 2419 illo
1026 2353 1150 2440 quidem
1162 2353 1268 2418 modo

233 2465 365 2553 putabat
376 2485 409 2526 se
424 2461 479 2526 uni
491 2459 640 2549 prodesse
655 2459 850 2550 Reipublicae
858 2462 928 2534 esic
943 2475 1062 2537 autem,
1077 2461 1175 2528 etiam
1190 2463 1265 2528 deos

233 2597 305 2639 suos
321 2569 437 2646 colere,
454 2581 486 2634 et
502 2591 556 2634 eos
571 2567 724 2634 inducere
739 2581 774 2632 ut
786 2592 885 2658 opem
906 2570 1009 2635 serant
1027 2570 1179 2637 adversus
1192 2572 1263 2636 hos-

234 2697 290 2748 tes.
310 2681 446 2747 Gravem
464 2680 570 2766 itaque
587 2701 626 2742 ae
644 2676 807 2743 difficilem
824 2680 1080 2767 persecutionem
1099 2679 1196 2746 infert
1207 2680 1257 2744 ad-

234 2813 340 2856 versus
359 2789 445 2878 piam
464 2788 573 2865 fidem,
590 2800 623 2854 et
638 2788 788 2876 proponit
804 2788 908 2854 edicta
927 2813 985 2877 per
1001 2791 1185 2856 universam
1202 2801 1261 2855 ter-

235 2921 386 2985 ramlquae
399 2899 468 2986 ejus
484 2899 615 2986 parebat
630 2897 778 2984 imperim
795 2909 830 2961 ut
842 2894 890 2962 vel
903 2910 1007 2963 essent
1020 2921 1096 2964 cum
1108 2922 1148 2964 eo
1161 2921 1261 2965 omnes

234 3005 402 3096 impietatis
417 3006 597 3093 participes,
612 3003 661 3072 vel
673 3003 780 3070 adhuc
790 3017 955 3070 manentes
968 3005 1155 3081 Christiani,
1168 3007 1263 3073 affice

234 3129 345 3184 rentur
358 3113 451 3179 variis
468 3112 628 3202 suppliciis
645 3127 677 3180 et
693 3114 816 3180 acerbis
831 3116 996 3180 mortibus.
1017 3115 1217 3204 Contigerat,
1234 3127 1266 3179 ut

233 3241 312 3293 tuuc
325 3223 481 3312 Trajanus
496 3235 675 3288 versaretur
694 3221 886 3297 Antiochiae;
906 3236 1016 3312 utpote
1037 3225 1092 3313 qui
1115 3236 1200 3289 esset
1214 3248 1265 3289 ex·

233 3336 427 3425 peditionem
446 3342 650 3420 suscepturus
666 3343 775 3398 eontra
791 3331 913 3409 Persas,
931 3344 963 3396 et
977 3330 1098 3398 bellum
1115 3333 1160 3398 ibi
1177 3357 1265 3422 para-

233 3460 292 3512 ret.
311 3447 371 3511 Hic
385 3466 460 3534 ergo
475 3443 504 3508 ei
521 3441 560 3506 de
575 3441 767 3531 Theophoro
783 3441 978 3531 significatur
989 3440 1125 3530 Ignatio,
1139 3443 1227 3530 quod
1238 3453 1267 3506 et

232 3553 418 3642 religionem
433 3565 555 3618 teneret
574 3551 791 3626 christianam,
808 3563 841 3616 et
861 3551 1042 3618 hominibus
1062 3553 1268 3641 persuaderet

235 3663 396 3727 Christum
414 3673 565 3748 tanquam
579 3662 682 3728 Deum
697 3662 907 3735 honorarent;
922 3663 1018 3750 idque
1034 3685 1110 3728 cum
1125 3659 1265 3728 luisseta

232 3771 332 3838 Pilato
349 3795 445 3837 cruce
464 3773 692 3840 condemnatus
708 3785 740 3840 ct
756 3785 872 3849 morte,
888 3785 927 3840 ut
939 3773 1055 3839 decant
1077 3773 1150 3860 ejus
1165 3771 1262 3840 Acta:
