2616 4620
313 251 354 292 an
377 249 576 305 iuroarauu,
599 253 660 298 arn.
687 251 720 295 rr.
969 227 1027 313 207

16 377 82 418 um
97 351 231 428 Ahelem
246 353 365 422 videret
385 358 453 423 Dco
470 355 606 445 placere,
622 357 718 447 ipsius
738 355 879 430 fratrom,
896 353 1030 424 cainum

11 463 148 536 omine,
168 461 292 549 impulit
307 476 339 528 et
354 464 499 551 perduxit
514 477 549 529 ut
570 464 699 530 fratrem
721 487 814 529 suum
832 463 968 531 Abelcm
979 487 1032 531 oc*

15 570 140 636 iderat.
164 570 212 636 Ab
227 570 276 635 his
292 572 386 638 initiis
401 573 433 638 in
444 572 531 638 hunc
550 573 705 638 mundum
723 573 853 639 inducta
868 595 964 648 mors,
981 585 1033 638 m

11 701 77 742 arm
92 677 246 744 hactenus
262 701 360 768 genus
376 680 550 746 hamanum
565 681 708 768 pervasit.
733 680 817 746 Deus
833 692 939 746 autem
956 703 1032 747 cum

11 785 188 851 misericors
200 787 252 862 sit,
265 798 296 852 et
307 787 573 875 quemadmodum
584 788 717 863 Adamo,
729 787 771 854 ita
782 789 877 855 etiam
889 800 921 855 ct
933 788 1032 855 Caino

18 893 132 957 ditum
148 894 188 959 ad
202 895 417 982 poenitentiam
433 905 465 960 et
485 895 712 964 consessionem
732 896 852 984 aperire
867 895 971 972 vellet,
990 896 1032 962 itu
1081 892 1086 900 '

11 1024 83 1064 :um
100 1000 280 1088 alloquutus
295 1015 343 1068 ast
359 1027 395 1068 :a
410 1002 469 1068 Ubi
484 1014 531 1068 est
543 1001 623 1068 Abel
643 1002 739 1070 frater
753 1003 848 1068 tuus?
859 1032 872 1066 ι
882 1003 959 1070 Cain
974 1028 1033 1068 au-

11 1133 74 1174 em
90 1111 321 1184 contumaciter
336 1122 369 1175 et
384 1121 567 1198 arroganter
585 1111 747 1199 respondit
764 1111 831 1178 Deo
852 1135 888 1177 :a
905 1111 1028 1179 Nescio.
1058 1094 1061 1100 ¹

33 1218 123 1284 Num
141 1241 202 1306 ego,
219 1231 324 1286 custos
350 1243 422 1288 sum
440 1219 543 1284 fratris
569 1219 652 1284 mei?
670 1248 684 1284 a
699 1220 781 1286 Hinc
800 1220 895 1284 iratus
914 1221 998 1288 Deus
1021 1243 1032 1294 t

11 1351 24 1384 a
48 1325 168 1404 Quare,
184 1328 297 1416 inquit,
314 1328 377 1395 hoc
392 1328 515 1394 fecisti?
533 1327 599 1395 Vox
613 1329 771 1418 sanguinis
785 1328 889 1396 lrotris
905 1331 950 1394 tui
967 1328 1033 1396 cla-

35 1447 105 1500 mat
120 1437 226 1502 adme
241 1439 280 1502 de
303 1449 397 1512 terra,
416 1461 485 1524 quaa
506 1438 628 1524 aparuit
647 1461 682 1502 os
697 1459 790 1504 suum
809 1450 845 1503 ut
863 1439 1034 1527 susciperet

29 1544 220 1630 sanguinem
238 1543 341 1608 fratris
361 1544 408 1609 tui
429 1543 467 1613 do
487 1566 583 1610 mauu
603 1556 666 1609 tua.
693 1545 830 1612 Gemens
845 1558 1034 1614 attramens

33 1652 99 1716 eris
115 1652 147 1716 in
163 1663 256 1718 terra.
272 1651 340 1716 ,Ex
351 1652 414 1718 hoc
429 1662 570 1740 ternpore
582 1654 694 1719 timore
704 1652 848 1744 perculsa
860 1663 955 1731 terra,
968 1653 1038 1720 nul·'

14 1761 70 1825 ius
86 1762 150 1848 jam
165 1761 300 1826 hominis
316 1760 501 1848 sanguinem
515 1761 657 1848 suscipit,
673 1762 728 1828 sed
743 1786 802 1829 nac
815 1761 907 1828 ullius
919 1763 1036 1828 anima·

14 1870 58 1932 is.
73 1869 120 1932 Ex
137 1893 198 1956 quo
214 1880 300 1957 patet
315 1867 441 1956 culpam
455 1868 487 1934 in
503 1892 540 1938 ea
556 1893 620 1934 non
636 1869 785 1946 residere,
798 1871 896 1938 sedin
907 1871 1034 1938 homine

11 1988 207 2064 araeceptum
218 1975 421 2046 transiliente.
1098 2031 1104 2052 ,

56 2084 165 2150 XXX.
180 2086 250 2173 lpse
262 2108 386 2172 quoquc
399 2084 477 2151 Cain
488 2084 589 2152 filium
600 2085 710 2152 hahuit
722 2086 773 2154 cui
784 2111 900 2154 nomen
910 2088 1034 2164 Enoch,

11 2215 50 2258 rc
66 2194 176 2258 urbam
188 2192 364 2267 aedificavit,
377 2215 471 2281 quam
485 2193 525 2257 do
539 2195 666 2258 nomine
678 2192 734 2258 lilii
746 2194 794 2259 sui
808 2194 919 2260 Enoch
930 2193 1035 2284 appel-

11 2303 97 2368 avit.
115 2303 185 2368 Hoc
206 2301 264 2369 luit
286 2301 409 2374 initium
425 2299 550 2386 urbium
565 2300 832 2378 aedificandarum,
849 2303 944 2392 idque
964 2314 1036 2369 ante

11 2413 183 2486 diluvium3
198 2435 261 2478 non
279 2425 313 2475 ut
328 2411 482 2477 Homerus
497 2411 649 2478 mentitur
664 2412 706 2478 ita
722 2435 838 2479 canens
855 2436 863 2476 :

90 2584 201 2660 Lingua
214 2581 291 2640 haud
304 2581 373 2640 dum
389 2581 476 2640 variis
490 2593 604 2640 structae
618 2580 789 2640 mortalibus
801 2581 897 2642 urbes.

11 2741 129 2806 [tenuit
150 2741 259 2808 Enoch
281 2742 381 2809 filium
405 2741 533 2808 nomine
554 2741 693 2815 Gaidad,
717 2763 735 2804 a
759 2763 823 2827 quo
845 2740 968 2827 genitus
989 2753 1037 2804 ast

11 2849 110 2923 lleal3
123 2873 140 2914 a
151 2848 230 2914 lllcel
245 2849 431 2926 Mathusaln,
445 2873 462 2914 a
478 2847 652 2914 Mathusalu
667 2846 816 2912 Lamech
834 2845 972 2913 Lamech
984 2869 1038 2911 au-

11 2971 79 3024 tem
94 2958 169 3022 duas
189 2959 246 3023 sihi
262 2981 373 3023 uxores
389 2958 525 3045 accepit,
539 2979 674 3044 quarum
688 2955 815 3019 nomina
828 2953 896 3020 Ado
908 2966 939 3019 ct
950 2953 1032 3020 Sela.

11 3067 86 3130 lam
102 3077 168 3129 turn
187 3065 311 3129 initium
328 3066 439 3130 hahuit
454 3086 589 3132 uxorum
603 3060 785 3135 multitudo,
801 3083 839 3126 ac
860 3062 925 3150 ipsa
941 3062 1036 3132 otiam

11 3175 144 3240 musica.
165 3173 244 3240 Nam
265 3174 403 3240 Lamech
419 3173 484 3237 nati
500 3183 573 3236 sunt
596 3181 658 3236 tres
675 3168 743 3245 lilii,
759 3192 894 3257 quornm
911 3172 1038 3236 nomina

11 3284 109 3360 Ohcl,
125 3280 233 3356 Juhal,
250 3280 275 3344 T
277 3279 381 3346 hobel.
405 3281 452 3348 Ac
469 3277 550 3346 Ohel
566 3279 693 3367 quidem
709 3278 755 3344 vir
771 3278 830 3344 suit
844 3280 879 3345 in
892 3280 1040 3345 taberna-

11 3393 93 3460 culis
107 3415 203 3480 pecus
221 3390 372 3466 nutriens.
395 3388 489 3462 Juhal
507 3401 613 3456 autam
629 3388 653 3453 is
671 3399 718 3452 cst
736 3389 788 3478 qui
806 3387 988 3476 psalterium
1006 3403 1038 3455 et

11 3505 167 3572 citharam
183 3500 376 3569 monstravit.
398 3497 520 3566 Thohcl
540 3497 598 3563 luit
620 3496 707 3562 luber
721 3497 790 3562 reris
806 3508 838 3562 at
853 3497 936 3562 serri.
955 3500 1040 3566 llae-

11 3628 104 3681 tenus
119 3613 214 3702 igitur
228 3620 410 3682 recensetur
422 3608 512 3678 Caini
527 3631 625 3698 genus
642 3630 650 3671 ε
669 3606 822 3695 reliquam
840 3619 946 3684 autem
968 3609 1036 3698 ejus

11 3724 207 3814 progeniem,
220 3745 258 3788 eo
269 3722 355 3810 quod
370 3720 501 3786 fratrem
517 3743 611 3788 suum
626 3717 805 3794 occidisset,
818 3717 932 3786 oblivio
951 3717 1038 3785 dela-

12 3836 69 3902 vit.
88 3832 244 3902 inlocum
259 3845 366 3900 autem
380 3830 486 3900 Abelis
505 3830 592 3898 dedit
608 3829 693 3896 Deus
713 3829 786 3896 Evae
808 3841 843 3893 ut
857 3829 1037 3920 conciperet
