2688 4626
276 203 335 282 144
471 205 488 224 “
520 216 668 262 urrerem
694 217 847 261 accursus
871 215 1060 260 suranensis

269 329 317 394 De
336 337 451 392 cetero
461 323 636 390 adductum
653 345 730 388 eum
744 321 951 411 interrogavit
971 321 1172 411 proconsul,
1193 346 1238 388 an
1261 325 1307 412 ips.

268 447 352 504 esset
365 432 568 522 Polycarpus.
585 431 731 520 Cumque
745 431 911 506 fateretur,
923 431 1123 498 nonensem·
1138 429 1213 506 ille,
1226 445 1261 496 ut
1271 457 1296 496 e

269 556 371 635 garet:
390 543 521 610 dioens:
540 541 698 607 Reverere
707 555 839 606 oeteum
850 555 965 616 tuam5
977 538 1108 628 aliaque
1125 540 1183 605 his
1196 541 1304 606 sirnilis.

270 665 306 719 ut
319 651 364 718 illi
385 649 499 726 solent,
515 649 699 738 proferens:
717 645 820 714 «lura
833 669 892 737 per
906 650 1037 738 genium
1059 649 1231 716 Gaesaris:
1246 652 1305 714 ree-

269 789 283 824 s
296 762 403 850 pisces
420 759 472 826 die
486 781 495 823 :
510 755 599 824 Tolle
615 759 738 847 impios.
753 783 767 818 1
782 756 875 822 Tune
893 755 1094 848 Polycarpus
1109 759 1208 848 gravi
1223 781 1259 824 ac
1273 783 1302 822 se·

267 867 441 937 verovultu
453 869 581 934 turham
591 889 721 934 omnem
733 865 972 944 sceleratorum,
981 869 1036 956 qui
1048 869 1085 933 in
1098 868 1294 934 stadioeraut

268 975 443 1046 Gentilium
454 988 622 1054 contuens,
635 999 830 1064 manumque
845 979 1145 1054 insumentum,
1158 978 1300 1064 sinrulqu

267 1109 396 1178 gemens
407 1108 446 1152 ae
457 1085 574 1152 ooelum
587 1087 771 1173 suscipiens,
781 1085 878 1150 dixit:
890 1083 980 1150 Tollo
990 1085 1131 1175 impios.
1148 1087 1299 1152 lmistenu

268 1217 343 1262 vero
357 1193 560 1283 proconsule,
577 1206 673 1282 atque
688 1195 813 1260 aiente:
832 1194 946 1270 «Jura,
963 1207 996 1260 et
1016 1196 1154 1262 dimitto
1170 1207 1219 1269 ter
1234 1217 1297 1261 eon·

265 1304 412 1374 »siclum
426 1301 477 1368 see
493 1302 644 1369 Christo:
662 1299 884 1391 sl'olyeerpus
900 1304 1069 1393 respondit
1085 1327 1095 1368 s
1113 1301 1292 1392 «mugire

267 1441 280 1476 ι
294 1424 327 1479 et
342 1435 396 1478 sex
410 1412 486 1479 enni
508 1423 583 1478 sunt
596 1433 635 1477 er
651 1433 715 1498 quo
728 1412 831 1492 servio
845 1413 887 1486 ei,
900 1434 965 1478 nee
979 1434 1033 1478 me
1048 1411 1118 1476 ulla
1136 1412 1242 1478 affecit
1253 1416 1292 1476 in—

265 1520 374 1609 »jurie
394 1541 402 1584 1
419 1532 451 1584 et
463 1538 527 1607 quo
539 1517 636 1584 modo
650 1536 781 1605 possum
796 1519 939 1586 convicia
955 1518 1065 1585 dieere
1078 1519 1229 1586 adversus
1239 1519 1287 1584 lle-

266 1659 280 1692 »
296 1651 369 1720 gem
383 1649 504 1701 meum,
519 1627 574 1716 qui
590 1623 712 1693 salvum
728 1647 779 1694 me
794 1625 917 1694 leniti»

309 1739 352 1806 X.
368 1737 508 1826 Urgente
524 1759 633 1802 rursus
644 1734 711 1811 illo,
725 1758 763 1803 ac
779 1735 961 1826 inquiente:
981 1737 1089 1803 «lura
1105 1761 1158 1827 pe·
1167 1737 1281 1826 genium

267 1847 439 1920 »Caesarie
455 1871 468 1908 s
483 1843 669 1933 respondit:
690 1871 704 1906 s
718 1843 752 1911 Si
767 1846 933 1912 ambitiose
948 1845 1134 1922 contendis,
1151 1846 1281 1934 utimar

266 1983 279 2018 ι
293 1977 352 2045 per
367 1953 511 2028 Caesaris,
523 1963 559 2018 ut
574 1965 610 2018 tu
625 1975 731 2028 voees,
745 1954 888 2043 genium3
907 1951 1036 2020 simulas
1048 1966 1161 2020 autem
1173 1967 1204 2019 te
1216 1956 1285 2042 igue

266 2093 279 2126 s
293 2085 364 2129 rere
375 2062 445 2150 quis
457 2061 516 2128 sim
521 2086 531 2136 3
546 2060 650 2151 pelam
662 2061 736 2127 audi
748 2061 968 2128 :Christianus
980 2083 1061 2128 sum.
1078 2061 1287 2150 8111111111ρίι

265 2199 278 2234 ι
295 2169 481 2237 Christiane
497 2167 657 2258 religionis
678 2170 835 2235 rationem
850 2169 991 2241 discere:
1010 2170 1050 2234 da
1065 2170 1128 2236 diei
1146 2173 1283 2260 spatium.

265 2293 324 2348 »et
339 2280 424 2346 audi.
440 2309 452 2342 ι
467 2277 640 2346 Proconsul
657 2279 735 2345 dixit
750 2303 759 2343 :
773 2281 940 2346 Persuade
950 2281 1075 2368 populo.
1096 2279 1282 2370 Polycarqu

265 2385 448 2477 respondit:
468 2384 534 2450 «Te
550 2383 679 2472 quidem
699 2403 845 2452 sermone
861 2406 899 2449 ae
914 2385 1195 2473 mtionedignatus
1215 2409 1282 2452 sum

265 2527 278 2560 s
293 2495 550 2584 Edoetinamque
562 2493 885 2582 sumus,prineipibus
895 2495 1285 2583 etpotestetibusalleoor-

205 2686 214 2700 ,
265 2599 1278 2690 sdinatishonorem¹,proutdeeet,quinolsisnonoffieistdane.

265 2711 365 2782 »lllos
380 2733 454 2778 vero
469 2711 615 2799 indignos
632 2733 758 2785 censeo,
775 2710 891 2798 quibus
906 2713 1062 2777 rationem
1075 2711 1235 2778 reddam.»

307 2819 367 2887 Xl.
383 2819 426 2886 dt
439 2817 610 2908 proconsul
624 2818 781 2906 adipsum
792 2818 870 2884 dixit
884 2841 892 2882 ε
911 2819 1057 2884 «Bestias
1069 2819 1188 2895 habeo,
1199 2819 1247 2884 liu
1259 2831 1283 2880 te

263 2956 278 2990 s
293 2927 456 3014 objiciam,
476 2927 535 2992 nisi
555 2927 733 3015 resipueris.
755 2955 767 2988 s
782 2928 853 3016 lpse
866 2949 943 2992 vero
957 2951 965 2991 :
982 2953 995 2991 1
1011 2931 1085 3004 llas,
1108 2909 1281 3016 inquitstse

266 3057 391 3103 ncesse.
413 3033 522 3121 Neque
541 3035 628 3100 enim
648 3033 831 3121 resipisoere
853 3033 990 3102 solemus
1009 3057 1046 3100 ea
1067 3038 1284 3126 resipiscentia.

265 3167 354 3235 »qua
370 3167 386 3207 n
403 3142 587 3210 melioribus
602 3143 643 3208 ad
658 3143 813 3240 deteriora
829 3139 963 3209 mutatio
979 3143 1024 3208 lit.
1045 3145 1178 3213 Bonum
1192 3159 1287 3212 autem

265 3286 277 3318 s
292 3267 353 3330 est,
366 3275 417 3320 me
433 3275 449 3317 a
465 3249 556 3316 malis
571 3252 612 3317 ed
624 3253 706 3339 juste
717 3253 859 3319 transire.
876 3253 1020 3320 »Rursus
1031 3255 1073 3319 ad
1083 3255 1287 3346 Polycarpum

266 3360 454 3453 proconsul:
467 3360 756 3447 «Quandoquidem
766 3363 882 3428 bestius
893 3364 1024 3451 spernis,
1033 3363 1175 3430 efficiam
1183 3377 1220 3431 ut
1229 3369 1289 3454 igne

265 3471 503 3547 »consumaris
526 3471 586 3537 nisi
608 3471 796 3537 sententiam
817 3484 930 3538 mutes.
956 3501 968 3536 ι
992 3473 1050 3538 Cui
1070 3473 1285 3566 Polyaenus:

274 3582 402 3672 «ignem
416 3583 545 3650 minaris
562 3583 615 3670 qui
631 3583 671 3647 ed
687 3581 773 3650 horae
788 3585 923 3672 spatium
939 3585 1041 3660 ardet,
1059 3607 1099 3652 ee
1114 3587 1216 3674 paulo
1230 3597 1290 3676 post

265 3689 509 3778 ‚exstinguas
531 3691 659 3779 ignoras
673 3692 757 3758 enim
774 3689 864 3760 illum
879 3692 976 3759 utun
991 3673 1104 3781 justus
1123 3708 1158 3761 et
1172 3705 1290 3762 eterne

238 3849 242 3858 ·
297 3814 391 3866 ¹lions.
407 3831 463 3875 xus,
477 3832 502 3872 13
514 3815 566 3864 Tit.
580 3833 619 3875 111,
635 3833 655 3867 ι.
