2688 4626
248 219 309 282 186
542 239 655 284 sarsum
678 238 798 282 susrrm
822 237 976 282 naaman

243 371 256 404 s
270 343 386 420 existit,
414 355 523 410 actum
537 357 644 410 autem
660 368 725 412 non
742 357 803 420 cst,
815 357 847 409 et
862 344 941 432 quid
956 339 1034 408 illud
1048 339 1140 428 quod
1155 335 1275 426 asqui-

243 479 257 513 s
272 451 346 520 dem
363 473 500 540 semper,
521 466 685 539 nunquam
704 475 780 516 vero
791 451 906 519 existit.
921 449 1003 516 lllud
1020 447 1153 536 quidem
1165 445 1274 512 inted‘s

243 587 256 622 ι
271 559 375 649 gentis
387 581 462 626 cum
478 557 600 624 ratione
610 556 904 645 comprehenditur,
916 555 1029 620 eodem
1041 575 1172 640 semper
1180 553 1271 618 mods

243 698 257 731 ι
271 691 305 734 se
318 669 440 735 hahens
453 691 461 731 :
482 667 568 734 istud
585 678 692 732 aulem
706 667 855 754 opinione
875 689 1061 732 cumsensu
1077 665 1205 728 rationis
1218 685 1271 728 er·

245 787 359 865 »perta
381 775 564 862 conjicitur,
587 795 719 840 nascens
741 784 773 838 et
794 775 931 861 periens,
952 795 1014 837 nec
1040 795 1186 859 unquam
1199 769 1271 836 etk-

245 913 258 946 ι
274 896 354 950 tens.
370 910 383 945 s
398 883 475 949 llaec
494 883 638 972 profacto
659 884 754 948 rerba
769 882 818 947 his
833 883 886 970 qui
902 893 990 947 recte
1010 880 1187 970 intellige-re
1201 903 1268 968 pos·

246 1002 332 1066 sunt,
353 991 516 1056 interitum
539 1001 572 1056 et
590 989 721 1054 exitium
746 987 903 1055 sactorum
924 989 1105 1076 predicant
1118 1045 1120 1053 ,
1133 987 1267 1050 dearum.

246 1101 350 1189 Atque
371 1098 451 1166 illud
466 1101 562 1166 etiam
579 1098 790 1166 necessarium
811 1111 871 1174 ast,
891 1110 926 1164 ut
945 1097 1026 1163 mihi
1042 1097 1170 1186 quidem
1185 1097 1269 1160 ride-

247 1223 312 1285 tur,
333 1208 595 1285 animadvertere.
617 1231 683 1274 non
706 1219 883 1274 creatorem
903 1205 995 1274 illum
1015 1229 1036 1271 o
1059 1205 1195 1280 Platone,
1215 1205 1267 1270 sed

247 1315 395 1406 opilicem
406 1314 555 1404 appellari
568 1315 702 1384 deorum
707 1339 717 1388 3
733 1338 807 1380 cum
823 1315 906 1380 inter
919 1325 1098 1403 utrumque
1109 1313 1263 1403 plurimun
1333 1311 1335 1398 l

248 1425 300 1500 sit,
317 1424 413 1512 ipsius
424 1421 562 1490 Platonis
572 1421 706 1510 judicio,
720 1422 919 1488 discriminis.
936 1421 1075 1488 Creator
1085 1425 1181 1496 enim,
1191 1419 1262 1486 nulla

247 1553 284 1598 ro
298 1529 358 1596 ulia
372 1530 528 1620 indigens,
546 1552 601 1594 sus
620 1531 735 1596 virtuto
753 1543 786 1596 ct
801 1537 956 1620 potestate
974 1531 1007 1594 id
1024 1531 1117 1618 quod
1128 1529 1257 1594 fissum
1334 1523 1335 1546 ¹

250 1639 364 1730 Opilcx
384 1663 471 1718 vcro,
492 1651 622 1727 accepta
641 1641 829 1706 exlmateria
847 1639 1006 1706 condendi
1022 1637 1182 1714 facultate,
1194 1661 1256 1726 spus
1334 1660 1335 1675 ¹

250 1772 343 1815 suum
358 1751 522 1817 construit.

292 1856 415 1924 XXlll.
432 1857 496 1924 Sed
507 1858 589 1923 forte
600 1857 758 1933 nonnulli,
770 1880 846 1924 cum
857 1860 897 1924 ab
910 1859 1063 1947 opinione
1075 1855 1255 1923 multitudiuis

252 1969 384 2034 deorum
399 1966 500 2033 nolint
515 1967 690 2044 discedere,
708 1967 857 2055 opilicem
871 1968 975 2056 ipsum
991 1967 1064 2032 haec
1081 1967 1139 2032 diis
1151 1964 1262 2031 conditis
1332 1908 1335 2023 l

252 2075 365 2142 dixisse
380 2075 531 2163 objicient
550 2098 558 2140 :
575 2098 588 2133 ι
604 2073 873 2162 Quandoquidem
887 2074 963 2141 facti
979 2075 1071 2150 estis,
1093 2071 1265 2146 immortales
1333 2108 1335 2201 p

253 2183 410 2270 »quidem
422 2184 589 2259 nonestis,
612 2205 714 2270 neque
731 2183 861 2247 omuino
881 2182 1113 2249 indissolubiles
1118 2209 1131 2254 ,·
1143 2205 1202 2246 nou
1219 2193 1264 2244 ta-

253 2313 356 2357 »mcn
372 2290 596 2368 dissolvemini,
613 2290 765 2379 nequain
781 2290 890 2356 mortis
906 2293 1118 2358 necessitatem
1129 2290 1258 2352 inerme

254 2431 268 2464 s
283 2401 335 2474 tis,
351 2401 455 2488 majus
477 2400 591 2466 adhuc.
602 2412 635 2465 et
654 2399 767 2466 lortius
782 2398 947 2465 vinculum
964 2423 1073 2466 meam
1092 2387 1266 2465 uoluntatem

255 2537 269 2573 s
284 2508 395 2576 sortiti.
415 2509 513 2574 »Hoc
528 2507 599 2575 loeo
616 2506 724 2585 Plato,
746 2532 820 2576 cum
838 2507 1054 2574 multitudinis
1071 2502 1268 2579 domumcul-

255 2630 340 2684 tores
354 2629 523 2692 metueret,
546 2615 694 2705 opificem
712 2639 805 2682 suum
820 2617 867 2684 sic
887 2615 1076 2705 loquentem
1096 2616 1222 2688 induxit,
1238 2625 1265 2676 ut

256 2749 367 2792 secum
388 2725 455 2813 ipse
474 2735 603 2814 pugnet.
631 2723 713 2790 Nam
733 2747 829 2811 quem
849 2737 941 2789 antea
956 2725 1183 2814 pronuntiasse
1197 2721 1269 2793 dixit
1333 2698 1335 2771 l

258 2833 413 2922 quidquid
425 2832 545 2899 factum
564 2845 613 2898 est
634 2833 830 2921 corruptioni
845 2834 1018 2900 obnoxium
1036 2857 1122 2912 esse,
1144 2833 1272 2900 eumdem

140 2971 143 2976 ·
214 3023 219 3028 ι
259 2959 346 3006 nuno
366 2940 522 3006 contraria
541 2951 734 3006 asserentem
752 2940 888 3014 inducit;
906 2965 970 3008 nou
986 2942 1233 3008 animadvertens
1245 2961 1274 3002 se

260 3047 293 3113 in
307 3045 371 3120 hac
382 3045 561 3143 disputandi
572 3047 694 3114 ratione
705 3049 862 3116 mendacii
875 3051 997 3115 crimen
1008 3047 1101 3114 nullo
1112 3047 1278 3139 pactoellu·
1334 3098 1335 3115 1

261 3177 334 3245 gere
344 3177 446 3244 posse.
459 3152 519 3222 Vel
530 3156 615 3221 enim
626 3154 714 3244 prius
729 3156 879 3221 mentitus
892 3166 952 3231 est,
970 3178 1045 3222 cum
1061 3157 1189 3222 diceret
1201 3155 1280 3243 quil·

254 3262 339 3352 ,quid
353 3261 474 3330 lactum
486 3275 534 3328 est
547 3263 743 3352 corruptioni
755 3263 927 3330 obnoxium
938 3287 1022 3338 esses
1037 3263 1087 3331 rel
1104 3288 1208 3340 nunc,
1220 3288 1283 3330 con

262 3373 357 3437 truria
380 3371 586 3463 pronuntians
605 3371 655 3438 his
673 3395 742 3460 quae
762 3372 849 3462 prius
866 3371 985 3438 dixerat
1006 3373 1046 3438 dc
1069 3373 1142 3439 diis.
1162 3373 1198 3439 Si
1211 3374 1285 3439 anim

263 3501 392 3546 necesse
414 3481 544 3548 omnino
569 3491 629 3555 est,
649 3487 685 3544 ut
706 3480 861 3568 quidquid
881 3478 1004 3546 factum
1024 3492 1074 3548 est
1096 3479 1287 3570 corruptioni

264 3574 437 3652 olinoxium
460 3589 512 3665 sit,
533 3589 709 3656 secundum
731 3589 871 3677 priorem
894 3590 962 3680 ejus
982 3587 1220 3666 definitionem
1241 3589 1289 3677 qui

266 3693 398 3780 quadrat
414 3709 450 3761 ut
464 3698 532 3764 lieri
543 3700 643 3789 possit
654 3700 740 3788 quud
751 3723 881 3768 necesse
894 3712 942 3768 est
953 3697 1020 3764 lieri
1036 3723 1101 3766 non
1113 3699 1231 3788 posse?
1241 3697 1289 3762 vi-

267 3802 360 3874 detur
375 3803 467 3894 igitur
476 3805 570 3875 -Plaso
585 3809 699 3878 frustra
713 3809 820 3898 opifici
840 3833 898 3876 suo
920 3832 989 3899 quse
1003 3807 1072 3876 lieri
1091 3831 1160 3876 non
1176 3808 1292 3900 possint
