2738 4632
279 193 292 216 .

259 291 320 370 alr
584 307 697 354 sarcrr
720 308 835 352 rurum
858 309 920 352 ara.
948 310 962 354 ι

253 419 373 488 Filium
386 419 458 494 Dei,
474 429 589 484 nostrie
609 416 718 484 salutis
742 439 837 484 causa
852 416 1070 491 incarnatumr
1087 430 1124 483 et
1143 417 1181 483 in
1197 415 1301 507 Spiri-

253 543 324 598 tum
339 541 498 604 sanctum,
514 526 568 616 qui
583 549 641 615 per
655 525 831 617 Prophetas
846 525 907 592 Dei
924 526 1182 616 dispensationes
1196 537 1233 591 et
1248 527 1301 591 ad·

254 652 367 706 ventus
386 635 581 726 praedicarit,
601 647 635 701 et
655 647 762 701 ortum
781 657 822 702 ex
833 633 976 726 Virgine,
997 647 1030 702 et
1050 637 1255 725 passionem,
1268 649 1300 700 et

254 746 521 816 resurrectionem
532 768 550 810 a
562 745 709 820 mortuis,
722 755 755 810 et
766 753 845 812 curri
853 768 949 812 carne
963 745 997 812 in
1012 745 1113 813 coelos
1127 769 1294 812 ascensam

255 859 362 928 dilecti
377 856 506 926 Domini
518 855 617 921 nostri
629 854 706 922 Jesu
722 853 854 931 Christi,
865 868 898 922 et
909 879 928 922 e
940 854 1022 936 coelo
1036 856 1070 922 in
1081 854 1191 946 gloria
1202 855 1297 922 Patris
1345 835 1351 853 ⁴

253 970 427 1037 adventum
442 965 540 1056 ipsius
555 964 597 1030 ad
612 963 816 1032 instauranda
833 965 939 1032 omnia
949 963 975 1042 ¹,
991 977 1024 1030 et
1038 988 1057 1030 a
1073 978 1188 1032 morte
1203 963 1244 1030 ad
1257 965 1300 1030 vi-

254 1093 321 1147 tam
337 1077 552 1146 revocandam
574 1099 703 1143 omnem
723 1073 908 1142 mortalium
929 1075 1075 1142 omnium
1098 1089 1298 1152 cernemus

255 1189 383 1258 Christo
398 1189 477 1256 Jesu
491 1187 630 1254 Domino
646 1194 768 1262 nostro,
783 1198 818 1252 et
831 1184 912 1259 Deo.
927 1197 960 1252 et
972 1184 1145 1261 salvatori,
1157 1195 1196 1250 et
1211 1185 1298 1275 Regi,

255 1303 295 1370 de
310 1301 447 1392 benigna
466 1299 567 1366 Patris
581 1295 745 1364 invisibilis
761 1295 924 1364 voluntate
939 1323 952 1359 ι
967 1319 1063 1364 omne
1079 1320 1168 1386 genu
1190 1295 1298 1363 lleetr

255 1441 269 1476 ι
283 1424 349 1490 tur,
365 1409 558 1488 coelestium,
571 1409 771 1476 terrestrium
781 1418 815 1476 et
824 1408 1014 1485 inferorum,
1027 1419 1060 1474 et
1071 1409 1184 1474 omnis
1195 1406 1299 1498 lingm

255 1551 269 1584 ι
285 1523 314 1589 ei
325 1517 547 1610 confiteatur²,
559 1528 675 1606 »atque
686 1518 752 1606 ipse
763 1518 881 1607 justam
893 1517 932 1583 de
943 1518 1092 1584 omnihus
1103 1519 1301 1584 sententiam

254 1629 348 1706 ierat,
364 1625 557 1718 spiritualia
571 1624 720 1692 videlicet
734 1625 904 1711 aequitio,
922 1635 954 1691 et
970 1622 1109 1714 Angelos
1126 1635 1303 1714 transgrea
1351 1699 1352 1722 ,

256 1763 356 1815 sores,
372 1737 490 1828 quique
505 1733 626 1824 perlide
642 1733 836 1810 deiecerant,
850 1734 1027 1824 impiosque
1041 1733 1122 1800 item
1138 1735 1301 1808 homines,
1351 1733 1352 1736 ’

256 1861 290 1914 et
302 1847 451 1936 injustos,
468 1855 500 1910 et
514 1842 698 1933 flagitiosos,
711 1852 744 1908 ct
755 1840 958 1932 blasphemos
972 1842 1005 1908 in
1020 1843 1130 1932 ignem
1142 1857 1300 1912 aeternnm

257 1958 400 2031 mittens,
420 1954 514 2044 justis
540 1963 665 2028 contra,
688 1962 721 2020 et
743 1951 861 2042 pietate
883 1952 1035 2042 praeditis,
1058 1953 1186 2042 quique
1208 1955 1299 2045 ipsius

257 2081 416 2161 praecepta
428 2075 645 2142 serraverunt,
658 2076 753 2154 atque
763 2065 797 2132 in
813 2065 910 2155 ipsius
921 2066 1090 2142 charitate,
1102 2067 1230 2156 partim
1241 2069 1298 2156 jam

258 2180 333 2246 inde
354 2177 394 2244 ab
416 2174 519 2251 initio,
541 2174 658 2264 partim
677 2197 717 2240 ex
737 2174 936 2263 poenitentia,
959 2175 1186 2266 perstiterunt,
1205 2178 1300 2245 vitam

258 2289 369 2362 donet,
379 2297 475 2374 atque
486 2281 820 2374 incorruptibilitatem
830 2281 994 2374 largiatur,
1006 2282 1212 2376 gloriamque
1223 2311 1302 2356 sem

258 2398 415 2489 piternam
431 2393 553 2462 afferat.

304 2506 493 2594 deceptam,
508 2503 652 2593 inquam,
668 2503 753 2572 hanc
767 2503 1038 2593 predicationem,
1055 2528 1094 2573 ae
1115 2505 1236 2585 fidem,
1257 2509 1302 2574 uti

259 2628 334 2684 ante
349 2614 498 2690 diximus,
513 2611 668 2688 Ecclesia,
680 2613 805 2680 tametsi
821 2636 879 2702 per
894 2625 999 2682 totum
1013 2627 1177 2682 terrarum
1188 2619 1303 2682 orhem

261 2747 382 2817 sparse,
397 2745 524 2788 summo
538 2720 642 2787 studio
654 2729 687 2787 et
697 2742 788 2797 cura,
800 2721 934 2811 perinde
943 2734 1039 2810 atque
1057 2745 1156 2788 unam
1167 2723 1306 2790 domum

262 2831 418 2908 incolens,
434 2839 615 2905 conservat,
632 2848 670 2895 ac
684 2827 772 2895 velut
789 2830 929 2896 animam
951 2854 1060 2907 unam,
1080 2840 1179 2919 atque
1201 2859 1304 2900 unum

262 2945 412 3032 idemque
427 2964 485 3008 cor
499 2939 633 3014 habens,
645 2938 695 3006 his
706 2961 797 3027 aeque
812 2939 909 3006 fidem
924 2941 1161 3019 accommodat,
1174 2955 1210 3009 et
1223 2945 1304 3010 miro

263 3075 434 3128 consensu,
450 3049 540 3139 quaesi
555 3073 621 3116 uno
636 3047 691 3115 o're
708 3049 852 3139 praedita,
868 3049 937 3116 haec
955 3050 1119 3140 praedicat,
1135 3051 1250 3128 docet,
1266 3077 1307 3122 ac

216 3179 219 3183 '
263 3164 370 3231 tradit.
395 3161 600 3248 Quamquam
620 3158 708 3224 enim
730 3157 869 3247 dispares
892 3159 975 3224 inter
995 3181 1029 3224 se
1050 3158 1164 3225 mundi
1187 3159 1307 3252 linguae

264 3285 351 3349 sunt,
367 3291 430 3336 una
445 3279 553 3334 tamen
568 3278 601 3337 ct
614 3266 728 3334 eadem
738 3275 787 3334 est
801 3265 976 3334 traditionis
988 3267 1043 3334 vis.
1063 3265 1113 3334 do
1129 3293 1244 3357 neque
1259 3273 1308 3338 hee

266 3405 335 3474 quae
358 3379 391 3445 in
405 3373 584 3444 Germaniis
602 3373 669 3440 sitae
689 3385 775 3450 sunt,
796 3373 947 3442 Ecclesia
968 3373 1059 3442 aliter
1077 3375 1235 3456 erodunt,
1254 3393 1311 3446 aut

266 3491 358 3560 aliter
379 3486 525 3559 tradunt;
550 3506 612 3552 nee
634 3507 704 3572 qnae
725 3485 758 3550 in
780 3483 950 3574 Hispaniis,
973 3495 1029 3552 aut
1047 3483 1172 3563 Galliis,
1192 3501 1257 3554 ant
1277 3490 1311 3557 in

268 3603 413 3674 Oriente,
429 3607 485 3662 aut
504 3595 537 3660 in
548 3593 710 3684 ·AEgypto,
734 3606 790 3660 aut
810 3593 843 3660 in
858 3593 978 3670 Africa,
993 3607 1049 3661 aut
1063 3595 1097 3662 in
1111 3597 1312 3666 meditem

268 3711 336 3780 nois
358 3707 444 3773 orbis
458 3705 641 3796 regionibus
661 3703 770 3772 sedem
792 3703 923 3770 hahent.
942 3703 1077 3783 Verum,
1095 3718 1130 3772 ut
1152 3705 1202 3774 sol
1218 3707 1312 3778 hine

269 3823 338 3892 Deo
352 3814 499 3884 conditus
514 3814 547 3880 in
563 3814 708 3880 universo
725 3812 846 3879 mundo
861 3825 1052 3904 unusatque
1067 3815 1153 3882 idem
1166 3827 1243 3884 est:
1268 3818 1311 3884 ita

302 3954 311 3988 ¹
323 3949 416 4018 Ephrr.
427 3966 445 4008 ι,
459 3963 497 3996 ιο.
507 3945 559 3984 -2
570 3946 659 4010 Philip.
673 3965 702 4006 ιι,
715 3964 743 3998 ιο
752 3955 778 3996 et
787 3959 861 4010 seqq.
