2648 4634
204 289 270 366 444
527 307 639 352 sancet
664 306 778 352 lusum
801 305 863 350 utu.
890 307 921 349 rr

205 413 395 504 spirituales,
415 427 448 481 et
463 415 734 504 praefigurationes
754 415 948 492 futurorum,
969 414 1241 505 quemadmodum

204 537 237 592 et
248 525 363 592 Paulus
374 525 417 591 uit
430 547 438 588 ε
451 551 464 584 ι
476 523 634 592 Bibehunt
644 525 730 592 enim
741 523 781 590 de
796 525 940 613 sequenti
956 536 1068 613 petru:
1083 537 1176 613 petru
1187 547 1243 589 nu-

205 663 219 695 »
234 647 299 700 tem
313 646 381 700 erut
396 632 571 702 christus&
587 634 650 700 »Et
662 655 771 700 rursus
782 634 942 722 predictis
960 634 1009 700 his
1021 657 1094 722 quae
1114 635 1148 700 iu
1163 633 1243 723 tege

206 754 292 818 suut,
306 739 411 809 intulit
423 764 431 808 ι
444 768 457 804 r
468 740 585 808 Omnia
601 752 709 808 autem
724 740 794 808 hec
808 742 841 806 in
858 742 958 831 ligura
971 743 1149 809 veniebant
1162 741 1240 809 illis:

205 878 218 911 s
232 849 348 939 scriptu
360 861 434 914 sunt
445 858 554 914 autem
566 845 608 914 ud
619 849 854 936 correptionem
865 859 1022 925 nostrum,
1035 849 1068 916 in
1083 871 1166 936 quos
1176 846 1242 912 finis

206 953 423 1022 »seculorum
441 953 599 1022 devenit².
622 954 710 1022 »Per
723 966 816 1044 typos
836 954 923 1022 enim
942 956 1114 1025 discebant
1135 957 1241 1024 timere

203 1063 319 1140 Deum,
331 1074 365 1129 et
382 1083 583 1151 perseverare
598 1061 631 1128 iu
646 1061 805 1152 ohsequiis
820 1063 902 1152 ejus.

595 1304 746 1376 CAPUT
769 1303 844 1372 XV.

207 1487 268 1568 Qut
279 1487 382 1566 Legum
397 1487 553 1549 naturalem
569 1510 619 1548 scu
632 1489 810 1568 Deculogurn
822 1486 963 1546 hunnum
981 1481 1116 1544 cordibus
1128 1487 1238 1559 prmum

245 1587 391 1649 rescribere
398 1591 468 1648 satis
478 1587 611 1648 halama
620 1589 715 1660 Deus,
728 1587 922 1659 Humerum,
934 1585 1059 1645 libatate
1068 1607 1127 1645 sua
1139 1583 1238 1644 claun

245 1693 326 1763 triam,
346 1691 591 1765 concupiscentiam
606 1691 736 1768 graviori
747 1688 832 1768 Legis
848 1689 985 1746 Mosar'coe
997 1684 1078 1766 jugo
1091 1681 1238 1766 rest-cnm,

245 1791 300 1847 rina
311 1773 339 1847 ¹et
352 1789 426 1868 leges
436 1788 573 1864 quasdam
583 1788 770 1866 paniculum
783 1788 818 1848 ob
830 1788 964 1848 duritiam
974 1786 1069 1846 cordis
1080 1809 1175 1846 conam
1184 1801 1237 1844 sta·

245 1901 320 1948 tuere
326 1888 499 1964 postmodnm
510 1910 617 1950 necem
626 1887 730 1948 lttrlur‘t.

251 2053 275 2120 1.
294 2053 497 2142 ltnque‘Lex,
513 2067 546 2121 et
560 2052 724 2143 disciplina
741 2066 810 2120 erut
824 2052 897 2129 iliis,
917 2065 950 2119 et
968 2051 1139 2142 prophetia
1155 2053 1230 2119 futu

208 2183 327 2226 uorum.
351 2161 431 2229 Num
451 2162 540 2229 Deus
561 2161 808 2251 primoquidem
827 2184 885 2253 per
899 2160 1055 2228 naturalia
1070 2174 1231 2252 praecepta,

207 2295 278 2360 quae
292 2273 331 2338 ob
347 2272 436 2338 initio
452 2271 547 2339 infixa
560 2273 647 2339 dedit
658 2274 854 2348 homiuibus,
868 2271 1044 2338 admonens
1056 2295 1124 2348 eos,
1138 2273 1231 2348 idest,

208 2402 265 2470 per
279 2377 476 2470 Deculogum
494 2381 583 2471 (quse
605 2383 630 2448 si
650 2384 720 2471 quis
739 2405 803 2450 nou
821 2382 942 2459 fecerit,
959 2404 1025 2448 non
1041 2382 1139 2449 hebet
1154 2381 1232 2446 sulu-

206 2491 306 2577 tem),
318 2487 397 2555 nibil
411 2487 483 2579 plus
500 2491 541 2556 ub
556 2490 602 2556 eis
620 2491 796 2581 exquisivit.
821 2491 1105 2571 Quemadmodum
1120 2492 1231 2579 Moyses

207 2597 240 2665 in
255 2599 503 2669 Deuteronomio
525 2601 570 2666 uit
593 2602 693 2669 :otti
707 2624 868 2669 sermones
886 2625 996 2668 omues
1017 2627 1098 2691 quos
1117 2603 1231 2671 locutus

208 2720 283 2774 sest
306 2709 463 2776 Dominus
489 2708 530 2775 ud
556 2733 685 2778 omnem
709 2733 901 2802 synagogem
927 2711 1068 2780 liliorum
1091 2712 1183 2781 lsrael
1206 2715 1233 2778 in

84 2915 90 2926 ·
208 2831 359 2896 amunte,
375 2832 408 2886 et
423 2817 501 2886 nihil
520 2820 664 2910 adjecit:
684 2834 718 2888 et
733 2823 858 2911 scripsit
872 2841 908 2888 eu
927 2823 961 2890 in
980 2824 1105 2891 duabus
1128 2823 1234 2891 tubulis

209 2957 223 2992 ι
238 2927 381 3018 lapideis,
396 2941 430 2995 et
444 2929 532 2995 dedit
546 2929 658 3006 mihin
673 2931 826 3021 »propter
837 2931 900 2999 hoc
912 2943 946 2996 ut
958 2932 1156 3000 custodirent
1165 2956 1234 3023 pre·

209 3052 301 3129 coptu
317 3038 350 3106 hi
364 3039 421 3128 qui
435 3039 535 3106 velint
544 3041 633 3129 sequi
644 3063 729 3108 eum.
745 3042 788 3108 At
799 3041 854 3108 uhi
866 3041 1010 3110 conversi
1024 3044 1143 3110 suntin
1154 3041 1231 3110 rituli

209 3149 394 3226 sectionem,
411 3162 444 3216 et
461 3149 578 3216 reversi
593 3162 668 3218 cunt
685 3151 798 3218 animis
820 3149 884 3217 suis
906 3151 939 3217 in
957 3149 1146 3241 AEgyptum,
1162 3155 1233 3220 seni

209 3261 268 3350 p'ro
283 3257 395 3354 libens
405 3259 668 3347 concupiscentes
679 3283 760 3336 csse,
774 3273 881 3349 aptum
897 3262 1162 3351 concupiscentie
1178 3287 1234 3328 sue

210 3382 405 3459 occeperunt
415 3368 569 3458 reiiquum
581 3370 777 3447 servitutem,
790 3391 807 3436 s
819 3371 889 3438 Deo
901 3372 1030 3460 quidem
1046 3394 1110 3438 non
1121 3374 1234 3441 ubsciu·

211 3480 352 3558 dentem,
365 3480 398 3547 in
409 3479 567 3548 servitutis
578 3493 684 3546 autem
695 3483 771 3570 jugo
784 3479 1000 3548 dominantem
1013 3483 1058 3548 cis
1071 3505 1078 3546 :
1094 3483 1235 3571 quemad·

212 3590 344 3657 modum
359 3602 392 3656 et
406 3587 553 3659 Ezechiel
567 3591 734 3680 propheto,
751 3613 861 3658 causus
873 3590 943 3656 tulis
959 3589 1049 3680 Legis
1065 3591 1145 3657 dntae
1168 3593 1234 3658 red-

215 3699 306 3796 dens,
322 3700 366 3766 nit
379 3724 386 3766 :
401 3727 413 3760 ι
428 3702 470 3767 Et
483 3714 554 3790 post
569 3701 858 3790 concupiscentium
876 3701 980 3768 cordis
995 3701 1043 3767 sui
1058 3713 1147 3767 erunt
1158 3701 1233 3767 oculi

212 3797 365 3887 reorum.
380 3825 413 3878 et
433 3823 491 3902 ego
507 3812 580 3879 dedi
595 3813 639 3878 eis
655 3824 812 3902 precepta
834 3835 899 3880 non
922 3813 1018 3888 bonu,
1035 3824 1066 3879 et
1087 3811 1234 3902 justitien-

245 3938 255 3974 ¹
269 3939 346 3988 tCur.
361 3940 419 3998 md.
433 3937 554 3988 -21tid
570 3957 603 3989 ιι.
616 3939 665 3978 -2
678 3943 752 3992 Dent.
766 3957 840 4000 rm.
