2640 4622
249 267 399 312 ersuoeus
424 265 486 310 cun
509 265 672 310 rnrruone
695 266 824 309 sunno·
979 249 1042 335 599

1 389 85 452 ret,
104 393 182 464 'quae
197 373 313 442 iudam
325 395 437 441 eorum
449 383 571 462 patrem
581 395 648 440 esse
661 373 900 448 demonstrarit,
912 395 993 462 quos
1004 399 1043 442 ex

22 487 152 552 hamar
165 509 230 554 non
244 486 311 552 sine
326 506 442 572 magno
454 483 603 572 mysterio
618 494 779 570 genuerat.

42 592 253 660 LXXXVII.
275 592 335 657 Hic
344 589 488 679 Trypho,
505 611 579 656 cum
594 587 661 654 haec
672 589 839 656 dixissem:
858 591 905 657 Ne
917 615 982 668 me,
994 593 1045 658 iu-

17 703 89 778 uit,
100 703 257 789 deinceps
268 699 424 766 existimes
436 709 577 764 evertere
589 708 762 763 tentantem
774 721 843 785 quae
855 723 872 765 a
886 711 916 767 re
929 701 1042 768 dicun-

1 832 72 884 υτ,
86 803 273 896 percontari
286 799 438 894 quidquid
448 813 651 893 percontatus
663 803 765 879 fuero,
778 804 833 871 sed
848 806 888 870 dc
902 806 951 874 his
968 809 1043 896 ipsis

28 941 81 982 uae
107 917 334 1005 percontabor,
356 913 435 982 velle
453 913 641 1002 perdiscere.
666 913 725 978 Dio
740 914 833 1001 igitur
848 915 926 988 mihi
944 940 952 981 :
970 939 1045 984 cum

0 1057 20 1086 ι
30 1026 183 1112 criptura
203 1047 261 1113 per
281 1023 405 1090 Esaiam
421 1022 506 1087 dicet
524 1044 532 1084 ε
553 1021 773 1109 «digredietur
785 1023 870 1111 virga
886 1024 1045 1095 deradice

5 1171 8 1184 ›
36 1133 147 1207 desse,
162 1142 195 1196 et
206 1129 264 1196 ssus
276 1129 426 1196 ascendet
438 1130 478 1194 de
490 1127 595 1194 radice
607 1127 709 1204 iesse,
724 1141 757 1194 et
767 1131 941 1220 requiescet
953 1155 1046 1220 super

0 1283 7 1296 κ.
33 1263 115 1304 eum
129 1240 257 1328 spiritus
272 1239 343 1314 Dei,
361 1238 488 1328 spiritus
499 1237 658 1325 sepientiae
669 1247 701 1303 et
717 1236 907 1313 intellectus,
920 1241 1046 1327 spiritus

37 1341 167 1414 consilii
183 1358 216 1413 et
230 1347 433 1423 fortitudinis,
449 1347 574 1435 spiritus
594 1347 731 1413 scientim
747 1358 779 1412 et
793 1348 931 1435 pietatis,
947 1361 980 1414 et
994 1373 1046 1415 re-

1 1487 18 1518 s
37 1455 143 1543 plebit
154 1478 229 1523 eum
245 1454 371 1543 spiritus
382 1454 504 1520 timoris
515 1451 662 1520 Domini¹
671 1478 680 1527 ;
699 1481 713 1518 s
731 1452 819 1540 (haec
833 1466 941 1520 autem
955 1455 1046 1533 mihi,

4 1567 133 1642 aiebat,
150 1566 183 1632 in
199 1565 361 1636 Christum
378 1564 462 1630 dicta
474 1587 543 1628 esse
554 1562 728 1638 coufessus,
740 1585 815 1628 eum
826 1575 933 1638 temen
945 1564 1048 1636 Deum

4 1673 221 1762 praeextitisse
232 1673 324 1746 dicis,
336 1683 369 1738 et
381 1693 510 1739 carnem
521 1670 641 1736 factum
660 1669 835 1744 secundum
852 1668 1046 1740 voluntatem

6 1783 86 1858 Dei,
103 1805 144 1846 ex
158 1780 279 1868 virgine
291 1779 455 1847 hominem
470 1779 611 1866 genitum
626 1781 731 1867 esse);
750 1757 910 1866 quomodo
924 1803 1046 1868 praeex-

9 1890 117 1954 titisse
138 1888 346 1970 demonstrari
367 1896 482 1976 potest,
499 1885 552 1973 qui
568 1907 625 1974 per
639 1887 768 1952 virtutes
785 1886 920 1974 Spiritus
932 1891 1045 1963 sancti,

12 2019 96 2084 ques
113 2018 172 2084 per
192 1995 316 2060 Essiam
334 2005 499 2060 enumerat
516 1993 692 2082 Scriptura,
709 1994 898 2084 completur,
918 1999 1048 2086 perinde

13 2127 57 2170 ac
72 2101 133 2167 illis
149 2103 295 2192 indigeat.

62 2210 149 2303 Tum.
165 2233 224 2299 ego
242 2234 250 2274 ε
267 2210 469 2286 Acutissime,
486 2211 627 2299 inquam,
644 2221 676 2276 et
691 2211 933 2300 prudentissime
948 2194 1047 2282 inter-

15 2322 158 2408 rogasti:
177 2343 251 2386 rere
271 2321 356 2388 enim
371 2320 497 2386 ridetur
520 2343 588 2388 esse
607 2321 784 2412 ambigendi
801 2321 890 2388 locus
909 2345 916 2385 :
937 2323 992 2388 sed
1012 2335 1047 2395 ut

16 2432 135 2495 horum
145 2453 271 2517 quoque
283 2429 438 2497 rationem
448 2432 629 2518 perspicias,
642 2433 715 2498 audi
727 2453 797 2519 qum
809 2431 950 2498 dicturus
962 2457 1042 2498 sum.

18 2539 85 2602 Has
97 2536 230 2625 Spiritus
244 2538 388 2613 virtutes,
400 2561 470 2626 qnae
486 2562 580 2625 supru
591 2549 780 2610 enumeratae
793 2552 879 2615 sunt,
895 2563 959 2605 non
976 2541 1046 2606 idco

19 2645 182 2734 Scriptura
198 2647 229 2712 in
245 2669 319 2713 eum
341 2643 482 2734 delapsos
503 2646 595 2724 dicit,
616 2648 703 2734 quod
724 2645 784 2714 illis
807 2648 973 2736 indigeret,
993 2649 1047 2716 sed

20 2751 105 2838 quod
123 2752 154 2818 iu
168 2773 206 2815 eo
223 2751 412 2840 requieturos
423 2763 539 2826 essent,
557 2753 588 2816 id
604 2763 664 2828 est,
677 2752 774 2818 finem
787 2755 818 2818 in
830 2777 868 2820 eo
880 2753 1046 2832 habiturae,

22 2862 65 2924 ite
80 2871 114 2926 ut
129 2858 205 2926 nulli
222 2861 371 2947 deinceps
383 2862 415 2924 in
430 2871 534 2924 vestro
549 2883 664 2948 genere
678 2861 840 2948 prophetae
853 2861 949 2926 veteri
960 2883 1049 2928 more

23 2979 177 3034 exstarent
194 2991 202 3032 s
221 2967 307 3055 quod
329 2969 418 3034 robis
442 2966 517 3032 licet
539 2967 588 3034 vel
608 2969 680 3054 ipsis
697 2967 796 3036 oculis
817 2991 957 3038 cernere.
975 2969 1050 3038 Post

26 3099 99 3140 euru
113 3075 195 3141 enim
210 3073 314 3140 nullus
329 3075 414 3162 apud
430 3097 485 3140 ros
501 3076 602 3140 extitit
612 3076 777 3164 propheta.
796 3077 898 3166 Atque
912 3090 946 3144 ut
960 3081 1049 3148 vobis

27 3167 129 3272 pateat
142 3180 327 3270 Prophetes,
344 3205 418 3248 cum
434 3171 531 3253 unam
545 3183 677 3271 quisque
692 3195 746 3252 eut
757 3183 888 3262 niteram
899 3187 1049 3257 uirtutem

29 3313 48 3354 a
64 3289 127 3354 Deo
143 3290 350 3378 accepissent,
366 3312 403 3354 ea
417 3290 526 3358 fecisse
542 3301 574 3355 et
588 3291 700 3358 dixisse
716 3315 785 3379 quae
800 3317 858 3358 nos
873 3317 999 3382 quoque
1014 3317 1052 3362 er

29 3397 202 3484 Scriptus-is
219 3397 397 3472 didicimus,
411 3397 564 3468 bisetium
576 3424 645 3488 quse
657 3425 674 3468 a
685 3423 737 3468 me
753 3401 902 3468 dicuntur
912 3405 1052 3473 animum

31 3507 186 3574 advertite.
207 3505 376 3596 Sapientiae
400 3508 484 3572 enim
502 3509 646 3597 spiritum
660 3509 810 3579 Salomon
831 3511 981 3588 habebat,
1002 3515 1052 3582 in—

33 3615 201 3706 telligentiae
216 3628 249 3683 et
261 3616 383 3684 consilii
398 3617 522 3694 Daniel,
543 3618 735 3688 fortitudinis
750 3631 783 3686 et
798 3621 920 3710 pietatis
935 3621 1048 3701 Moses,

34 3724 146 3812 timoris
158 3723 254 3803 Elias,
269 3725 410 3794 scientius
425 3727 548 3802 Esaiam
569 3738 664 3816 etque
686 3726 737 3795 eiii
756 3729 898 3800 similiter
912 3745 966 3803 aut
984 3736 1049 3802 sin-

68 3853 76 3886 ¹
88 3855 148 3904 Euri.
159 3871 193 3915 ur,
207 3873 228 3905 r.
