2516 4636
344 323 465 367 corrui
489 323 639 366 sternens.
941 299 1002 386 397

15 469 17 484 =
39 433 213 528 ‚lntiudtur
223 453 300 519 ergo
311 453 421 498 omnes
431 432 485 521 qui
498 430 721 498 contradicunt
731 430 801 518 ejus
812 427 1004 506 salutisem·

19 601 26 611 .
49 543 164 632 ‘eipsos
180 539 384 608 excludentes
400 564 417 605 u
432 541 507 617 vita,
523 541 557 606 in
571 563 609 606 eo
625 538 710 626 quod
725 561 790 605 non
806 537 938 604 credant
952 538 1003 604 in-

59 677 103 719 un
116 675 208 719 orem
223 675 293 742 quse
307 650 454 741 perierat.
472 647 507 714 si
524 660 632 715 nutem
647 645 700 713 illa
720 660 849 714 nonest
863 647 1002 721 invento,

15 738 83 852 ,ἦε
103 761 280 851 possidetur
301 761 334 826 in
356 759 534 850 perditione
552 757 654 823 omnis
672 757 808 823 hominis
830 758 1001 846 generatio.

18 947 23 952 Ι
42 856 111 935 'lux
124 892 200 960 ergo
217 869 242 934 is
257 869 310 957 qui
325 868 412 958 prior
426 867 510 934 hanc
524 865 726 941 sententium,
739 866 804 932 imo
815 866 900 932 hanc
919 866 1006 955 igno·

15 1049 25 1064 ‚
43 972 112 1046 lam
127 991 159 1046 et
180 979 355 1047 cecitatem
368 977 505 1055 induxit,
523 976 688 1050 Tutunus:
708 977 863 1044 connexio
876 975 1008 1066 quidem

16 1079 17 1082 ¹
38 1089 78 1154 'rs
94 1089 237 1156 omnium
252 1090 489 1166 haereticorum,
501 1087 772 1178 quemadmodum
788 1088 1004 1155 ostendimus:

34 1196 159 1266 ‘nutem
174 1221 191 1264 a
205 1199 373 1288 semetipso
384 1197 558 1274 adinvenit,
572 1197 617 1263 uti
633 1218 751 1263 novum
763 1194 880 1285 aliquid
893 1210 1009 1287 praeter

32 1333 117 1403 *puos
132 1308 283 1384 inserens,
299 1328 434 1376 vacuum
450 1305 594 1394 loquens,
610 1328 727 1373 vacuos
742 1328 760 1370 o
776 1305 840 1374 lide
850 1305 1009 1374 auditores

16 1423 258 1510 '‘prepararet,
276 1417 427 1486 affectans
442 1417 590 1508 magister
605 1417 730 1494 heberi,
746 1427 872 1482 tentans
891 1427 924 1482 et
937 1419 1009 1484 sub-

15 1517 50 1594 *r
79 1530 124 1594 uti
143 1528 326 1617 hujusmodi
345 1550 364 1593 a
383 1526 481 1594 Pnulo
502 1528 626 1594 assidue
647 1525 752 1603 dictis,
776 1526 955 1615 quonium
977 1527 1010 1594 in

27 1639 110 1704 'lam
124 1661 235 1704 omnes
249 1636 421 1704 morimur¹
429 1660 439 1711 ς
455 1637 624 1726 »ignorans
638 1647 759 1711 autem,
771 1635 947 1723 quoniame
959 1623 1013 1702 uhi

24 1749 182 1814 'sundavit
202 1759 384 1836 peccatum,
406 1746 673 1836 superabundavit
695 1745 825 1836 grutio².
851 1743 1012 1811 »Ostenso

20 1849 55 1922 ὀ
74 1858 137 1922 hoc
152 1855 329 1932 manifeste,
344 1856 535 1921 erubescunt
554 1878 665 1921 omnes
686 1853 740 1942 qui
763 1855 803 1920 ab
823 1877 862 1920 eo
878 1864 965 1930 sunt,
980 1867 1014 1920 et

21 1972 168 2034 'rcertunt
187 1967 226 2031 de
245 1965 361 2042 Adam,
384 1966 472 2054 quasi
492 1988 644 2055 magnum
663 1963 782 2053 aliquid
802 1963 966 2032 lucrentur
988 1964 1013 2030 si
1119 1989 1127 2002 “

15 2073 35 2136 Η
53 2099 119 2142 non
134 2074 284 2151 salvetur,
301 2075 429 2163 quando
444 2075 544 2164 magis
560 2073 639 2140 nihil
652 2073 820 2162 proliciunt
836 2095 844 2138 t
860 2075 1014 2161 quemod-

15 2185 117 2250 ²=dum
137 2192 171 2250 et
189 2204 317 2272 serpens
338 2181 416 2248 nihil
436 2182 572 2271 profecit
591 2181 775 2248 dissuadens
799 2182 932 2261 homini,
953 2185 1013 2252 nisi

17 2294 60 2360 ‘ud
75 2294 163 2383 quod
177 2315 252 2360 eum
268 2303 532 2382 transgressorem
547 2291 699 2368 ostendit,
717 2292 843 2358 initium
858 2304 892 2358 et
911 2307 1014 2360 mate-

15 2409 62 2468 2m
83 2404 246 2491 apostasiae
267 2425 330 2468 suae
349 2399 470 2468 hahens
490 2400 682 2474 hominem3v
696 2399 801 2466 Deum
818 2412 926 2468 sutem
949 2425 1013 2470 non

15 2514 69 2578 tit.
98 2513 152 2580 Sic
171 2525 203 2578 et
226 2512 259 2578 hi
285 2511 338 2600 qui
362 2510 585 2578 contradicunt
604 2509 697 2576 saluti
717 2509 794 2578 lldae
812 2510 890 2578 nihil
912 2511 1013 2601 profi-

15 2634 85 2698 ont,
111 2621 170 2688 nisi
195 2621 269 2696 hoc,
293 2619 379 2710 quod
402 2619 586 2709 semetipsos
612 2619 777 2687 haeretioos
798 2631 832 2686 et
856 2633 1014 2711 apostatas

17 2731 103 2797 :lunt
129 2729 287 2806 veritatis,
310 2740 344 2794 et
364 2728 534 2796 advocatos
556 2751 589 2794 se
611 2729 764 2817 serpentis
780 2741 814 2794 et
831 2730 943 2797 mortis
960 2753 1013 2796 os»

15 2841 131 2908 odunt.

459 2945 482 3034 S
505 2943 542 3010 V.

400 3104 600 3175 coscuus10⁸.

28 3279 196 3347 Traductis
206 3281 302 3371 igitur
313 3279 461 3346 omnibus
473 3279 527 3367 qui
539 3276 1014 3346 uelandasinleruntsententiss

15 3419 24 3459 r
45 3391 162 3458 sectore
177 3403 209 3457 et
227 3389 415 3480 plasmatore
434 3401 555 3465 nostro,
567 3388 622 3478 qui
638 3399 670 3454 et
688 3388 775 3456 hunc
793 3387 949 3455 mundum
969 3389 1012 3454 lo·

15 3505 128 3588 lentus
139 3514 198 3578 est,
211 3525 306 3592 super
317 3523 413 3589 quom
426 3499 504 3566 alius
516 3499 602 3565 Deus
618 3522 682 3566 non
693 3511 741 3565 est
747 3522 757 3574 ς
771 3512 804 3565 et
819 3499 892 3590 ipsis
908 3509 1010 3566 osten-

15 3613 128 3680 suibus
144 3611 258 3680 eversis
273 3611 321 3678 luis
341 3612 394 3701 qui
410 3610 450 3676 de
466 3609 640 3677 substantia
654 3609 782 3678 Domini
796 3611 907 3687 nostri,
923 3611 1011 3678 etde

17 3721 191 3811 spositione
206 3743 302 3812 quam
322 3720 396 3789 lecit
410 3731 541 3813 propter
558 3717 719 3789 hominem
733 3743 840 3798 suum,
858 3719 932 3789 falsa
951 3719 1011 3786 do·

18 3869 29 3904 ³
46 3887 54 3917 r
68 3869 126 3918 Cor.
141 3886 181 3932 rr,
198 3887 235 3922 22.
247 3900 277 3910 -
288 3869 300 3906 ²
310 3872 384 3922 Rom.
397 3889 422 3934 r,
435 3888 474 3921 ao.

19 3956 30 3989 ⁸
45 3955 107 4020 Cap.
118 3967 182 4007 xxiv.
