2646 4628
422 299 546 347 coruus
569 299 718 345 sanasse.
1026 275 1084 340 eiii

45 411 204 501 quoniam
214 413 247 478 in
258 407 498 477 similitudinem
510 410 580 496 ejus
590 421 673 475 esset
683 407 799 484 lactus,
813 406 954 474 emisisse
966 403 1088 472 scintil-

44 519 117 587 lam
127 521 293 610 vitae,quae
303 520 403 586 erexit
412 519 588 595 hominem,
599 530 632 584 et
641 517 875 594 articuloritset
884 517 990 584 vivere
1000 515 1087 582 lecit.

8 701 24 724 i„
43 632 144 698 Hauc
156 633 250 721 igitur
261 627 429 697 scintillam
441 630 512 696 vitae
526 641 598 718 post
614 630 851 697 defunctionem
867 626 1089 695 recurreread

44 765 89 807 ca
110 765 180 829 quae
201 752 275 806 sunt
295 739 438 829 ejusdem
454 739 590 829 generis,
611 738 688 805 dicit
704 763 713 804 s
735 750 767 804 et
782 737 902 827 reliquo
917 761 956 804 ex
971 735 1088 825 quihus

44 851 136 917 lacte
152 861 225 916 sunt
241 848 291 914 illa
308 845 432 914 resolvi.

8 941 28 1050 {⁴
98 959 293 1027 Solvotorem
308 971 419 1024 autem·
429 959 576 1025 innatum
591 957 831 1034 demonstravit,
851 969 885 1024 et
902 958 1088 1046 incorpora-

43 1069 130 1143 lem,
147 1080 179 1134 et
190 1069 258 1134 sine
269 1066 383 1157 figure,
399 1067 538 1156 putative
549 1078 658 1133 autem
669 1067 772 1132 visum
782 1064 968 1132 hominem:
987 1063 1090 1132 etJu·

45 1177 196 1244 daeorum
210 1177 313 1242 Deum
330 1197 431 1242 unum
441 1199 481 1242 ex
494 1173 622 1265 Angelis
633 1199 702 1268 esse
716 1175 805 1242 dixit.
824 1175 865 1240 Et
880 1186 1010 1266 prepter
1023 1174 1087 1241 hcc

45 1288 141 1378 quod
152 1285 322 1353 dissolvere
333 1283 491 1352 volueriut
500 1285 628 1353 Patrem
638 1287 709 1376 ejus
720 1309 831 1354 omnes
842 1286 1017 1374 Principes,
1033 1284 1088 1350 ed·

13 1387 25 1414 l'
46 1399 175 1466 venisse
193 1397 357 1464 Christum
371 1397 413 1462 ad
432 1375 683 1464 destructionem
699 1399 719 1465 J
722 1399 886 1465 udaeorum
904 1397 977 1471 uei,
997 1409 1028 1462 ct
1046 1395 1089 1461 ad

8 1465 32 1530 l*
45 1507 188 1574 sulutem
200 1507 399 1574 credentium
410 1507 456 1580 eis
481 1530 550 1574 csse
566 1519 675 1573 nutem
688 1508 747 1574 hos
762 1508 817 1596 qui
832 1507 952 1573 habeut
966 1502 1091 1572 scintil-

8 1603 34 1644 ‘⁶²
45 1620 116 1686 lam
126 1621 287 1710 vitae‘cjus.
306 1618 378 1687 Duo
393 1619 479 1685 enim
493 1639 611 1708 genera
624 1619 679 1686 hic
693 1620 815 1710 primus
829 1617 998 1685 hominum
1009 1614 1090 1705 ples·

8 1711 33 1752 ‘l
46 1743 137 1798 mata
149 1753 217 1796 esse
225 1731 265 1795 ab
274 1727 402 1818 Angelis
409 1726 500 1804 dixit,
511 1727 647 1793 alterum
655 1728 785 1814 quidem
792 1749 942 1816 nequam,
952 1723 1089 1792 alterum

45 1852 161 1905 autem
171 1841 303 1904 bonum.
318 1840 359 1905 Et
369 1837 519 1926 quoniam
531 1837 690 1904 daemnnes
699 1837 851 1926 pessimos
861 1835 1025 1925 odjovsnt,
1037 1854 1088 1900 ve·
1159 1899 1165 1908 ,

46 1951 135 2016 nisse
153 1947 348 2014 salvatorem
364 1947 405 2013 ed
422 1946 662 2014 dissolutionem
680 1947 837 2014 melorum
854 1948 1035 2023 homiuum,
1052 1957 1090 2012 et

48 2057 297 2131 doemoniorum,
314 2054 355 2120 ad
370 2053 505 2122 sulutem
520 2069 627 2122 eutem
642 2059 811 2124 honorum.
834 2042 968 2124 Nubere
979 2061 1089 2122 autem

46 2178 83 2232 ct
103 2187 268 2255 generare,
288 2189 305 2230 a
324 2163 441 2232 Satano
457 2165 568 2232 dicunt
586 2188 666 2232 esse.
692 2165 783 2233 Multi
799 2177 906 2232 eutem
927 2177 968 2232 ex'
981 2165 1018 2232 iis
1033 2164 1088 2253 qui

46 2288 125 2344 sunt
142 2276 183 2341 ob
200 2297 252 2350 eo,
271 2284 303 2340 et
319 2276 359 2341 ab
377 2271 566 2339 animalibus
583 2275 757 2350 abstinent,
775 2297 834 2363 per
849 2275 959 2342 lictum
977 2275 1088 2363 hujus·

8 2385 30 2452 li
46 2385 139 2452 modi
161 2383 390 2452 continentiam
409 2381 597 2446 seducentes
619 2378 748 2448 multos.
773 2381 960 2472 Propheties
977 2394 1088 2448 eutem

8 2479 30 2546 l
48 2492 205 2582 quasdam
226 2491 356 2578 quidem
377 2491 417 2555 ab
438 2489 475 2555 iis
495 2487 623 2578 Angelis
649 2491 702 2579 qui
730 2491 888 2558 mundum
909 2491 1086 2558 fabricave-

8 2607 29 2654 Ψ
46 2603 128 2678 rint,
145 2601 261 2675 dictass
280 2599 433 2689 quasdam
444 2611 553 2666 autem
564 2623 581 2664 a
594 2599 709 2666 Sotanu
725 2623 733 2666 s
751 2625 847 2690 quem
860 2614 893 2667 et
906 2602 1011 2691 ipsum
1022 2602 1087 2668 dn-

8 2723 27 2766 ,2
45 2708 158 2803 gelum
173 2709 387 2776 adversarium
399 2708 511 2776 mundi
525 2708 770 2777 fabricatoribus
781 2710 933 2786 ostendit,
948 2711 1089 2778 maxime

12 2817 26 2876 ἵ·
45 2831 158 2888 eutem
173 2821 193 2887 J
196 2819 359 2886 udaeorum
373 2819 453 2886 Dec.

8 2945 24 2991 rt
92 2931 246 2998 Basilides
267 2944 387 3006 autem,
412 2942 449 2995 ut
470 2928 564 2996 altius
584 2928 704 3019 aliquid
723 2943 757 2997 et
778 2929 979 2999 verisimilius
1000 2932 1085 2999 inve-

8 3039 22 3104 o
46 3043 135 3109 nisse
150 3038 307 3115 videatur,
322 3040 356 3104 in
371 3039 564 3104 immensum
575 3040 717 3106 extendit
727 3042 917 3108 sententiam
932 3041 1086 3111 doetrinae

8 3169 21 3214 s
48 3175 130 3227 suae,
146 3147 314 3215 ostendens
330 3149 356 3216 N
361 3173 403 3214 uu
418 3149 522 3237 primo
537 3151 578 3216 ab
593 3151 701 3217 innato
716 3163 827 3217 natum
841 3150 946 3230 Patre,
966 3154 1006 3219 ab
1021 3153 1086 3222 hoo

8 3281 20 3346 p
47 3274 160 3330 autem
175 3270 286 3326 natum
300 3257 423 3349 Logon,
439 3259 554 3325 deinde
569 3282 587 3325 a
600 3260 687 3352 Logo
698 3260 886 3338 Phronesiu,
902 3261 1086 3330 oPlrronssi

8 3387 17 3436 t
48 3380 160 3436 nutem
181 3365 333 3456 Sophiam
351 3379 385 3432 et
401 3365 574 3455 Dynnmin,
596 3392 614 3434 a
632 3369 771 3458 Dynami
789 3379 897 3436 autem
915 3383 950 3436 ct
966 3369 1087 3460 Sophia

8 3506 16 3548 ι
48 3481 206 3553 Virtutes,
225 3489 258 3544 et
275 3475 451 3564 Principes,
469 3489 502 3542 et
520 3476 671 3567 Angelos,
690 3502 769 3566 quos
787 3491 819 3548 et
837 3481 957 3570 primos
978 3493 1085 3558 vocat,

8 3651 9 3654 ,
49 3604 82 3659 ct
97 3589 187 3656 abiis
205 3587 345 3678 primum
363 3585 480 3654 coelom
496 3586 624 3655 iactum.
643 3589 768 3657 Dehinc
780 3591 948 3658 obitorum
960 3593 1085 3660 dedra·-

8 3749 10 3760 2
51 3702 138 3768 tione
153 3697 230 3765 elios
245 3707 353 3764 eutem
370 3697 482 3776 lectos,
498 3696 584 3766 aliud
599 3698 718 3768 coelum
733 3701 833 3768 siruile
847 3702 944 3793 priori
960 3702 1086 3781 iecisse,

8 3809 11 3868 ἶ
49 3823 83 3878 et
99 3807 192 3875 simili
207 3808 304 3874 modo
319 3831 358 3874 ex
372 3831 484 3875 eorum
500 3807 693 3878 derivatione
708 3835 783 3879 cum
802 3811 854 3880 alii
873 3813 948 3882 sacti
966 3825 1083 3890 essent,

51 3920 185 4009 antitypi
201 3920 245 3986 cis
265 3919 318 4009 qrri
334 3943 430 4012 super
444 3933 499 3989 eos
513 3935 632 4000 essent,
646 3921 735 3994 eliud
747 3927 877 4000 tertium
893 3925 1085 3994 deformasse
