2516 4636
358 337 480 382 coarat
505 335 656 382 naereses.
960 319 1022 403 557

7 445 105 508 ‘uibus
117 443 302 510 revelaverit
312 442 410 509 Filius
425 465 433 508 ι
447 454 479 508 et
490 444 606 508 iterum
624 443 719 508 Pater
735 465 792 531 per
810 441 940 519 Filium,
953 443 1023 514 Filii

7 555 37 618 ui
56 554 111 619 dat
126 553 319 642 agnitionem
336 553 385 618 his
401 553 455 640 qui
473 551 609 642 diligant
622 573 707 616 eum.
732 553 760 618 Α
779 573 843 638 quo
860 564 893 616 et
910 553 1024 620 Natha-

7 661 59 728 aei
82 663 206 736 discens
221 661 381 751 cognovit,
400 661 452 727 cui
471 659 739 726 attestimoniare
756 659 894 727 reddidit
913 660 1025 726 Domi-

6 793 51 834 ,ιιι
66 771 219 858 quoniam
234 793 348 836 «verus
358 767 498 834 Israelita
518 779 579 843 est,
591 769 623 834 in
640 791 703 855 quo
719 766 809 836 dolus
826 749 892 836 non
907 769 988 836 est¹.
1004 799 1017 832 ι

6 879 147 969 {ognovit
162 877 317 945 israelites
331 901 424 946 suum
438 877 576 966 Regems
594 888 627 942 et
641 877 685 942 ait
697 877 729 942 ei
746 901 755 942 s
778 875 918 953 «Rabiri,
938 889 974 944 tu
991 901 1025 944 es

16 990 118 1056 Filius
133 990 203 1066 Dei,
222 1003 257 1055 ιιι
273 1013 307 1055 es
321 988 388 1054 Rex
402 986 531 1055 Israel².
546 1015 559 1050 ι
574 987 678 1075 Aqua
688 998 720 1052 et
734 987 845 1055 Petrus
855 989 1025 1063 edoctus⁸,

6 1099 137 1189 ognovit
153 1099 316 1166 Christum
329 1095 446 1165 Filium
461 1096 519 1162 Dei
535 1095 608 1171 vivi,
628 1095 760 1162 dicentis
774 1120 783 1162 ι
804 1097 913 1166 ‹Ecee
927 1097 1026 1166 Filius

16 1234 109 1277 meus
128 1208 363 1282 dilectissimus,
385 1208 418 1273 in
433 1229 497 1295 qua
514 1207 596 1272 bene
611 1204 717 1272 sensi:
735 1225 852 1294 ponam
871 1206 1026 1296 Spiritum

17 1343 127 1386 meum
139 1315 234 1409 super
244 1341 332 1392 enm,
345 1328 377 1382 et
387 1315 544 1404 judicium
556 1312 713 1380 Gentibus
724 1313 935 1380 annuntiabit.
954 1315 1025 1382 Non

18 1429 204 1504 contendet,
223 1449 327 1516 neque
345 1424 507 1500 clamabit,
527 1445 631 1511 neque
654 1422 822 1509 quisquam
840 1423 949 1492 audiet
968 1449 1026 1490 vo·

14 1561 90 1606 cem
104 1537 174 1626 ejus
189 1537 222 1602 in
237 1533 370 1623 plateis:
388 1531 547 1600 calamum
558 1541 742 1619 quassatum
754 1545 822 1598 nou
833 1531 1024 1622 confringet,

15 1657 49 1713 et
68 1646 169 1712 linum
188 1643 344 1732 fumigans
367 1664 432 1708 non
451 1640 641 1730 exstinguet,
664 1661 829 1728 usquequo
849 1641 974 1708 emittat
994 1643 1026 1708 in

15 1755 256 1822 contentionem
275 1751 445 1841 judicium,
467 1760 500 1816 et
521 1747 554 1814 in
575 1747 704 1816 nomine
724 1749 794 1837 ejus
816 1747 935 1816 Gentes
959 1773 1027 1839 spe·

15 1864 195 1932 roborat.»

33 1978 74 2042 Et
84 1977 154 2042 hec
168 1975 298 2063 quidem
312 1985 387 2040 sunt
398 1973 552 2062 principia
564 1972 737 2064 Evangelii,
752 1994 853 2040 unum
866 1973 1026 2042 Deumfa·

5 2086 184 2152 »ricatorem
203 2085 299 2172 hujus
318 2079 542 2158 universitatis,
561 2105 637 2150 eum
656 2082 762 2172 quiet
781 2105 838 2170 per
853 2082 1026 2172 Prophetas

4 2197 30 2260 it
44 2193 263 2268 annuntiatus,
279 2203 311 2257 et
327 2192 379 2281 qui
395 2213 453 2280 per
463 2191 605 2280 Moysem
620 2191 711 2281 Legis
726 2191 963 2280 dispositionem
979 2195 1026 2260 fe-

4 2304 83 2378 erit,
102 2302 230 2368 Patrem
248 2301 375 2368 Domini
396 2302 495 2368 nostri
513 2300 591 2368 Jesu
611 2301 730 2368 Christi
745 2301 977 2378 annuntiantia,
994 2317 1027 2368 et

4 2411 104 2478 amtor
118 2413 206 2479 hune
220 2409 357 2478 aiterum
373 2411 477 2478 Deum
491 2411 677 2486 nescientia,
694 2433 798 2499 neque
813 2408 950 2480 alterum
964 2413 1026 2478 Pa·

4 2545 82 2588 rem.
102 2523 201 2588 Tanta
216 2533 266 2588 est
284 2534 392 2588 autem
408 2521 491 2590 cirea
511 2518 679 2609 Evangelia
695 2520 764 2588 haec
779 2517 925 2597 firmitas,
942 2534 978 2587 ut
992 2537 1025 2588 et

4 2632 48 2720 psi
71 2632 211 2698 haeretici
235 2631 451 2701 testimonium
475 2630 611 2698 reddant
635 2630 694 2706 eis,
715 2640 748 2696 et
769 2653 808 2694 ex
830 2632 905 2720 ipsis
930 2655 1024 2719 egre-

4 2739 78 2805 iens
91 2737 306 2830 unusquisque
321 2761 432 2805 eorum
447 2749 582 2804 conetur
593 2757 684 2802 suem
699 2735 890 2803 confirmare
906 2737 1024 2804 doctri·

4 2873 73 2916 iam.
89 2849 220 2915 Elaionei
232 2849 350 2914 etenim
361 2869 400 2913 eo
411 2844 582 2934 Evangelio
597 2844 685 2933 quod
698 2857 747 2910 est
757 2844 936 2912 seeundum
947 2845 1024 2912 Mat-

4 2959 119 3034 ianum,
140 2957 209 3024 salo
223 2970 361 3031 utentes,
380 2979 419 3020 ex
434 2954 487 3020 iiio
504 2956 572 3043 ipso
588 2955 835 3030 convincuntur,
856 2978 921 3022 non
937 2969 1022 3024 recto

4 3079 213 3134 resumentes
233 3065 273 3130 de
290 3066 438 3130 Domino.
461 3061 602 3130 Marcion
622 3076 730 3130 eutem
748 3065 782 3129 id
800 3067 887 3154 quod
904 3080 953 3134 est
972 3093 1023 3134 se-

4 3174 129 3239 undum
137 3173 263 3238 Lucam
277 3171 523 3246 circumcidens,
539 3194 578 3236 ex
592 3171 641 3238 his
656 3196 726 3260 quae
738 3173 845 3240 adhuc
856 3189 1024 3242 servantur

4 3305 84 3348 ones
98 3303 185 3359 eum,
202 3279 404 3368 blasphemus
424 3279 575 3348 insolam
591 3282 777 3348 existentem
794 3283 898 3350 Deum
913 3295 1022 3352 osten—

6 3397 82 3460 itur.
107 3391 171 3470 Qui
189 3390 422 3456 autemJesum
438 3403 617 3479 separante
634 3392 774 3469 Christo,
794 3405 827 3459 et
841 3395 1022 3484 impassibi-

4 3525 49 3570 ιιιι
65 3523 279 3589 perseverasse
294 3499 470 3575 Christum,
486 3523 613 3589 passum
631 3525 703 3568 vero
719 3502 829 3570 Jesum
846 3504 970 3580 dicunt,
988 3509 1019 3572 id

4 3611 72 3676 arod
87 3611 264 3678 secundum
276 3607 420 3679 Marcum
431 3623 479 3676 ost
490 3610 691 3700 praeferentes
703 3612 924 3702 Evangeliums
943 3640 1018 3684 cum

4 3747 94 3794 more
112 3721 250 3789 veritatis
269 3719 409 3810 legentes
432 3719 522 3798 illud,
545 3722 661 3811 corrigi
681 3735 823 3813 possunt
849 3725 889 3792 Hi
911 3717 1018 3796 autem

17 3875 243 3942 ιΙοιιι.,.-ι47
213 3875 428 3944 -21bi..d49
398 3877 671 3946 -.r,.⁸Joan169-
641 3879 848 3940 -.ι*Μιιιιιιι,
864 3879 1016 3948 rdrtsrqq

4 3961 191 4020 eliminatas
183 3971 316 4030 trtsrqq.

80 4069 114 4112 11.
827 4075 885 4128 aa¹
