2710 4662
264 253 307 318 86
651 271 763 316 sanerr
787 271 909 315 rourrrr

266 383 366 459 modi,
378 405 443 450 non
453 383 496 450 ad
507 403 636 449 carnem
648 381 796 457 refertur,
810 379 866 446 sed
877 379 917 445 ad
928 379 1034 446 Deum
1048 379 1107 467 qui
1118 375 1310 445 abscondita

266 495 439 584 cognoscit.

311 601 365 670 1V.
382 603 483 670 Decet
494 603 600 689 itaquo
611 623 677 668 non
688 599 785 666 modo
795 599 902 667 vocari
915 597 1130 672 Christianos,
1145 596 1210 662 sed
1221 595 1308 661 etim

266 731 358 776 esse:
381 705 652 794 quemadmodum
671 703 816 772 nonnulli
841 705 1027 795 episcopum
1046 703 1188 793 quidem
1211 705 1309 768 nomi-

268 827 357 890 nent.
381 816 437 881 sed
457 817 525 881 sine
546 817 614 905 ipso
636 815 742 884 omnio
764 815 894 882 faciunt.
918 813 1010 884 Tales
1032 835 1116 880 vero,
1139 835 1210 878 non
1234 815 1305 878 bona

269 925 461 994 conscientia
477 925 555 992 mihi
570 925 695 1014 praediti
710 947 779 991 esse
793 925 956 998 videntum
979 925 1054 1012 quia
1070 945 1144 990 non
1161 922 1307 988 stabiliter

269 1034 446 1102 secundum
458 1045 655 1126 praeceptum
667 1037 910 1122 congregantur.

189 1179 191 1184 ·
312 1142 351 1211 V.
371 1143 454 1222 Quia
470 1144 567 1233 igitur
580 1165 630 1208 res
645 1141 744 1210 linem
758 1141 895 1217 habeon
911 1141 1109 1208 incumbunt
1127 1139 1294 1215 duosinul,

270 1265 400 1320 merset
415 1254 477 1319 vite
485 1277 495 1326 ς
514 1265 546 1319 et
557 1252 776 1342 unusquisque
788 1253 821 1317 in
831 1251 995 1341 proprium
1010 1250 1127 1318 locum
1140 1252 1239 1317 iturus
1246 1264 1292 1316 ert.

271 1361 552 1442 Quemadmodum
571 1362 658 1427 enim
675 1373 750 1426 sunt
768 1360 959 1434 numismate
976 1361 1058 1436 duo,
1080 1359 1225 1428 alterum
1240 1361 1294 1449 qui

271 1471 347 1537 dem
360 1470 432 1547 Dei,
454 1469 590 1536 alterum
606 1481 714 1534 autem
728 1468 839 1535 mundi
848 1469 1134 1559 {unumquodque
1149 1473 1241 1537 etiarn
1257 1473 1294 1558 ip

272 1604 383 1648 sorum
397 1581 614 1650 chonomorem
630 1579 796 1668 proprium
813 1577 910 1646 hahet
923 1579 1138 1668 impositum:
1158 1579 1289 1651 infideles,

275 1691 387 1758 mundi
407 1691 520 1780 hujus;
546 1687 655 1755 fideles
674 1702 782 1755 eutem
796 1689 830 1754 in
845 1687 998 1758 charitate
1013 1690 1232 1758 characterem
1242 1691 1289 1756 liri

272 1801 373 1868 Patris
388 1823 446 1890 per
459 1800 571 1866 lesum
587 1798 767 1872 Christum:
785 1821 952 1888 perquem
966 1799 1026 1864 nisi
1043 1823 1201 1889 propenso
1210 1801 1276 1865 nolis

274 1923 322 1977 est
342 1908 486 1976 voluntas
509 1908 591 1972 mori
612 1908 645 1972 in
663 1907 760 1995 ipsius
780 1906 971 1994 passionem,
991 1928 1053 1971 nec
1073 1908 1144 1973 vita
1166 1907 1282 1999 ipsimin

273 2022 365 2087 uobis
380 2033 438 2088 est.

316 2129 372 2195 Vl.
392 2129 661 2218 Quandoquidem
680 2131 787 2220 itaque
803 2133 836 2197 in
855 2131 892 2195 iis
906 2131 1050 2220 personis
1072 2155 1154 2218 quas
1172 2151 1294 2197 comme

198 2297 202 2304 .
274 2237 408 2313 moravi,
425 2260 555 2304 omnem
570 2238 807 2305 multitudinem
822 2237 1055 2328 contemplatus
1070 2263 1145 2306 sum
1157 2241 1188 2306 in
1201 2239 1262 2304 lide
1272 2249 1298 2300 et

275 2345 430 2412 charitate
438 2369 448 2418 ;
463 2345 575 2412 hortor
585 2359 621 2411 ut
632 2347 696 2413 hoc
703 2348 744 2412 sit
754 2359 895 2414 vestrum
906 2347 1063 2425 studium,
1074 2348 1167 2416 inDei
1173 2367 1299 2414 coneor-

276 2453 326 2518 dio
345 2455 451 2518 omnio
469 2477 574 2543 agero,
591 2455 741 2544 episcopo
753 2455 941 2543 praesidente
953 2455 1013 2523 Dei
1029 2455 1110 2532 loeo,
1126 2468 1157 2521 et
1170 2454 1298 2543 presby·

275 2565 351 2630 teris
367 2563 438 2632 loco
456 2576 582 2630 senatus
601 2563 786 2653 Apostolici,
803 2577 835 2630 et
847 2564 1000 2642 diaconis,
1016 2566 1098 2632 mihi
1109 2563 1293 2636 suavissimis,

277 2676 392 2764 quibus
408 2676 614 2741 commissum
632 2691 681 2740 est
699 2673 909 2742 ministerium
924 2675 1002 2741 lesu
1018 2675 1157 2751 Christi;
1171 2676 1218 2764 qui
1229 2683 1290 2736 ante

278 2785 393 2852 saecula
409 2785 495 2874 apud
510 2786 637 2851 Patrem
652 2795 732 2861 erut,
754 2796 786 2852 et
806 2784 839 2850 in
859 2783 923 2850 line
938 2786 1097 2876 apperuit.
1121 2786 1235 2852 Omnes
1243 2781 1293 2870 igl-

278 2909 331 2962 tur
346 2897 484 2986 oeceptis
499 2896 611 2962 iisdem
626 2895 740 2964 divinis
751 2897 906 2975 moribus,
922 2920 978 2966 ros
993 2910 1108 2984 mutuo
1125 2897 1299 2965 revereami-

278 3005 331 3076 ni;
354 3017 386 3070 et
402 3029 496 3070 nemo
515 3007 692 3072 secundum
708 3029 838 3074 earnem
853 3020 974 3096 spectet
989 3006 1192 3098 proximum,
1215 3007 1302 3076 sedin

280 3113 357 3180 lesu
374 3113 501 3180 Christo
516 3137 570 3180 ros
585 3114 722 3182 invicem
738 3139 863 3205 semper
874 3115 1001 3207 diligite.
1022 3117 1108 3184 Nihil
1124 3119 1220 3188 sitin
1235 3116 1304 3185 rolris

281 3221 366 3310 quod
387 3220 485 3308 possit
499 3241 554 3286 vos
570 3219 730 3298 dirimere,
753 3223 808 3288 sed
824 3223 976 3290 uniamini
995 3224 1149 3315 episcopo
1166 3239 1201 3294 et
1217 3225 1308 3318 prosi-

282 3331 442 3405 dentihus‚
457 3330 489 3395 in
501 3341 614 3418 typum
625 3341 657 3394 et
669 3329 847 3398 doctrinam
858 3331 1114 3422 incorruptionis.
1187 3361 1191 3368 ·

308 3441 396 3508 vll.
416 3441 697 3522 Quemadmodum
712 3442 808 3532 igitur
822 3441 977 3509 Dominus
992 3444 1060 3510 sine
1070 3443 1168 3512 Patre
1184 3448 1267 3516 nihil
1277 3445 1312 3510 le·

285 3551 341 3626 cit,
359 3552 417 3637 ipsi
435 3552 555 3626 unitus,
572 3573 676 3639 neque
693 3573 752 3640 per
765 3550 916 3641 seipsum,
936 3573 1042 3639 neque
1057 3575 1116 3642 per
1131 3553 1309 3644 Apostolos

285 3659 328 3724 ita
351 3679 455 3746 neque
476 3672 508 3723 et
529 3683 584 3725 vos
612 3661 679 3727 sine
701 3660 851 3750 episcopo
877 3671 910 3725 et
931 3663 1313 3755 presbyteris‘quidquam

287 3767 380 3855 agite.
401 3767 509 3854 Neque
525 3791 655 3856 opernm
671 3769 751 3836 detis
769 3783 805 3836 ut
819 3768 1042 3859 aliquid‘vobis
1059 3774 1196 3839 seorsim
1210 3771 1315 3841 rationi

288 3875 433 3948 videatur
444 3889 715 3947 consentaneum:
734 3881 790 3948 sed
806 3881 839 3948 in
855 3904 956 3952 unum
971 3883 1253 3963 convenientibus,
1266 3905 1313 3950 una
