2616 4620
250 345 309 390 aas
599 331 736 376 alacrus
759 327 909 382 insanus,

246 455 279 525 S.
299 445 463 522 Clemens
483 433 742 510 Alexandrinus
759 430 857 531 apud
876 429 1078 504 Eusebium
1095 430 1213 525 (Hist
1229 457 1268 502 n.

249 551 325 649 ιδ),
342 563 378 621 et
391 553 424 620 S.
440 537 948 641 Cyrillusllierosolymitanus
963 534 1094 631 (Ceth.
1120 537 1201 628 16),
1216 537 1268 634 qui

244 653 493 734 honorabilem
513 647 558 721 de
576 647 639 718 illo
656 646 876 716 mentionem
893 641 1044 714 faciunt.

291 758 538 836 Theodoretus
549 753 652 825 illum
665 750 753 822 dicit
769 749 885 820 lumen
896 745 1181 818 occidentalium
1200 746 1267 816 Gol-

245 873 369 944 lorwn.
388 862 548 960 (Dialog.
575 854 631 952 1.)
657 855 762 928 Unde
786 879 861 926 non
883 855 1070 924 immerito
1095 857 1263 924 Irenaenn

245 984 339 1052 inter
353 978 452 1044 viros
465 971 648 1040 sanctitate
664 979 699 1034 et
704 967 917 1062 praestantia
934 967 1106 1059 insignes,
1129 962 1196 1058 qui
1211 961 1264 1030 he

247 1105 341 1158 reses
365 1089 552 1152 nascentes
576 1068 800 1156 retuderunt,
824 1083 990 1140 numerat
1012 1067 1263 1141 Tertullianus

246 1211 403 1288 eumque
423 1187 581 1256 omnium
596 1177 833 1250 doctrinarum
854 1179 1137 1246 curiosissimrcn
1157 1173 1263 1270 erplo

245 1315 398 1374 retorem
421 1288 589 1363 laudibus
611 1283 761 1356 extollit.
786 1281 884 1378 (Lib.
905 1279 1042 1352 advers.
1065 1279 1262 1372 Valentio.)

245 1411 291 1480 Et
304 1428 343 1474 re
356 1395 503 1499 quidem
516 1415 600 1464 vera
615 1390 715 1462 hunc
726 1387 874 1460 beatum
890 1389 1092 1459 antistitem
1107 1401 1262 1459 sacraset

245 1508 413 1616 profanas
421 1504 557 1601 optime
571 1499 737 1570 scientias
747 1495 919 1579 calluisse,
930 1516 975 1563 ex
985 1495 1108 1591 ipsius
1122 1515 1258 1592 operm

246 1623 399 1712 lectione
428 1607 531 1682 lucile
551 1607 707 1704 quisque
739 1601 922 1675 advertere
947 1615 1085 1698 potest,
1110 1603 1260 1699 quam„

247 1722 442 1826 simplicem
458 1711 637 1787 scribendi
654 1707 805 1780 modum
824 1723 860 1779 et
878 1709 978 1778 omni
994 1705 1202 1779 verborum
1219 1731 1259 1775 or.

245 1849 333 1910 natu
349 1829 561 1902 destitutum
579 1845 616 1890 se
630 1817 834 1915 amplexum
852 1813 960 1886 fuisse
977 1814 1078 1886 dicat
1096 1818 1139 1885 in
1156 1813 1260 1914 prela·

246 1945 345 2014 tione
360 1933 407 2005 ad
422 1929 535 2002 libros
552 1931 687 1998 Contra
704 1923 864 1994 haereses.

292 2049 371 2116 Hoc
381 2060 496 2110 unum
510 2033 562 2104 illi
574 2026 865 2128 exprobrandum
877 2028 1046 2113 occurrit,
1061 2027 1171 2124 quod
1182 2025 1259 2095 male

244 2157 478 2248 interpretato
496 2137 729 2238 Apocalypsis
743 2150 843 2206 textu
858 2135 956 2204 mille
970 2157 1161 2206 annorum
1177 2131 1259 2204 fabu·

242 2261 285 2332 lae
305 2256 456 2327 nimium
473 2244 640 2320 credulus
658 2238 859 2328 adhaeserit,
881 2239 977 2312 unde
997 2241 1160 2312 Photius
1175 2238 1260 2310 ecclc
1306 2223 1307 2274 ἶ

244 2367 460 2438 sr‘osticorum
481 2353 688 2449 dogmatum
710 2363 841 2419 certam
857 2353 1046 2418 ven'tatem
1071 2352 1204 2443 spuriis
1218 2371 1263 2413 ro·

244 2466 393 2546 tionibus
398 2463 526 2554 sucan'
541 2461 579 2527 in
597 2453 780 2552 aliquibus
797 2457 920 2526 asserit
943 2450 1056 2548 (Cod.
1084 2453 1262 2548 120);qui

244 2575 392 2678 quidem
411 2590 512 2640 error
527 2561 690 2634 nondum
711 2561 757 2632 ab
776 2561 930 2634 Ecclesia
948 2564 1197 2658 proscriptus,
1223 2565 1264 2628 in·

246 2691 424 2776 terrogatn
444 2672 547 2768 juxta
566 2669 690 2738 Irensei
708 2665 881 2764 placitum
902 2661 1116 2752 traditione,
1142 2677 1265 2761 postea

247 2785 464 2888 reprobatus
481 2789 545 2848 est.

293 2900 414 2967 Graece
436 2889 636 2983 scripserat,
658 2906 733 2953 non
753 2879 874 2966 latine,
898 2877 983 2950 licet
1005 2883 1133 2976 graecis
1150 2878 1263 2977 quoad

243 3021 409 3098 magnam
436 3007 577 3092 partem
603 3011 787 3060 careamus
807 3001 935 3085 praeter
958 3011 999 3057 ea
1026 3011 1112 3085 quae
1133 2991 1170 3057 S.
1196 2989 1266 3084 Epi·

243 3107 398 3208 phanius
415 3127 459 3174 ex
474 3099 568 3171 libro
582 3102 699 3196 primo
713 3095 876 3182 servavit,
894 3107 930 3164 et
942 3117 1024 3191 quae
1041 3091 1196 3164 aliunde
1207 3093 1262 3162 riri

245 3216 343 3288 docti
356 3221 541 3284 eruerunt.

280 3399 378 3475 Opera
388 3395 417 3449 S.
430 3385 532 3446 henaei
543 3403 580 3442 ert
590 3384 756 3443 recensione
768 3379 878 3442 Erasmi
887 3380 1014 3460 primum
1020 3379 1051 3438 in
1061 3379 1165 3438 lucem
1175 3383 1266 3440 ernis:

241 3473 822 3552 suntBesileaean.1526,etposteasaepius
832 3491 948 3542 recusae,
959 3481 1021 3526 tum
1029 3469 1059 3528 'm
1071 3470 1183 3529 eadem
1195 3471 1268 3530 urbe.

241 3593 303 3638 tum
321 3573 444 3644 Parisiis,
462 3583 524 3627 tum
544 3571 667 3625 Genevae
685 3585 777 3643 usquo
795 3563 831 3622 ad
847 3583 952 3621 annum
976 3562 1061 3635 1570,
1081 3563 1179 3622 modo
1200 3566 1269 3621 in-li'

239 3665 327 3725 modo
339 3662 431 3721 in-sol.
441 3656 566 3718 Jacobus
576 3661 716 3732 Gryneus
727 3655 775 3712 illa
783 3671 882 3711 rursus
894 3651 975 3730 prelo
985 3649 1112 3728 subjecit
1125 3673 1174 3710 an.
1191 3655 1270 3726 1571.

239 3754 357 3815 Basileae
375 3751 466 3810 in-lol.
490 3767 556 3806 cum
576 3765 651 3805 nova
675 3747 900 3822 fragmentorum
914 3759 1075 3817 graeconrm
1092 3742 1238 3800 versione
1258 3763 1269 3796 s

238 3849 346 3904 Joanne
360 3846 489 3901 Cornaro
501 3836 678 3896 elucubrata.
693 3834 786 3911 Hujus
796 3833 926 3894 laborem
936 3831 1093 3892 subsecuta
1105 3844 1155 3890 est
1168 3836 1271 3890 Ferar-

240 3931 328 3993 dentii
340 3929 439 4003 editio,
451 3946 515 4006 quae
528 3924 665 4003 ampliata
678 3936 706 3982 et
720 3923 869 3984 emendata
886 3921 994 4002 prodiit
1007 3920 1130 3982 Parisiis
1153 3923 1232 3997 1575
1248 3933 1270 3977 et
