2586 4642
427 345 552 390 coarsa
575 347 724 392 caussas.
1028 334 1091 419 549

4 453 6 484 ²
29 453 81 518 Et
100 449 310 518 inimicitiam
325 445 408 518 banc
423 450 578 518 Dominus
593 453 626 519 in
640 455 846 544 semetipsum
858 457 1089 546 recapitulavit,

4 565 6 574 ’
33 561 83 626 de
101 558 246 626 muliere
265 559 365 626 lactus
382 559 492 635 homo,
510 571 543 625 et
560 559 686 628 calcans
705 563 775 650 ejus
793 575 913 652 caput:
937 567 1092 654 quemad-

4 677 6 702 *
34 669 190 736 modum
202 670 235 738 iu
246 691 285 736 eo
296 668 351 759 qui
365 679 439 736 unta
453 667 540 736 buno
552 680 599 734 est
611 668 693 735 libro
708 671 913 740 ostendimus.

441 907 593 977 CAPUT
615 907 708 978 XLI.

42 1101 113 1179 Qui
124 1103 190 1161 Deo
204 1101 395 1174 nocendam,
411 1102 519 1180 ipsique
531 1123 585 1160 non
599 1101 737 1174 obediunt,
751 1099 861 1180 Angeli
874 1111 899 1159 ct
907 1099 975 1180 filii
986 1101 1094 1162 dimoti

87 1214 176 1269 sunu
187 1223 241 1260 non
250 1214 352 1262 natura
365 1201 486 1278 crudem,
495 1200 547 1260 sed
553 1202 708 1261 ι’πιίεαίιὸηε.
723 1201 864 1280 Epilogus
875 1198 963 1280 liujus
978 1201 1054 1275 libri,
1065 1215 1089 1260 st

92 1321 199 1378 scopus
211 1305 356 1378 sequentis.

3 1483 4 1502 ³
97 1459 125 1524 l.
145 1457 307 1538 Quoniam
322 1457 458 1550 Angelos
473 1460 628 1548 quosdam
639 1459 718 1559 discit
730 1457 860 1533 diaboli,
876 1457 991 1545 quibas
1003 1469 1091 1524 aeter-

49 1589 116 1632 nus
127 1567 209 1658 ignis
221 1581 412 1657 praeparatus
423 1580 484 1644 est,
501 1580 533 1633 et
545 1591 653 1634 rursus
668 1568 702 1633 in
717 1567 843 1632 zizaniis
855 1567 920 1632 ait:
938 1565 1089 1632 «Zizania

49 1704 64 1738 s
82 1688 159 1742 sunt
170 1675 227 1743 filii
238 1675 403 1767 maligni¹3
419 1706 432 1740 s
447 1678 661 1744 necessarium
672 1687 721 1742 est
731 1677 850 1752 dicere,
862 1675 1012 1763 quoniam
1024 1697 1091 1740 om-

3 1833 4 1840 ,
51 1808 112 1852 nes
138 1786 193 1873 qui
216 1798 290 1852 sunt
312 1787 531 1863 abscessionis,
548 1786 714 1875 adscripsit
734 1784 778 1851 illi
796 1785 850 1874 qui
870 1785 1018 1874 princeps
1042 1795 1092 1849 est

51 1894 153 1983 hujus
169 1897 434 1988 transgressionis:
453 1895 516 1963 Sed
531 1918 595 1962 non
612 1893 665 1961 ille
679 1894 810 1984 quidem
824 1904 937 1960 natura
956 1905 1010 1958 aut
1028 1893 1092 1960 An-

52 2001 143 2093 gelos
159 2017 215 2070 aut
230 2005 374 2072 homines
386 2005 481 2073 lecit:
500 2003 577 2071 nibil
593 2006 679 2072 enim
691 2005 723 2070 in
734 2015 839 2069 totum
849 1993 994 2068 diabolus
1006 2003 1090 2068 inae-

54 2113 144 2180 nitur
157 2113 281 2191 iecisse,
298 2114 443 2182 videlicet
459 2138 533 2182 cum
549 2127 582 2181 et
596 2115 664 2204 ipse
682 2125 825 2180 creatura
841 2113 882 2178 sit
896 2113 966 2188 Dei,
983 2134 1091 2200 quom·

54 2219 231 2287 admodum
246 2232 278 2288 et
289 2221 400 2311 reliqui
416 2221 545 2311 Angeli3
565 2222 671 2288 omnia
687 2221 772 2287 anim
785 2220 860 2287 lecit
872 2220 969 2297 Deus,
982 2243 1090 2309 quom·

56 2330 230 2398 admodum
242 2345 275 2398 et
286 2333 386 2400 David
397 2335 462 2400 ait:
481 2333 667 2414 «Quoniam
678 2333 745 2422 ipse
756 2331 846 2409 dixit,
858 2343 891 2410 et
902 2331 984 2400 lacta
998 2345 1086 2405 sunu

58 2471 71 2505 s
86 2442 151 2530 ipse
162 2441 325 2531 praecepit,
337 2453 370 2508 et
381 2453 486 2510 creata
501 2439 607 2508 sunt².
622 2471 636 2504 s

102 2551 142 2617 ll.
161 2550 244 2617 Cum
258 2551 384 2641 igitur-a
400 2549 469 2620 Deo
481 2550 586 2618 omnio
602 2549 684 2618 sacta
702 2564 789 2627 sunt,
807 2562 841 2616 et
855 2549 999 2617 diabolus
1015 2551 1089 2616 sibi-

61 2662 182 2752 metipsi
194 2673 226 2727 et
237 2661 365 2750 reliquis
376 2661 478 2730 lectus
489 2673 537 2727 est
547 2661 755 2728 abscessionis
766 2682 858 2726 causa
866 2683 877 2734 ς
891 2661 974 2746 juste
986 2658 1091 2748 Scrip-

61 2786 130 2837 tura
144 2794 198 2838 eos
217 2772 272 2861 qui
287 2772 320 2837 in
335 2771 534 2838 abscessione
551 2779 765 2858 perseverant,
782 2789 908 2854 semper
923 2765 1005 2832 filios
1025 2768 1089 2832 ‹lia-

39 2943 44 2952 ,
61 2879 136 2954 boli,
149 2891 180 2944 et
194 2876 331 2968 Angelos
346 2878 423 2944 dixit
438 2876 576 2965 maligni.
591 2872 690 2940 Filius
701 2873 801 2949 enim,
818 2874 1088 2962 quemadmodum

65 2999 96 3052 ct
111 2987 237 3075 quidam
252 2997 325 3052 ante
339 3007 397 3052 uos
411 2984 502 3060 dixit,
519 2981 688 3072 dupliciter
702 2980 909 3071 intelligitur:
928 2981 1006 3048 alius
1022 2986 1089 3080 qui-

65 3096 135 3161 dem
142 3093 317 3161 secuudum
326 3102 484 3168 naturam,
493 3113 531 3156 eo
543 3087 867 3188 quodnatnssitlilius
874 3111 883 3162 ς
896 3085 974 3154 alius
982 3101 1089 3156 autem

66 3203 233 3272 secundum
249 3203 281 3270 id
296 3201 382 3290 quod
397 3202 498 3272 lactus
509 3213 569 3276 est,
587 3211 752 3289 reputatur
766 3197 849 3264 filius
864 3221 872 3264 ε
890 3197 964 3267 licet
979 3200 1019 3265 sit
1034 3199 1091 3266 dil·

68 3313 189 3380 serentia
206 3314 290 3379 inter
303 3323 412 3402 natum
428 3309 607 3381 etfaciam
627 3309 781 3396 quoniam⁸
791 3305 842 3373 ille
853 3307 982 3396 quidem
998 3331 1089 3374 exeo

67 3435 152 3490 natus
165 3433 225 3498 est,
238 3419 407 3488 illeautem
419 3423 458 3486 ab
467 3420 534 3508 ipso
543 3418 643 3486 lactus
653 3427 714 3494 est,
725 3418 789 3483 sive
798 3415 973 3484 secundum
982 3419 1090 3484 condi-

69 3535 191 3606 tionem,
203 3531 267 3596 sive
279 3528 455 3596 secundum
466 3527 619 3595 doctrinae
631 3527 858 3616 magisterium.
875 3525 939 3606 Qui
950 3525 1035 3592 enim
1048 3528 1087 3592 ab

70 3640 165 3730 aliquo
176 3637 308 3706 edoctus
319 3649 380 3713 est,
396 3636 507 3712 verbo,
520 3633 603 3700 lilius
616 3635 760 3702 docentis
771 3634 900 3710 dicitur,
913 3645 945 3701 ct
956 3631 1008 3698 ille
1019 3627 1089 3720 ejus

71 3761 160 3842 pater.
174 3746 358 3814 Secundum
372 3744 467 3835 igitur
477 3755 637 3821 naturam,
654 3766 723 3831 quse
738 3756 787 3809 cst
798 3742 973 3810 secundum
983 3745 1090 3809 condi·

74 3861 192 3935 tionem,
208 3857 295 3923 atita
308 3855 426 3932 dicam,
439 3875 550 3920 omnes
563 3851 618 3918 lilii
630 3853 688 3919 Dei
699 3875 821 3928 sumus,
832 3852 1058 3941 propterquod
1070 3875 1088 3918 a

101 3987 109 4021 ¹
119 3985 200 4038 narrt.
213 4002 268 4046 xsrr,
279 3985 319 4035 bd.
330 3983 381 4024 -²
392 3983 456 4036 l'sal.
467 3999 570 4041 cssrru,
583 3981 606 4031 b.
