2646 4628
400 367 522 412 conrnn
547 367 697 414 unumne.
1002 345 1065 437 ⁹75

22 491 150 545 tontum
162 479 331 545 elationem
343 489 596 565 assumpserunt,
613 489 649 542 ut
664 475 811 544 meliores
823 463 1070 568 semetipeoa're-

22 589 121 678 liquis
132 600 264 679 proptor
275 587 372 654 talem
383 587 590 677 agnitionem.
603 587 668 653 imo
678 584 902 678 ignorantiam,
915 589 1069 657 arbitren-

22 711 93 765 tur.
108 697 286 766 Deleotatio
297 709 406 762 antem
418 719 532 763 eorum
543 695 613 765 haeo
623 709 687 772 est;
703 698 767 764 sive
777 699 929 766 adversus
940 723 995 766 eoo
1006 701 1069 768 rio·

22 810 111 876 toria
125 819 186 885 eat.
203 809 366 876 sententiae
381 830 494 874 eorum
509 805 730 874 manifestatio.

76 919 280 1008 Quapropter
292 917 397 984 eonati
409 939 519 982 sumus
531 939 588 982 noa
602 917 783 981 universum
794 915 877 984 male
887 920 1070 1010 compositae

1 1035 2 1040 ’
26 1027 209 1119 vulpeculae
221 1027 318 1115 hujus
330 1025 557 1116 corpusculum
568 1027 601 1092 in
613 1026 755 1101 medium
767 1027 1002 1113 producere,.et
1013 1053 1071 1118 per

1 1125 3 1150 ³
25 1155 64 1206 te
83 1139 188 1205 facere
206 1136 419 1203 manifestum.
440 1135 513 1203 Jam
531 1136 617 1201 enim
635 1158 700 1201 non
716 1133 824 1200 multis
839 1159 919 1225 opus
933 1139 994 1205 erit
1009 1162 1073 1205 eer-

1 1245 2 1260 ³
28 1248 184 1318 monibus
196 1247 237 1313 ad
248 1246 457 1314 evertendum
468 1244 647 1312 doctrinam
659 1266 784 1323 eorum,
796 1247 996 1316 manifestam
1006 1273 1072 1316 om·

1 1339 3 1377 *
29 1361 130 1426 uibus
145 1355 273 1424 iactam.
293 1353 575 1435 Quemadmodum
589 1353 698 1420 bestie
713 1352 849 1445 aiicujus
864 1356 898 1422 in
913 1355 988 1424 silva
1003 1359 1075 1426 ahs-

28 1467 186 1543 condite.
199 1475 232 1532 et
242 1463 317 1531 iude
328 1464 484 1552 impetum
494 1462 652 1541 facientia,
664 1476 697 1531 et
708 1463 827 1531 multos
838 1465 1005 1543 vastantisr
1018 1469 1072 1557 qui

1 1562 3 1599 r
29 1588 179 1669 segregat
195 1588 228 1642 et
244 1573 385 1641 denudat
401 1571 525 1648 silvam,
545 1585 579 1639 et
594 1573 638 1640 ad
654 1575 809 1642 visionem
825 1576 958 1644 adduxit
973 1579 1074 1668 ipsam

1 1677 3 1692 ’
30 1690 148 1764 seram,
160 1687 226 1776 jam
237 1708 303 1752 nou
314 1682 488 1752 elaboravit
499 1683 539 1750 ad
550 1685 754 1774 capiendam,
767 1684 910 1753 ridentes
922 1689 1074 1777 quoniam

1 1815 2 1818 ’
30 1823 72 1866 ea
87 1798 155 1864 sera
170 1795 235 1862 iera
250 1806 320 1861 est:
339 1795 412 1883 ipsis
427 1794 513 1860 euim
528 1794 618 1860 adest
631 1792 741 1861 videro
757 1808 791 1861 et
808 1817 920 1863 oavete
938 1799 1075 1888 impetus

31 1912 119 1998 ojus,
135 1918 169 1972 et
179 1903 312 1994 jaculari
323 1903 479 1992 undique,
496 1914 529 1968 et
539 1902 719 1981 vulnerare,
735 1916 768 1972 et
778 1904 959 1974 interficere
971 1921 1077 1976 vasta--

1 2013 2 2048 ³
33 2021 152 2086 tricem
166 2014 253 2083 illam
268 2013 413 2081 beotiam.
432 2011 486 2080 Sic
500 2024 533 2078 et
548 2013 653 2089 nohis,
671 2034 746 2080 eum
761 2014 794 2080 in
807 2013 1013 2083 manifestum
1027 2039 1076 2083 re·

1 2123 3 2160 ²
35 2128 218 2219 deperimus
236 2145 349 2190 eorum
370 2122 557 2190 abscondita
575 2133 607 2189 et
629 2123 715 2212 apud
737 2145 771 2190 so
791 2123 887 2192 tacita
910 2127 1073 2214 mysteria,

34 2243 104 2330 jum
121 2234 262 2303 nouerit
278 2233 493 2300 neceesarium
512 2231 620 2299 multia
636 2227 807 2300 destruem'
817 2255 930 2300 eorum
950 2247 1076 2307 senten·-

34 2351 125 2416 tiam.
149 2346 248 2414 Adest
265 2343 403 2410 enimet
420 2341 492 2418 tibi,
511 2353 544 2408 et
560 2343 710 2410 omnibus
728 2343 783 2431 qui
799 2355 910 2411 tooum
928 2353 1014 2422 sunt.
1033 2347 1075 2413 ad

35 2459 109 2524 haeo
123 2477 193 2543 qun
207 2451 359 2542 praediota
375 2460 449 2516 sunt
463 2451 616 2525 exeroeri,
636 2462 669 2514 et
682 2462 824 2516 evertere
841 2473 980 2541 nequam
994 2453 1075 2543 ipso·

36 2586 112 2631 rum
124 2561 298 2636 doetrinae,
310 2571 343 2625 et
355 2558 545 2634 inconditae,
558 2570 591 2624 et
599 2571 672 2648 apta
683 2559 809 2626 veritati
821 2561 989 2629 ostendere
1001 2561 1076 2654 dog·

36 2686 135 2742 mata.
156 2672 239 2740 Cum
251 2671 347 2761 igitur
357 2667 482 2736 haeeaio
493 2691 527 2734 ee
538 2667 690 2746 habeant,
703 2681 860 2758 quatenus
871 2672 1016 2760 promiti,
1029 2695 1075 2740 so

35 2781 183 2852 cundum
196 2793 337 2848 nostram
352 2777 502 2844 virtutem
516 2777 688 2844 inseremur
703 2780 901 2846 eversionem
918 2781 1074 2869 ipsorum,

35 2893 188 2962 omnibus
211 2891 257 2958 eis
279 2887 533 2956 contradicentes
554 2883 589 2953 in
610 2887 755 2974 sequenti
779 2885 863 2954 libro
896 2890 1074 2976 (enarratio

36 3001 167 3070 enimin
177 2999 308 3088 longum
316 2998 431 3087 pergit,
443 3005 478 3060 ut
490 2995 589 3084 video)
603 3017 611 3059 ι
626 3007 658 3060 at
666 2995 778 3062 viatica
792 3018 919 3086 quoquo
928 2999 1075 3068 dabimus

37 3113 82 3179 ad
92 3110 290 3176 eversionem
303 3108 458 3196 ipsorum,
474 3115 679 3170 occurrentes
691 3105 839 3172 omnihus
850 3109 1013 3176 sententiis
1025 3133 1076 3178 se·

38 3219 185 3291 eundum
197 3217 386 3284 narrationis
395 3213 560 3287 ordinem
579 3226 616 3279 ut
630 3215 728 3281 aimus
743 3237 808 3283 non
822 3228 947 3286 tantum
967 3233 1076 3288 osten·

37 3334 166 3406 denter,
182 3325 237 3395 aed
252 3337 284 3392 et
296 3323 495 3392 vuluerantes
507 3323 648 3411 undique
660 3325 803 3392 bostiam.
