2586 4642
393 339 516 386 corsua
541 341 692 386 narrans.
997 322 1060 408 ⁵⁰9

19 461 52 504 rc
65 441 209 516 omnint
226 443 342 532 ipsum
361 457 482 524 autem,
496 447 550 536 qui
570 446 646 514 iecit
664 447 783 524 omnia,
797 447 982 516 deiectionis
998 451 1063 516 sivo

20 548 71 614 bis
84 548 253 620 fructum
263 575 338 622 esse
350 556 480 624 dicunt:
491 568 525 622 et
539 579 640 624 unum
650 557 824 624 Dominum
834 557 946 626 Jesum
958 558 1064 624 Chris·

19 682 63 724 un
78 658 217 730 Filium
237 663 306 732 Dei
320 664 468 734 similiter
481 665 589 758 lingua
608 665 809 743 coufitentes,
820 669 982 759 propriam
997 669 1066 759 qui-

19 794 69 836 am
78 773 312 844 emissionem
320 777 476 845 sententia
485 801 541 844 sua
550 777 718 868 Unigenito
725 777 893 856 donantes,
903 781 1065 870 propriam

19 904 70 948 aro
87 879 229 962 Verbo,
247 896 285 954 et
302 885 436 954 alteram
447 886 589 964 Christo,
603 886 821 956 alteramvcro
833 887 1005 964 Salvatori;
1021 890 1065 956 ita

19 1001 31 1054 t
47 991 254 1060 secundum
270 1017 326 1060 eos
345 993 493 1063 dicautur
503 995 635 1084 quidem
646 995 754 1062 omnia
764 1017 833 1062 essa
848 997 938 1086 quasi
950 1019 1064 1072 uuum,

20 1123 286 1192 uumquemque
303 1116 413 1171 autem
432 1103 575 1194 ipsorum
592 1105 762 1194 separatim
776 1101 920 1194 intelligi,
937 1117 970 1172 et
988 1127 1067 1195 pro-

21 1212 107 1278 riam
119 1211 259 1282 habere
271 1213 487 1292 emissionem,
503 1214 681 1284 secundum
693 1237 784 1282 suam
794 1214 1062 1304 conjugationem.

19 1321 149 1412 ,inguas
166 1324 289 1414 itaque
303 1347 416 1392 eorum
429 1324 579 1393 videlicet
596 1324 678 1394 solas
696 1324 730 1392 in
746 1323 902 1391 unitatem
917 1324 1064 1400 cessisses

19 1433 214 1502 ementium
225 1456 304 1502 vero
318 1457 433 1502 eorum
446 1445 479 1502 et
493 1457 623 1502 sonsum
638 1457 708 1522 que
719 1432 876 1524 profunda
892 1447 967 1502 sunt
982 1456 1068 1502 scru-

19 1542 81 1620 ari,
107 1543 328 1614 decidentem
351 1548 391 1615 ab
415 1547 548 1622 unitate,
573 1545 715 1613 incidere
735 1546 769 1612 iu
791 1542 987 1612 multiforme
1008 1545 1067 1612 Dei

21 1653 291 1732 udioium,·cum
310 1657 351 1724 de
369 1656 418 1724 his
432 1681 505 1747 qoae
522 1655 709 1745 sibimetipsi
726 1655 959 1722 adinvenerunt
973 1657 1070 1723 inter·

19 1767 228 1853 urgebuntur
248 1790 267 1832 a
289 1766 417 1835 Christo
435 1791 444 1834 ε
466 1789 562 1856 quem
580 1778 613 1834 et
631 1777 741 1856 postea
756 1775 870 1833 natum
888 1789 984 1854 quam
1001 1765 1069 1833 Ple-

19 1897 103 1940 roma
122 1875 276 1944 AEonm
292 1876 416 1953 dicunt,
435 1887 468 1944 et
485 1875 689 1944 emissionem
703 1876 774 1965 ejus
792 1888 864 1964 post
877 1875 1070 1942 diminutio·

19 2007 92 2052 uem
108 1985 182 2052 sive
199 1986 426 2062 deiectionem,
442 1997 699 2077 etpropteream
712 1985 893 2074 passionem
905 2007 975 2074 quc
987 1985 1069 2053 sacta

19 2107 64 2161 cst
80 2096 117 2164 iu
133 2096 274 2189 Sophia,
294 2098 479 2188 semetipsos
493 2097 713 2166 obstetricatos
729 2117 798 2162 esse
812 2095 982 2165 affirmant.
1004 2098 1070 2167 Ao-

19 2207 151 2273 cusabit
170 2218 281 2275 autem
296 2231 351 2275 eos
366 2209 525 2276 Homerus
544 2205 692 2296 proprius
710 2205 852 2294 ipsorum
866 2207 1034 2297 propheta,
1052 2231 1069 2273 o

21 2338 86 2402 quo
102 2316 227 2384 eruditi
242 2315 316 2383 talia
331 2317 534 2392 invenerunt,
555 2317 624 2405 ipso
643 2314 771 2382 dicente
785 2313 876 2382 hcc:
894 2315 1070 2384 sinimicus

24 2453 36 2486 s
49 2439 100 2492 est
110 2428 205 2497 enim
215 2426 268 2496 ille
279 2426 358 2495 mihi
368 2425 512 2496 similiter
523 2438 620 2514 atque
630 2424 713 2492 iores
721 2424 908 2503 inferorum,
918 2429 972 2515 qui
983 2426 1070 2494 aliud

26 2538 192 2626 »quidem
208 2537 377 2606 abscondit
394 2539 428 2606 in
445 2537 543 2606 corde
562 2559 633 2613 suo,
649 2535 737 2603 aliud
753 2549 861 2604 autem
875 2538 1062 2605 enarrat¹.s

25 2642 196 2715 Judicahit
211 2661 318 2715 autem
333 2659 366 2716 et
383 2647 558 2737 vaniloquia
574 2663 746 2737 pravorum
760 2645 1001 2724 Gnosticorum,
1017 2646 1070 2714 Si·-

27 2757 136 2823 monis
149 2781 203 2826 eos
218 2759 300 2851 magi
313 2756 485 2849 discipulos
501 2757 682 2824 ostendeus.
888 2847 890 2855 A

72 2863 130 2932 tv.
150 2865 312 2934 «iudicauit
327 2879 435 2933 autem
446 2864 663 2932 etEbiouitas.
683 2861 856 2942 Quomodo
867 2873 999 2953 possunt
1014 2865 1072 2932 sal·

29 2974 114 3048 vari,
127 2974 188 3040 uisi
202 2975 288 3040 Deus
302 2986 351 3040 ost
364 2974 420 3064 qui
431 2972 566 3040 salutem
577 2970 705 3038 illorum
717 2993 813 3061 super
826 2983 944 3039 terram
958 2997 1072 3064 opera·

33 3093 86 3144 tus
103 3081 174 3148 esti
188 3083 229 3147 Et
244 3081 406 3170 monsedo
420 3081 518 3148 homo
536 3080 669 3148 transiet
682 3079 715 3146 iu
731 3080 847 3157 Deum
867 3081 893 3147 si
907 3103 973 3150 nou
987 3082 1074 3151 Deus

33 3191 67 3255 in
84 3188 271 3258 hominem?
288 3191 570 3273 Quemadmodum
588 3199 696 3256 autem
714 3188 872 3280 relinquet
891 3192 1003 3258 mortis
1015 3215 1073 3282 ge,

35 3301 247 3378 amotionem,
267 3300 291 3367 si
310 3323 375 3369 non
395 3301 428 3369 in
443 3322 559 3392 novam
574 3298 812 3390 generationem
827 3299 908 3366 mire
921 3311 955 3366 et
968 3300 1073 3390 iuopi-

38 3421 112 3476 uate
130 3433 147 3475 a
167 3408 248 3488 Deo,
270 3411 303 3478 in
322 3411 449 3502 signum
466 3421 575 3477 autem
593 3408 714 3486 salutis,
732 3409 854 3486 datam.
877 3433 947 3499 quas
966 3425 1014 3480 est
1033 3437 1072 3482 ex

37 3517 166 3610 Virgine
180 3544 238 3610 per
251 3520 362 3599 fidem.
378 3518 674 3610 regenerationem?
689 3518 748 3588 vet
759 3543 856 3610 quam
867 3520 1071 3611 adoptionem

42 3630 194 3720 accipient
207 3654 225 3696 a
239 3629 321 3708 Deo,
334 3643 556 3722 permanentes
572 3632 605 3698 in
617 3629 679 3698 hac
690 3629 797 3721 genesi
812 3650 883 3720 que
897 3644 947 3698 est
961 3655 1071 3702 sacua·

45 3739 118 3806 dum
128 3740 291 3808 hominem
304 3741 338 3808 in
352 3741 416 3810 hoc
427 3739 571 3808 mundo?
582 3739 755 3821 Quomodo
770 3751 877 3806 autern
888 3737 959 3832 pius
973 3765 1070 3832 quam

44 3847 202 3927 Salomon,
223 3862 278 3916 aut
297 3848 369 3940 plus
388 3849 586 3940 quamdona
606 3848 756 3926 habebat,
778 3861 811 3917 et
830 3849 985 3920 Dominus
1002 3865 1072 3919 erat

43 3966 57 4004 ²
79 3983 168 4034 ¹liiad.
182 3983 358 4046 radam-‘513-
