2688 4626
356 305 395 348 au
418 303 541 348 caecos
566 303 778 349 coeonrarro.
1025 289 1085 373 ¹75

22 431 97 474 uon
117 397 309 498 aggredior,
327 408 495 474 sedetiam
512 389 678 476 excestria
694 433 731 478 ac
747 407 827 478 nibil
846 411 888 478 ad
907 411 1089 502 religionem

22 530 193 584 nostram
217 519 470 606 pertinentibusa
499 531 534 588 ut
558 517 738 608 intelligetis
760 521 910 588 omnibus
932 523 1016 611 apud
1037 547 1090 588 ros

22 627 101 692 sive
116 627 338 724 sapientibus,
356 628 421 694 sire
433 629 548 716 poetis,
565 630 629 696 sire
641 628 779 696 bistoriae
791 629 1012 718 scriptoribus,
1029 633 1091 697 sire

21 733 264 826 philosophis,
288 737 352 804 sive
374 734 606 826 legislatoribus
630 735 731 807 multo
757 739 970 826 antiquiorem
996 739 1091 806 luisse

21 845 196 931 primum
211 843 369 934 religionis
387 858 501 914 nostro
516 846 703 934 magistrum
716 843 855 918 Morem:
878 848 1090 935 quemadmo-
1117 883 1121 894 ·

21 955 124 1020 dum
146 955 243 1024 nobis
262 952 423 1022 declarant
440 953 578 1024 historice
597 953 793 1020 Graecorum.
816 951 881 1020 lllae
897 956 983 1021 anim
999 955 1090 1045 Ogyn

20 1061 81 1148 gis
105 1073 145 1126 et
165 1061 278 1133 Inachi
298 1051 505 1150 temporibus.
535 1083 615 1148 quos
636 1060 733 1128 etiam
751 1060 895 1128 nonnulli
914 1083 953 1126 ex
974 1064 1086 1129 restris

20 1183 123 1236 terra
143 1171 271 1261 genitos
286 1171 504 1246 crediderunt.
525 1171 657 1247 limem,
678 1183 713 1236 ut
728 1170 843 1238 durem
859 1183 891 1238 et
905 1172 1084 1262 prinoipem

26 1281 184 1346 nationis
197 1279 396 1355 iudeorum,
418 1291 681 1347 commemorant.
704 1279 752 1344 lta
772 1279 860 1346 enim
879 1279 1033 1348 Polemon
1051 1283 1084 1348 in

30 1391 148 1478 primo
165 1389 349 1458 Grecorum
366 1387 623 1463 illuminaturo,
643 1399 716 1453 tum
738 1389 836 1454 etiam
853 1389 976 1478 Appion
994 1390 1085 1456 Pori-

29 1497 144 1574 donii,
164 1499 219 1585 qui
235 1499 267 1568 in
284 1521 342 1563 suo
357 1497 509 1564 adversus
524 1495 655 1562 Judaeos
673 1518 782 1584 opere,
795 1509 829 1560 et
845 1497 878 1562 in
894 1511 1008 1585 quarto
1019 1501 1087 1565 llis·

29 1606 201 1674 toriarum
222 1605 304 1674 libro
325 1606 438 1672 scribit
460 1617 615 1693 regnante
637 1604 729 1692 Argis
753 1604 874 1671 lnaoho
896 1606 1027 1673 Judaeoa
1047 1610 1097 1673 ab·

32 1714 199 1784 Amaside
215 1714 440 1804 lligyptiorum
451 1735 526 1802 rege
538 1712 704 1787 deiecisse,
717 1735 853 1801 quorum
867 1715 983 1781 ducem
993 1716 1089 1782 luisse

31 1824 183 1890 ntosem.
197 1822 389 1892 Ptolomeus
399 1845 528 1910 quoque
540 1819 734 1897 Mendesius,
751 1843 802 1886 rea
817 1835 918 1910 gestas
927 1823 1089 1914 AEgyptio-

35 1955 125 1996 rum
137 1933 296 2006 scribens,
308 1931 359 1996 his
369 1929 518 1996 omnibus
531 1929 711 1994 assentitur.
726 1929 767 1994 Et
781 1931 835 2016 qui
850 1954 899 1999 res
914 1933 1086 2000 Athenien·

41 2043 139 2106 sium
158 2038 272 2106 litteris
289 2039 493 2113 mandarunt,
512 2035 694 2104 Hellanicus
721 2047 753 2102 et
772 2050 884 2104 auctor
902 2039 1083 2108 Atticorum

38 2147 276 2224 Philochorus,
300 2147 412 2215 Castor
433 2158 465 2211 et
487 2143 617 2212 Thallus
637 2157 669 2210 et
691 2143 870 2213 Alexander
889 2146 1082 2237 Polyhistor,

37 2271 114 2322 tum
126 2256 227 2324 etiam
237 2254 458 2344 sapientissimi
469 2253 676 2321 Judaioarum
689 2277 797 2320 rerum
810 2256 980 2346 scriptores
991 2259 1084 2329 Philo

39 2377 74 2430 nt
91 2349 264 2456 Joaepbus,
281 2363 387 2441 blesis,
404 2377 440 2430 ut
459 2363 667 2450 antiquissimi
683 2376 715 2429 et
734 2367 934 2432 vetustissimi
949 2367 1083 2435 Judso-

47 2497 122 2540 rum
134 2474 235 2551 ducis,
246 2474 430 2542 meminere.
443 2473 492 2540 Ao
502 2471 661 2562 dosepbua
673 2473 815 2561 quidem,
828 2497 903 2541 oum
914 2477 1084 2566 antiquita-

50 2599 118 2650 tem
128 2583 261 2652 historire
272 2607 311 2649 ex
326 2583 392 2672 ipsa
409 2581 565 2648 librorum
578 2581 785 2670 inscriptione
800 2582 963 2650 declarare
975 2583 1084 2662 vellet,

46 2695 89 2758 ita
106 2694 138 2760 in
154 2693 327 2782 primordio
342 2691 488 2758 Historia
504 2690 650 2780 sor-ipsit:
672 2691 788 2757 Flauii
803 2691 940 2780 losspbi
956 2693 1084 2760 ludoi-

47 2827 165 2870 ccrum
172 2803 428 2890 Antiquitatum
439 2802 533 2878 libri,
548 2811 739 2867 vetustatem
750 2801 891 2866 historiae
908 2801 1086 2890 Antiquita-

48 2927 117 2980 tum
133 2913 261 2979 nomine
279 2912 457 3001 designans.
483 2911 554 2976 lluo
573 2909 698 2974 accedit
718 2907 947 2976 celeberrimus
965 2925 1086 2979 vestro·

48 3044 123 3086 rum
148 3017 286 3086 historiae
314 3020 507 3107 scriptorum
532 3015 705 3094 Diodorus,
732 3017 785 3103 qui
814 3015 1025 3087 Bibliothecae
1051 3023 1084 3089 in

49 3127 278 3213 compendium
288 3126 408 3215 redegit
419 3147 477 3214 per
489 3124 614 3214 triginta
626 3124 833 3212 ipsoaannos,
845 3138 878 3191 et
889 3149 965 3194 cum
977 3130 1084 3198 Asiam

50 3246 86 3298 et
108 3231 278 3320 Europam,
299 3244 333 3296 ut
351 3233 417 3318 ipse
438 3232 560 3306 scribit.
579 3231 621 3297 ob
641 3253 801 3298 summam
826 3233 859 3298 in
884 3233 1086 3323 explorandis

52 3345 150 3408 rebus
165 3337 360 3428 diligentiam
374 3351 582 3427 peragrasset,
597 3361 637 3404 ac
651 3337 788 3428 plurima
800 3340 904 3406 oculis
919 3343 983 3406 suis
995 3343 1086 3410 vidis·

54 3467 114 3528 set,
130 3449 338 3540 quadraginta
353 3461 437 3528 totos
451 3449 588 3516 historiae
604 3473 669 3516 sure
684 3449 783 3514 libros
797 3450 932 3538 posteris
947 3449 1079 3542 reliquit.

54 3568 84 3632 ls
102 3565 132 3630 in
151 3562 257 3652 primo
276 3559 372 3634 libro,
392 3569 561 3647 postquam
580 3581 615 3623 ae
632 3581 673 3624 ex
694 3557 912 3624 sacerdotibus
930 3555 1081 3653 AEgyptiis

56 3673 207 3762 accepisse
234 3670 313 3738 dixit
338 3669 509 3758 antiquum
534 3679 566 3733 et
593 3667 733 3756 primum
755 3665 960 3757 legislatorem
986 3673 1079 3742 fuisse

57 3783 179 3857 blesam,
196 3781 242 3848 sie
256 3779 296 3846 de
312 3779 367 3846 illo
384 3775 519 3846 totidem
535 3777 639 3844 verbis
655 3771 782 3842 scribit:
794 3803 806 3837 ι
818 3777 894 3848 Nam
910 3793 981 3868 post
996 3783 1079 3850 anti-

59 3917 174 3982 .quum
189 3893 260 3958 ritae
276 3903 408 3966 statum,
425 3911 520 3978 quem
537 3887 652 3958 fabule
668 3889 728 3954 sub
744 3887 801 3954 diis
812 3901 843 3954 et
855 3875 1004 3958 berolluus
1021 3904 1083 3958 tra·
