2616 4620
282 168 340 231 156
621 192 646 232 s.
673 191 700 230 n.
728 191 757 232 n.
785 191 950 234 rnnornlm

277 309 359 370 tum,
374 295 495 360 etiamsi
509 295 645 383 ignores,
661 295 858 382 perductam.
877 295 972 361 Forte
982 296 1058 362 enim
1067 295 1193 385 aliquando
1203 302 1220 364 io

278 408 426 472 morbum
441 404 590 481 incidisti,
606 417 639 471 ct
654 428 764 472 cernes
781 419 851 472 tuus
867 429 907 472 ec
922 407 999 472 vires
1012 419 1041 472 ct
1056 408 1165 494 speciem
1175 409 1221 472 nt

249 509 258 526 ’
277 513 355 588 sisti,
379 512 434 578 sed
453 507 702 579 misericordium
718 537 735 580 e
753 515 821 580 Deo
840 527 874 580 et
892 513 1040 584 medelum
1056 527 1156 590 nectus,
1171 539 1221 580 ree

277 621 391 710 perusti
412 645 525 708 corpus
547 632 636 686 tuum
656 632 688 687 et
709 624 845 711 speciem
866 635 900 687 et
919 623 1019 688 vires:
1039 633 1068 688 et
1084 622 1221 710 quenedno
1255 616 1257 709 i

278 730 356 794 dum
374 728 496 818 ignores
515 753 652 816 quonum
675 731 808 797 abierint
828 753 941 796 cernes
960 743 1017 794 tuae
1033 753 1097 796 cum
1112 751 1220 797 evanuere,
1256 752 1257 767 ¹

278 841 319 904 ito
342 863 402 905 nec
413 833 617 927 perspectum
632 841 728 907 hebes
745 842 904 908 undenam
919 841 1069 906 extiterint
1081 851 1109 904 ct
1126 837 1221 902 undere

277 949 390 1014 norint.
415 947 508 1014 Dices
531 973 571 1014 ex
592 951 669 1016 cibis
691 963 723 1014 et
745 951 846 1016 succis
868 949 901 1014 in
920 949 1094 1038 'sanguinem
1112 945 1219 1012 coneris.

277 1056 451 1124 Praeclure:
473 1059 529 1126 sed
546 1060 608 1126 hoc
625 1083 705 1150 opus
722 1061 779 1126 Dei
798 1070 846 1126 est
864 1059 908 1124 ita
928 1082 996 1124 rem
1010 1055 1177 1129 conficientis,
1187 1075 1219 1116 nur

279 1169 466 1258 cujusquam
480 1169 617 1237 citerius.

322 1275 409 1343 XIV.
428 1277 474 1344 Ne
489 1279 530 1343 sis
545 1277 640 1366 igitur
654 1278 846 1356 incredulus,
863 1280 921 1346 sed
934 1277 1035 1368 potius
1048 1273 1137 1344 credet
1151 1282 1219 1334 emet

278 1407 337 1474 ego
356 1407 420 1450 non
438 1385 607 1452 credebam
626 1386 659 1452 id
672 1387 825 1464 futurum,
846 1389 902 1455 sed
922 1409 1008 1456 nunc
1024 1382 1218 1469 credopostqtut

279 1495 348 1563 haec
369 1495 517 1561 attentius
538 1496 747 1571 consideravi3
766 1496 858 1564 simul
878 1497 966 1588 quod
983 1497 1015 1562 in
1031 1513 1118 1560 sccms
1132 1486 1217 1569 scriptu·

279 1627 330 1670 rus
341 1605 436 1673 incidi
452 1616 633 1674 sanctorum
646 1607 889 1695 Prophetarum,
911 1608 966 1697 qui
979 1628 1034 1695 per
1047 1600 1162 1692 Spiritum
1170 1613 1216 1656 tut·

280 1727 401 1782 tumet
422 1721 579 1806 preterita
604 1718 718 1784 eodem
744 1741 806 1807 quo
831 1729 919 1808 gestu
947 1725 1019 1784 sunt
1035 1709 1122 1782 modo.
1138 1717 1159 1770 0¹
1173 1723 1216 1789 pre

281 1824 379 1890 sentia
394 1825 507 1893 eodem
527 1851 590 1916 quo
605 1836 769 1916 geruntur,
783 1827 1010 1914 predixerunt,
1025 1834 1053 1887 et
1064 1819 1142 1884 futuru
1151 1809 1212 1876 udtb

280 1933 391 2015 ordine
412 1958 475 2022 quo
496 1936 708 2024 perficientur.
736 1935 818 2004 Cum
842 1936 940 2026 igitur
957 1957 994 2000 ee
1013 1953 1074 2020 quc
1089 1921 1214 1991 erenum

280 2043 430 2130 predicta
447 2056 532 2120 sunt,
545 2043 845 2111 demonstrationem
862 2045 943 2112 mihi
958 2042 1114 2108 exhibent
1124 2042 1209 2097 mtttffl

281 2151 479 2228 incredulus,
502 2153 558 2218 ced
585 2153 694 2230 credo,
720 2157 944 2242 obtemperans
970 2151 1050 2222 Deot
1072 2143 1107 2212 ⁰¹15
1125 2151 1144 2202 Μ
1159 2151 1205 2216 pe

281 2281 355 2346 que,
377 2259 401 2323 si
421 2261 478 2334 vis,
501 2261 696 2350 obtempero,
714 2262 845 2328 credens
862 2262 904 2337 ei,
921 2286 976 2336 ne,
996 2259 1021 2326 oi
1045 2237 1200 2324 „weneb-

281 2366 329 2432 lus
350 2365 458 2439 hienis,
481 2367 591 2431 credes
608 2379 687 2433 tunc
702 2367 862 2456 suppliciis
882 2368 1043 2435 cruciatus
1061 2351 1144 2426 aetubs
1159 2345 1207 2420 ΟΜ

282 2473 433 2563 supplicia
449 2497 523 2540 cum
544 2475 694 2562 predicte
712 2499 730 2540 n
748 2473 914 2565 Prophetis
935 2477 1071 2544 fuissent,
1085 2464 1119 2532 his
1131 2456 1206 2566 nint&

280 2596 357 2650 netu
373 2593 474 2672 poetre
490 2594 522 2648 ct
536 2583 713 2672 philosophi
728 2583 821 2649 sumti
841 2594 914 2650 sunt
931 2607 972 2650 ex
990 2577 1092 2648 sanctis
1103 2564 1202 2649 Spjpnm
1256 2629 1257 2636 κ

283 2705 319 2758 ut
335 2691 556 2760 auctoritatem
574 2691 775 2780 opinionibus
793 2693 856 2758 suis
875 2691 1081 2760 conciliarent
1098 2673 1207 2746 Seium

282 2805 452 2894 hiquoque
462 2803 567 2869 sutura
579 2802 681 2890 impiis
692 2813 725 2868 et
734 2800 904 2869 incredulis
915 2797 1060 2892 supplicio
1069 2779 1205 2881 γνώω
1256 2797 1257 2821 ¹

284 2927 319 2980 ur
332 2927 443 2981 resuta
458 2891 561 2980 assint
582 2913 742 2988 omnihus,
762 2935 803 2980 ne
817 2912 960 3000 dicerent
973 2899 1117 2980 nonnulli:
1132 2888 1205 3011 tou
1256 2992 1257 3016 Ν

283 3023 417 3090 divimus
435 3045 495 3088 nec
513 3021 726 3111 cognovimus.
751 3019 799 3087 Tu
820 3045 957 3110 quoque,
980 3021 1003 3086 si
1022 3013 1072 3082 tibi
1087 3009 1120 3074 ite
1134 2993 1205 3064 uddtt
1256 3061 1257 3064 ,

283 3130 351 3220 lege
366 3129 503 3196 studiose
518 3129 717 3217 propheticas
731 3126 926 3217 scripturum
945 3151 983 3194 ec
998 3123 1090 3193 lucem
1101 3105 1211 3179 fflnmb

283 3241 395 3306 tionem
413 3238 543 3304 habebis
561 3238 676 3305 ducem
696 3249 731 3302 ut
748 3238 848 3328 fugies
866 3249 982 3305 eterno
999 3221 1134 3321 supplicia.
1146 3219 1209 3290 tibi
1255 3175 1258 3267 i

285 3361 378 3438 petua
393 3348 451 3415 Dei
466 3349 548 3413 bonu
564 3348 774 3434 consequaris.
797 3347 877 3414 Nem
896 3347 949 3435 qui
965 3342 1046 3412 dedit
1058 3319 1212 3402 0⁵1¹le

285 3459 375 3534 dum,
391 3480 430 3524 ac
442 3479 533 3522 eures
544 3455 633 3521 finxit
644 3456 685 3520 ud
696 3455 888 3522 audiendum
901 3468 934 3520 ot
948 3452 1049 3522 oculos
1058 3421 1208 3510 appendu

285 3567 421 3631 excutiet
434 3566 539 3632 omnia
555 3577 586 3628 et
600 3565 720 3652 justum
736 3565 814 3630 seret
828 3564 993 3653 judicium,
1009 3577 1084 3628 suum
1097 3541 1210 3626 tuiiffli'w

286 3674 404 3740 meritis
418 3673 597 3740 mercedem
611 3674 762 3739 tribuens.
786 3674 827 3739 lis
845 3675 971 3762 quidem
988 3670 1036 3759 qui
1049 3639 1205 3744 secundum?

286 3782 426 3847 tientiem
441 3782 516 3846 boni
538 3782 639 3868 operis
655 3781 921 3868 incorruptionem
937 3783 1078 3868 quaerunt,
1093 3749 1204 3828 donabit·
