2808 4688
353 294 394 335 ao
419 289 606 336 conlaturos
630 291 779 336 emarcet
806 294 911 336 rotun.
1099 269 1142 348 45

83 393 361 484 hoopitalitatem
377 395 473 461 datua
491 409 541 462 eat
558 397 587 462 ei
606 395 689 462 liliua
708 398 742 462 in
758 407 939 470 senectute,
957 405 990 460 et
1003 413 1059 482 per
1072 395 1143 458 obe·

87 503 265 572 cientium
277 503 500 581 obtetanum,
513 505 703 598 sacrificium
708 507 790 581 Deo,
802 508 836 572 in
846 525 914 570 uno
926 504 1083 570 montium
1092 502 1144 590 qui

90 613 124 676 ei
143 635 165 676 a
182 613 432 690 Deo“oateuaus
447 615 510 679 fuit
520 613 542 678 ¹.

142 719 217 786 xl.
236 719 379 808 Propter
391 719 641 808 hospitalitatem
650 733 685 786 et
698 721 848 809 pictatem
859 721 986 786 Lotuse
1001 717 1150 784 Sodomis

99 826 224 893 salom
236 829 349 905 emit,
364 849 438 896 eum
451 841 515 894 totu
526 828 615 917 tegio
625 829 854 917 circumjacens
865 829 936 916 igne
950 838 983 892 et
994 823 1149 914 sulphure

102 935 274 1002 damnata
286 936 392 1003 nsaw.
407 935 515 1002 Polum
526 936 601 1002 lecit
611 936 777 1012 Dominus,
790 937 876 1024 quod
887 947 1049 1024 sper-autea
1059 936 1093 1000 in
1105 934 1147 1000 il-

105 1041 180 1107 lum
196 1065 269 1108 uon
284 1041 429 1131 relinquit
434 1067 445 1116 ;
459 1061 515 1109 eos
529 1063 604 1108 vero
615 1043 668 1130 qui
682 1043 716 1111 in
728 1044 884 1110 contraria
900 1041 1074 1118 declinent,
1086 1063 1145 1130 pn-

101 1149 233 1214 nitione
249 1171 292 1215 ao
304 1149 458 1238 supplicio
471 1150 579 1217 afficit.
595 1151 776 1230 Quo-euim
791 1173 854 1218 uua
870 1173 946 1220 oum
961 1173 1001 1218 eo
1019 1173 1144 1241 egressa

101 1257 211 1322 fueret
228 1279 311 1324 uxor
319 1255 416 1334 illiue,
430 1277 509 1324 conr
521 1253 643 1326 divorsa
661 1261 804 1336 sentiret,
817 1281 878 1326 noc
893 1281 1030 1329 concors
1046 1271 1143 1335 earet,

100 1367 134 1430 in
147 1363 313 1451 ejusmodi
323 1367 451 1455 tignum
462 1365 564 1456 potito
575 1379 636 1444 cet,
649 1379 685 1434 ut
696 1367 769 1434 talis
780 1379 896 1443 statua,
906 1369 941 1434 in
952 1367 1146 1434 hodiernum

101 1495 210 1562 utque
227 1473 327 1550 diem,
341 1475 383 1542 tit
399 1475 504 1548 notat
522 1493 587 1564 quo
602 1478 729 1544 cunctis
743 1487 858 1544 notum
872 1489 969 1552 esset,
980 1471 1069 1564 qnod
1082 1475 1147 1542 ani·

102 1605 160 1648 nro
175 1582 308 1659 incerti,
324 1595 358 1649 et
375 1583 418 1650 de
431 1585 578 1673 potentia
593 1584 655 1652 Dei
674 1583 870 1661 dubitantes,
887 1585 922 1649 in
943 1581 1098 1672 iudicium
1115 1593 1149 1648 et

105 1691 141 1760 iu
156 1691 596 1781 significationemnnirereia
608 1692 864 1782 generationibus
875 1691 971 1758 fiunt.

155 1802 237 1866 ΧΠ.
263 1801 315 1868 ot
331 1803 434 1868 litlem
443 1815 479 1866 et
491 1799 740 1890 hospitalitatem
752 1813 872 1868 servata
883 1813 931 1867 est
944 1797 1075 1866 Rahobo
1089 1821 1153 1866 me

118 1907 261 1972 retria‘.
277 1904 381 1971 lliraia
396 1907 486 1972 enim
501 1923 520 1971 c
533 1903 610 1972 teau
625 1903 691 1972 filio
705 1907 797 1974 Naue
810 1907 851 1974 ad
864 1905 1084 1974 lerichuntcm
1099 1925 1153 1971 ex-

124 2009 358 2100 ploratoribus,
386 2009 540 2078 intellexit
563 2025 654 2078 terre
677 2031 748 2090 rex,
770 2013 855 2103 quod
880 2013 1044 2103 regionem
1070 2011 1152 2078 illius

126 2119 328 2208 exploratum
343 2133 509 2194 venerant3
526 2133 558 2185 et
571 2121 675 2186 emisit
691 2122 787 2198 tit-ce,
804 2121 859 2211 qui
872 2141 933 2189 eot·
943 2121 1151 2210 comprehen-

121 2229 250 2306 derent,
268 2241 306 2294 ut
323 2225 544 2318 comprehensi
562 2242 763 2297 necarentur.
783 2229 955 2322 Hospitalis
965 2225 1067 2319 igitur
1082 2227 1147 2294 lta-

115 2337 215 2411 habo,
233 2336 409 2426 rutdpiena
424 2357 495 2414 ene,
512 2337 683 2404 occultavit
697 2339 731 2406 in
745 2337 860 2405 solorio
874 2339 934 2408 auh
945 2333 1142 2424 liui'atipnla.

116 2445 421 2534 supervenientibus
432 2457 541 2513 eutem
549 2445 733 2514 homiuibus
746 2471 763 2513 a
775 2469 849 2537 rege
860 2443 979 2521 missia,
991 2463 1031 2511 ac
1041 2443 1149 2508 dioen-

114 2555 215 2621 tihur:
232 2555 299 2622 Viri
311 2556 355 2622 ad
366 2569 399 2622 te
409 2568 578 2633 venerunt,
589 2568 683 2624 ten-ae
697 2565 813 2626 nostre
825 2554 1052 2644 exploratores,
1063 2549 1149 2618 educ

115 2685 179 2738 coe,
203 2685 259 2728 rex
276 2663 368 2729 enim
385 2663 427 2728 ito
444 2665 602 2752 imperet:
623 2663 675 2730 illa
694 2663 880 2755 respondit:
899 2661 973 2731 Duo
989 2660 1051 2726 riri
1069 2679 1149 2746 quoa

112 2770 267 2858 queritis,
285 2769 423 2861 ingressi
438 2784 514 2839 eunt
532 2773 619 2862 apud
638 2792 707 2849 me,
724 2773 781 2839 ted
799 2771 969 2839 confestim
983 2768 1148 2843 abierunt,

113 2893 144 2945 et
155 2880 291 2955 radrmtt
308 2899 381 2948 non
396 2880 568 2948 ostendens
578 2883 625 2948 eia
637 2881 718 2949 illos.
736 2883 778 2948 Et
792 2879 872 2948 dixit
885 2878 927 2945 ad
937 2879 1020 2944 viros
1036 2873 1150 2961 :Certo

111 2988 189 3064 scio,
205 2987 293 3077 qnod
309 2989 474 3054 Dominus
485 2988 572 3053 Deua
586 2986 691 3054 vester
702 2987 800 3055 tradit
812 2987 901 3055 vohis
916 2985 1031 3052 urbem
1046 2983 1145 3059 hauet

112 3097 207 3163 timor
214 3097 302 3162 enirn
309 3109 348 3162 et
359 3097 560 3184 perornettrl
572 3097 685 3164 incidit
696 3099 729 3163 in
738 3117 849 3165 omnes
860 3095 1053 3164 huhitotoret
1064 3093 1145 3182 ejus.

115 3203 254 3284 Quando
276 3203 379 3292 igitur
398 3204 566 3294 contigerit
586 3224 644 3270 roa
666 3223 738 3272 eam
755 3223 883 3295 copore,
906 3215 1029 3270 ternte
1047 3221 1099 3267 mc
1118 3211 1151 3266 ot

116 3312 254 3376 domum
264 3311 366 3399 putria
376 3312 449 3378 md.
466 3311 508 3378 Et
518 3313 722 3380 diretuuteit
740 3312 797 3381 ste
809 3313 871 3380 erit
881 3309 1150 3402 quemadmodum

116 3417 227 3486 locuta
238 3440 275 3484 ee
286 3417 392 3484 nohia.
411 3417 494 3488 Cum
508 3421 602 3509 igitur
612 3441 671 3487 not
682 3419 794 3488 oleam
806 3419 1007 3509 cognoveris,
1019 3437 1151 3506 congio-

119 3528 207 3617 gahia
224 3547 343 3594 omnes
359 3537 431 3615 tuot
445 3527 505 3592 auh
520 3539 605 3595 tecto
616 3539 687 3603 too,
708 3537 744 3592 et
758 3529 981 3604 servahuntnrr
995 3536 1150 3614 quotquot
1169 3602 1176 3614 Ι

123 3639 206 3706 euim
220 3638 431 3705 invenientur
444 3647 534 3704 extro
549 3637 699 3716 domum,
713 3637 870 3728 peribunt.
887 3633 928 3706 Et
941 3631 1148 3710 addiderunt,

124 3759 159 3812 ut
169 3749 297 3838 riguum
308 3747 418 3850 ἅψις
437 3767 558 3837 nempe
568 3745 749 3815 funiculum
763 3747 942 3816 coccineum
957 3743 1152 3838 appenderet

158 3875 240 3928 'Gen
252 3893 313 3928 uu.
325 3903 357 3918 ·-
368 3876 455 3928 foen.
469 3889 526 3937 ¹¹¹3
540 3875 630 3930 :Pete
643 3885 672 3938 tr,
682 3876 705 3926 6.
716 3901 748 3916 -·
758 3873 768 3911 Ι
778 3873 856 3928 flahr.
866 3891 902 3940 xa,
912 3873 959 3935 ὄις
973 3871 1025 3924 lon
1042 3887 1071 3922 u·
