2710 4662
263 215 322 278 ns
585 231 720 280 sanctos
743 233 955 290 rectoratus,

258 379 274 412 a
288 349 555 428 intercesserat;
571 353 609 412 et
624 341 779 438 qualiter
795 341 941 416 illorum
959 341 1054 416 dicta
1070 369 1301 419 commemo

258 477 274 519 n
288 443 405 539 rabat,
419 462 457 522 et
471 469 710 546 quascumque
726 447 772 519 de
790 451 948 521 Domino
962 447 1008 522 ab
1025 448 1172 524 iisdem
1187 451 1300 524 audie

257 579 274 625 u
289 573 361 648 rat;
390 554 436 626 de
459 551 643 626 miraculis
670 577 820 651 quoque
848 555 943 628 illius
966 572 1078 656 atque
1106 556 1298 644 doctrina,

256 693 273 728 a
286 675 397 760 prout
421 659 468 732 ab
495 661 540 730 iis
563 660 629 756 qui
651 657 803 730 verbum
825 661 907 731 vitae
932 663 1000 759 ipsi
1023 677 1298 760 conspexerant

218 805 220 810 ·
256 799 274 836 a
286 765 502 864 Polycarpus
520 777 723 862 acceperat,
746 764 875 836 eodem
893 789 1041 864 prorsus
1059 768 1192 840 modo
1217 767 1295 838 refe·

256 869 406 960 urebat,
429 872 467 942 in
492 867 663 940 omnibus
686 891 770 940 cum
796 870 978 966 Scriptura
1000 893 1106 942 sacra
1138 893 1294 944 consen·

256 981 390 1052 »tiens
414 980 498 1048 Haec
520 997 605 1072 ego,
621 973 744 1048 divina
767 973 857 1046 mihi
881 976 1056 1074 largiente
1082 976 1294 1062 clementia,

255 1117 272 1152 e
285 1101 374 1158 tunc
389 1079 593 1156 'studiosius
616 1079 824 1170 audiebam,
847 1086 976 1154 nonin
995 1082 1146 1174 charta,
1172 1085 1237 1158 sed
1258 1090 1289 1154 in

257 1186 397 1262 »corde
416 1209 500 1260 meo
518 1184 641 1262 audita
660 1185 884 1274 describens,
901 1187 1108 1284 eademque
1134 1214 1211 1286 per
1232 1192 1288 1260 Dei

256 1323 274 1359 a
286 1295 435 1391 gratiam
448 1289 589 1364 assidue
601 1305 727 1389 repeto
740 1287 779 1362 ¹et
791 1293 947 1364 revolvo.
965 1289 1108 1364 aldem
1121 1291 1215 1364 alibi
1230 1306 1284 1364 tea

257 1413 355 1472 tatur
378 1396 477 1470 hunc
503 1393 671 1468 eumdem
695 1395 842 1469 beatum
864 1401 983 1468 virum
1023 1423 1041 1464 u
1060 1421 1143 1468 non
1176 1397 1284 1468 solnm

257 1537 275 1572 »
287 1505 335 1580 ab
349 1503 530 1630 Apostolis
546 1503 731 1594 edoctum,
745 1520 782 1576 et
795 1518 1047 1577 conversatum
1062 1529 1154 1578 cnm
1169 1505 1281 1576 multis

258 1631 333 1684 »ex
349 1613 394 1684 iis
412 1614 477 1710 qui
495 1613 692 1682 Dominum
709 1625 876 1682 nostrum
888 1609 1079 1698 viderunt,
1099 1610 1167 1683 sed
1186 1613 1283 1682 etiam

232 1719 240 1725 '
259 1751 276 1786 u
288 1717 334 1792 ab
347 1715 552 1841 Apostolis
542 1739 579 1786 an
595 1719 723 1804 Asia,
713 1741 752 1786 m
769 1739 811 1787 ea
824 1741 905 1814 quae
923 1729 978 1792 est
991 1720 1163 1840 Smyrnis
1179 1717 1275 1788 eccle

259 1829 341 1898 »sia
355 1825 594 1898 constitutum
607 1808 715 1894 fuine
730 1823 961 1920 episcopum,
976 1847 1042 1918 qur
1031 1821 1189 1895 doctrit
1199 1845 1277 1894 sem·

259 1953 354 2028 »per
375 1951 456 2024 quae
476 1923 523 1998 ab
544 1925 727 2023 Apostolis
749 1924 941 2013 didicerat,
964 1951 1046 2023 quae
1067 1943 1108 1999 et
1133 1929 1280 2001 Bedesis

260 2065 277 2098 »
291 2030 450 2125 tradidit,
467 2045 504 2102 et
517 2031 592 2102 sola
605 2043 692 2103 sunt
702 2056 804 2118 vera;
818 2047 855 2104 et
871 2033 1122 2104 testimonium
1136 2033 1196 2105 his
1210 2057 1284 2131 per·

260 2135 417 2208 »hibent
444 2159 525 2233 quae
546 2148 631 2207 sunt
652 2137 690 2206 in
715 2140 798 2208 Asia
820 2136 977 2210 ecclesiae
995 2161 1137 2222 omnes,
1159 2155 1202 2208 et
1225 2139 1282 2232 qui

259 2265 404 2340 »usquc
432 2239 552 2316 adhuc
575 2257 823 2318 successerunt
845 2244 1080 2343 polycarpo.»
1101 2241 1280 2338 (advers.

148 2349 151 2356 ’
260 2349 383 2422 hares.
397 2343 460 2417 lib.
475 2371 576 2434 1n‚c.
596 2345 653 2444 3.)

307 2453 426 2524 Tertia
447 2473 550 2538 vero,
573 2450 674 2549 quod
692 2453 889 2551 Epistulam
912 2452 956 2526 ad
979 2454 1232 2552 Philippenses
1249 2468 1281 2522 et

260 2563 338 2655 ipse
359 2559 557 2654 scripserit,
577 2556 622 2628 de
641 2581 713 2654 qua
732 2563 766 2630 S.
781 2563 938 2630 irenaeus
956 2587 964 2628 :
988 2589 1005 2624 ιι
1017 2565 1081 2632 Est
1100 2573 1224 2631 autern
1245 2573 1277 2627 et

237 2693 240 2700 ·
261 2693 278 2727 s
289 2661 440 2760 epistola
459 2661 646 2759 Polycarpi
665 2663 712 2734 ad
727 2665 976 2763 Philippenses
993 2669 1129 2764 scripta
1148 2663 1273 2763 persec-

263 2797 280 2830 s
291 2769 443 2854 tissime,
457 2789 502 2838 ex
512 2790 586 2864 qna
602 2767 846 2842 characterem
858 2769 944 2842 fidei
956 2771 1048 2866 ejus,
1064 2785 1102 2842 et
1115 2769 1275 2869 praelica-

261 2874 425 2944 »tionem
441 2875 615 2960 veritatis,
632 2876 696 2969 qui
711 2873 854 2960 volunt,
871 2890 907 2948 et
924 2899 1047 2947 curam
1061 2875 1203 2948 habent
1214 2899 1274 2946 sua

260 2973 412 3046 »saluos
417 2992 593 3073 possunt
604 2977 752 3050 discere
768 2979 878 3074 u(Id
894 2979 1001 3076 ibid.)
1016 2983 1132 3077 Cujus
1144 2995 1276 3054 senten

261 3080 318 3150 tiae
340 3082 538 3152 assentiunt
563 3098 599 3152 et
621 3082 811 3174 Eusebius,
835 3089 899 3181 qui
924 3090 1070 3185 propria
1094 3092 1133 3158 B.
1158 3087 1277 3158 Irenaei

260 3183 631 3281 verbaretulttfflrst
646 3189 769 3276 lih.1v‚
787 3215 817 3262 c.
838 3191 922 3286 14),
937 3199 1024 3264 etB.
1039 3197 1279 3290 Hieronymus

260 3298 324 3392 qui
337 3296 386 3364 ita
396 3292 441 3364 de
451 3291 576 3366 eadem
589 3297 741 3393 epistola
750 3297 934 3394 loquitur
948 3327 966 3364 e
977 3304 1126 3399 Scripsit
1141 3299 1188 3372 ad
1204 3299 1277 3372 Phi·

260 3431 277 3465 »
289 3401 468 3498 lippenses
481 3400 584 3473 valde
595 3403 721 3476 utilem
730 3404 933 3502 epistolam,
945 3429 1025 3502 quae
1039 3431 1159 3502 usque
1172 3407 1278 3479 hodie

260 3509 325 3575 »in
341 3510 431 3577 Asiae
443 3523 623 3580 conventu
638 3510 778 3610 legitur
788 3513 892 3600 »(De
905 3515 1033 3612 Script.
1046 3514 1141 3585 Eccl.
1150 3515 1166 3608 )
1185 3513 1275 3586 Pho·

237 3613 330 3702 'tius
349 3635 497 3708 quoque
518 3615 616 3686 illam
641 3614 729 3688 Cod
761 3617 828 3690 126
846 3622 973 3690 asserit
996 3620 1150 3690 «multis
1170 3619 1277 3694 reler-

184 3726 190 3759 ¹
258 3728 360 3793 »tam
370 3714 693 3805 admonrtrombus
705 3746 788 3794 curn
800 3726 1054 3821 perspicuitate
1065 3740 1103 3796 et
1112 3727 1279 3824 srmpho

258 3832 358 3890 »tate
367 3820 468 3916 juxta
480 3823 775 3900 ecclesiasticam
766 3834 1073 3928 interpretationis
1086 3830 1253 3906 formam.
1262 3863 1276 3898 a
