2772 4620
270 227 331 293 268
546 247 681 294 ’sartori
703 249 822 292 sosruu
845 248 998 291 narratus

266 355 327 420 nisi
345 354 423 444 quid
440 344 589 420 adversus
612 353 781 442 iniperium
798 351 977 418 Romanum
993 351 1099 418 moliri
1119 351 1312 441 deprehen-

266 463 391 530 dantur.
409 463 497 544 Quin
510 475 543 528 et
557 463 597 528 ad
609 485 661 527 me
672 459 764 527 multi
780 461 821 526 de
835 459 895 526 illis
907 460 1095 537 retulerunt,
1112 463 1234 550 quihus
1245 487 1311 552 ego

265 573 414 661 respondi
427 573 524 660 patris
534 573 597 636 mei
609 571 799 636 sententiam
811 582 972 658 sequutus.
986 571 1108 659 Siquis
1121 583 1234 637 autem
1246 574 1307 636 ad—

265 707 373 748 versus
384 681 523 771 aliquem
534 679 674 756 illorum,
691 694 727 746 ut
742 679 850 757 talem,
868 682 1026 746 actionem
1040 683 1202 758 instituat,
1216 682 1306 748 dela-

265 801 317 854 tus
335 789 468 854 crimine
487 787 681 864 absolvatur,
699 789 822 855 etiamsi
840 785 930 854 illum
946 787 1042 854 talem
1061 813 1132 855 esse
1151 777 1300 858 constet:

266 895 387 963 delator
402 921 476 964 vero
492 921 600 986 poenas
616 895 691 964 luet.
917 883 925 900 ’
1042 899 1045 902 ’
1144 881 1147 886 ’

291 1099 387 1146 aanor
401 1101 609 1147 imraarorrs
625 1101 776 1146 arrarum
794 1103 834 1144 in
849 1099 1009 1154 seranna,
1026 1100 1090 1152 ont
1107 1099 1281 1144 resraron

460 1201 662 1246 cnnrsrraros
677 1179 831 1246 maronia
847 1199 970 1245 crustu
984 1199 1100 1244 rurssn.

308 1331 426 1400 LXXI.
444 1333 620 1424 Imperator
632 1335 738 1401 Caesar
748 1333 790 1400 Μ.
805 1330 952 1399 Aurelius
962 1329 1157 1404 Antoninus,
1170 1328 1299 1395 Germa-

265 1444 369 1521 nicus,
384 1443 562 1522 Parthicus,
579 1447 787 1518 Sarmaticus,
803 1443 922 1536 populo
937 1443 1083 1512 Romano
1095 1454 1129 1506 et
1140 1463 1225 1507 uero
1236 1440 1299 1506 Se-

265 1555 355 1620 natui
372 1553 517 1623 salutem.
539 1541 698 1625 Certiores
716 1583 770 1625 vos
787 1557 848 1624 ieci
865 1558 905 1623 de
924 1553 1046 1622 consilii
1063 1555 1129 1620 mei
1146 1553 1298 1642 magnitu-

265 1665 353 1741 dine,
372 1664 479 1753 quales
495 1668 537 1733 ad
554 1667 691 1735 confinia
709 1667 887 1736 Germaniae
902 1691 942 1732 ex
959 1663 1146 1730 discrimine
1166 1663 1200 1728 in
1217 1660 1296 1749 quod

265 1776 305 1841 ab
326 1774 469 1842 hostibus
489 1777 706 1844 circumdatus
728 1801 889 1853 veneram,
911 1773 1060 1841 utilitates
1079 1787 1114 1839 et
1132 1771 1292 1840 commoda

248 1892 479 1968 (consequutus
495 1883 568 1960 sim,
585 1905 661 1950 cum
675 1907 728 1950 me
744 1883 943 1950 laborantem
957 1893 990 1948 et
1005 1881 1171 1947 defessum
1187 1877 1294 1946 cinxis-

265 2001 335 2054 sent
350 1991 548 2080 septuaginta
569 2005 705 2081 quatuor
718 1993 885 2068 dracones,
901 2014 1017 2058 novem
1032 1986 1222 2054 milliarium
1234 2011 1295 2076 spa·

264 2097 310 2162 tio
332 2099 364 2163 in
383 2097 506 2164 Cotino.
534 2101 597 2180 Qui
618 2125 696 2168 ‘cum
714 2125 778 2167 non
794 2100 886 2190 longe
904 2101 1063 2173 abessent,
1085 2095 1293 2186 exploratores

264 2205 491 2273 nuntiaverunt
502 2210 606 2284 nobis,
620 2223 653 2275 et
665 2209 876 2298 Pompeianus
889 2207 1009 2274 militiae
1021 2220 1141 2273 nostrae
1152 2199 1291 2296 magister

265 2314 463 2403 significavit,
482 2318 516 2383 id
531 2320 618 2407 quod
633 2322 810 2387 sciebamus
830 2320 935 2407 (eram
950 2320 1038 2384 enim
1049 2319 1287 2408 comprehensus

264 2426 303 2488 ab
316 2424 468 2491 immensa
483 2437 516 2492 et
531 2428 674 2494 ordinatu
686 2427 901 2504 multitudine,
919 2450 1046 2494 mecum
1064 2427 1187 2493 habens
1199 2425 1288 2514 legio

264 2531 312 2596 nis
329 2531 454 2610 Primae,
475 2535 627 2613 Deoimae,
649 2529 804 2614 Geminis,
823 2537 1080 2606 Ferentariorum
1097 2534 1289 2602 numerabile

263 2652 296 2706 et
312 2645 504 2730 permixtum
520 2651 668 2735 agmen),
686 2643 860 2715 exercitum
872 2647 1010 2714 exomni
1026 2667 1132 2735 genera
1146 2644 1284 2706 immen-

264 2773 335 2816 sum
354 2740 476 2830 adesse,
496 2755 663 2821 hominum
679 2769 916 2844 nongentorum
935 2755 1119 2844 septuaginta
1132 2745 1280 2816 millium.

264 2859 347 2926 Cum
357 2884 410 2927 me
421 2861 517 2952 igitur
530 2876 562 2929 et
574 2886 720 2928 meorum
735 2887 905 2929 numerum
919 2887 995 2930 cum
1007 2855 1197 2929 multitudiue
1207 2863 1286 2926 bar-

261 2971 414 3036 barorum
432 2983 464 3037 et
481 2972 621 3038 bostium
638 2995 869 3062 compararem,
896 2997 934 3039 eo
953 2973 1079 3040 decurri
1096 2965 1131 3036 ut
1148 2969 1221 3036 deos
1235 2993 1290 3059 pa-

262 3079 339 3146 trios
354 3103 512 3170 precarer.
532 3081 597 3147 Sed
614 3105 689 3148 cum
703 3107 756 3148 me
771 3081 816 3148 illi
832 3081 1043 3172 negligerent,
1059 3095 1091 3149 et
1103 3105 1181 3171 quas
1194 3082 1229 3148 in
1244 3103 1294 3145 an-

263 3190 380 3280 gustias
397 3191 533 3273 redacte
551 3205 656 3258 essent
676 3193 775 3281 copisa
798 3215 877 3258 meae
896 3215 1076 3268 cernerem,
1097 3189 1234 3258 evocavi
1246 3215 1295 3256 eos

263 3302 318 3388 qui
330 3301 500 3368 Christiani
513 3302 597 3391 apud
612 3325 669 3368 nos
684 3302 847 3379 dicuntur,
863 3303 964 3391 iisque
975 3301 1178 3390 interrogatis
1189 3299 1295 3367 multi-

264 3405 408 3472 tudinem
423 3405 549 3474 illorum
565 3431 780 3497 magnumque
796 3431 968 3474 numerum
983 3409 1134 3497 cognovi,
1150 3420 1186 3473 et
1201 3407 1234 3473 in
1249 3429 1297 3473 eos

263 3515 411 3581 infremui
425 3541 433 3581 :
451 3517 676 3607 quodquidam
689 3543 753 3585 non
764 3522 945 3610 oportebat,
963 3529 1132 3608 propterea
1145 3518 1236 3606 quod
1246 3541 1297 3583 ao

263 3647 336 3688 rum
351 3638 539 3712 potestatem
555 3640 663 3717 postea
679 3631 833 3719 perspexi.
854 3627 903 3697 Illi
919 3629 1006 3696 enim
1023 3628 1128 3718 exorsi
1144 3641 1224 3694 sunt
1239 3651 1298 3693 nou

261 3732 304 3794 ab
325 3730 526 3800 observandis
543 3732 612 3800 telis
623 3747 679 3800 aut
692 3737 787 3803 armis
800 3748 855 3800 aut
866 3737 951 3803 tubis
957 3761 967 3810 ς
992 3735 1045 3820 tid
1061 3735 1148 3802 enim
1165 3735 1298 3800 inrisum

264 3835 326 3906 illis
337 3849 384 3904 est
396 3853 525 3928 propter
536 3843 651 3922 Deum,
664 3869 761 3933 quem
773 3847 805 3912 in
818 3845 1010 3913 conscientia
1024 3869 1079 3912 sua
1091 3856 1229 3934 gestant.
1245 3840 1298 3908 Ve-
