2648 4598
338 263 379 326 ba
740 282 952 330 rrnnaanoan

336 391 488 460 Pindarus
501 403 627 456 autem:

414 527 522 582 Verum
536 521 618 578 luero
630 519 716 579 etiam
730 519 869 598 sapientia
881 520 1014 578 irretitur.

413 621 553 682 Pervertit
564 632 593 678 et
606 619 686 678 illum
701 617 712 698 (
720 618 931 698 AEsculopium)
946 617 1045 696 ingenti

414 720 546 782 Mercede
558 741 660 779 nurum
672 721 704 781 iu
718 720 848 779 manibus
860 741 1009 800 apparens.

414 823 548 881 Manibus
558 823 645 900 igitur
658 822 807 882 Saturnius
820 821 928 880 fulmen

412 921 556 980 iaculatus
569 939 621 998 per
635 934 800 999 utrumque,
814 920 1030 998 respirationem

413 1027 564 1080 Pectorum
578 1019 695 1078 abstulit

412 1121 560 1194 Celeriter,
574 1121 732 1198 ardensque
748 1121 853 1179 fulmen
868 1120 976 1179 inflixit
989 1130 1104 1179 mortem.

335 1243 393 1317 Vel
408 1247 502 1337 igitur
515 1246 559 1311 dii
574 1257 674 1322 erant,
683 1266 751 1344 'neo
765 1267 820 1310 eos
833 1245 902 1310 auri
917 1245 1059 1334 capiebat
1068 1267 1139 1310 amor

412 1380 456 1450 (0
470 1393 573 1433 munus
584 1391 686 1430 aurum
700 1371 853 1429 maximnm
868 1369 1052 1429 mortalibus!

412 1481 473 1537 Nec
485 1487 575 1534 mater
588 1473 644 1531 ulla
657 1485 766 1530 tantum
780 1471 867 1530 habet
881 1470 1050 1543 dulcedinis,

412 1580 472 1634 Nec
485 1573 553 1631 nati.

334 1697 424 1766 Nulla
435 1697 521 1762 enim
534 1717 568 1762 re
579 1695 697 1784 indiget
710 1717 840 1772 numen,
856 1695 1095 1786 neo‘oupiditate
1102 1693 1233 1776 sinodulm

332 1809 448 1874 mortrui
463 1819 535 1872 sunt
553 1829 562 1870 r
578 1803 627 1870 vel
646 1804 789 1870 homines
808 1826 881 1871 oum
899 1817 1018 1881 essent,
1039 1799 1232 1892 improbiol'ur

332 1918 435 1982 ritiam
457 1915 596 1990 fuorunt,
617 1923 649 1977 et
668 1913 808 1999 peouniae
831 1913 947 2000 cupidi.
969 1915 1056 1992 Quid
1072 1899 1230 2002 plantari

249 2041 253 2048 '
333 2025 507 2100 Castorem,
522 2021 572 2090 vel
585 2019 759 2096 Pollucem,
771 2018 820 2084 vel
836 2019 1065 2106 Amphiaraum
1078 2007 1234 2094 memorantes

331 2145 367 2197 ut
381 2133 422 2196 ita
438 2131 554 2206 diuam
574 2128 642 2194 beri
662 2131 695 2192 el
716 2127 940 2192 nudiustertius
956 2129 1098 2194 homines
1112 2117 1235 2192 nimiu

331 2242 394 2307 noti
408 2262 466 2328 pro
481 2239 538 2304 dlis
555 2238 723 2311 habentur,
740 2259 815 2302 oum
832 2238 897 2324 ipsa
916 2237 1015 2302 etiam
1037 2239 1092 2303 luo
1105 2233 1228 2326 punam

330 2361 363 2417 et
382 2371 433 2413 ens
452 2371 522 2435 quar
542 2369 582 2412 ex
597 2346 704 2411 surore
725 2356 925 2432 consequuta
945 2357 1023 2412 sunt
1039 2331 1228 2436 parperiam&

332 2453 546 2524 existimetur?

409 2581 643 2660 cognominatam
660 2580 789 2658 naufragi
801 2579 1003 2654 Leucotheam,

329 2719 363 2772 et
377 2704 459 2772 [ilius
473 2707 542 2796 ejus
556 2727 567 2772 3

408 2839 512 2900 Nautis
524 2839 666 2899 Palaemon
680 2839 762 2898 dirus
775 2835 962 2899 invocabitur.

373 2967 481 3036 XXX.
499 2970 579 3038 Nam
596 2973 622 3037 si
638 2971 813 3045 detestandi
827 2985 860 3036 et
872 2971 940 3038 Deo
955 2965 1046 3040 invisi
1066 2963 1246 3051 hominurn

329 3098 403 3143 nem
417 3072 595 3144 habuerunt
610 3079 741 3146 deorum
747 3103 757 3152 ς
775 3078 801 3144 si
822 3078 885 3145 lilia
903 3080 1057 3148 Deroetus
1071 3069 1247 3147 sementi

328 3187 396 3252 nisa
412 3183 525 3251 mulier
536 3199 569 3252 et
579 3197 721 3263 cruenta,
734 3187 824 3276 Syria
840 3189 896 3254 dea
911 3189 1084 3256 existimata
1095 3201 1147 3263 est,
1157 3188 1250 3270 sepult

328 3295 499 3362 Deroetnm
509 3293 581 3383 Syri
595 3293 757 3362 columbas
774 3307 807 3360 at
821 3297 1007 3363 Samiramin
1021 3297 1137 3374 colunt,
1146 3316 1209 3362 mn,
1218 3280 1251 3372 qul

292 3452 295 3463 .
328 3401 397 3468 lieri
411 3427 476 3470 non
490 3413 605 3495 potest,
621 3403 654 3468 in
669 3399 849 3470 columbam
862 3415 981 3472 mutata
995 3405 1117 3482 mulier,
1132 3413 1161 3469 ut
1171 3402 1251 3478 terret

328 3511 466 3578 Ctesiam
482 3508 602 3586 sabula3
620 3508 695 3598 quid
717 3511 832 3577 mirum
851 3509 928 3577 ulios
948 3513 1074 3600 quidem
1091 3523 1198 3603 propter
1209 3507 1252 3584 int*

328 3619 410 3684 rium
421 3631 476 3684 aut
486 3618 683 3706 tyrannidem
697 3619 772 3684 deos
783 3643 800 3686 a
812 3620 875 3685 suis
886 3618 1078 3710 appellatos?
1095 3612 1203 3706 (sibyla
1213 3605 1252 3684 cul*

328 3725 470 3791 meminit
482 3725 569 3792 Plato
585 3747 594 3789 r

404 3849 521 3908 Decima
533 3861 615 3910 aetate
628 3851 775 3911 hominurn
788 3853 891 3930 linguis
903 3853 1069 3927 divisorum,
