2688 4626
1334 79 1336 180 t

290 163 354 241 sid
583 182 697 229 sarcrr
719 181 839 230 rnsrrrtr
861 185 1018 230 usrrrass

288 291 329 356 tis
350 309 430 377 quos
451 285 550 354 salros
568 287 636 354 lore
655 289 792 379 Spiritus
805 291 1011 380 propheticus
1025 313 1089 380 per
1102 291 1242 360 Esaiam
1256 317 1320 382 prs

141 391 150 406 ⁹
289 399 379 464 dixit.
396 396 561 485 loquutus
581 409 689 464 autem
704 410 752 463 est
766 397 853 464 velut
866 423 905 465 cx
919 423 1031 466 eorum
1047 423 1200 489 persona
1218 427 1227 466 ε
1243 431 1257 461 ι
1272 404 1318 468 bis·

289 505 472 574 ‚Dominus
486 503 662 592 reliquisset
677 506 769 571 nobis
790 529 911 584 semen,
933 508 1023 597 quasi
1045 508 1203 575 Sodoma
1223 525 1254 576 rt
1267 512 1316 578 Co

289 635 422 680 »morra
437 611 511 678 lacti
522 631 664 677 essemus
672 612 694 676 ¹.
709 641 723 674 s
737 613 876 680 Sodoma
888 617 973 681 enim
982 628 1016 682 et
1030 615 1206 683 Gomorra
1219 643 1312 686 memo

290 733 428 786 mura
440 719 526 784 stus
539 719 681 784 civium
692 719 837 808 queram
848 722 1013 788 hominum
1026 701 1216 812 ruptorum
1228 726 1308 790 fuss.

289 850 368 917 quas
382 826 468 892 Deus
482 827 555 914 igue
570 839 604 892 et
616 825 767 915 sulphure
781 841 936 896 crematas
947 833 1076 907 evertit,
1096 833 1306 904 nemineinri

290 947 426 1009 serrato,
447 945 563 1022 preter
583 933 773 1024 inquilinum
792 939 963 1025 quemdam
982 941 1121 1006 nomine
1140 941 1244 1018 Loth,
1259 947 1306 1032 qui

289 1066 365 1111 cum
379 1041 451 1108 filiae
466 1039 642 1108 incolumes
656 1055 833 1108 eraserunt.
849 1045 939 1111 llanc
949 1045 1121 1133 regionem
1133 1071 1264 1114 omnem
1273 1051 1305 1112 ds

289 1161 407 1217 sertam
419 1160 452 1216 et
463 1161 606 1215 exustum
617 1171 686 1215 esse
696 1163 729 1215 et
739 1149 877 1216 sterilem
889 1174 1031 1228 manere,
1044 1169 1189 1242 possunt
1200 1179 1303 1222 cemes

290 1260 345 1348 qui
366 1257 534 1326 voluerint.
557 1257 838 1336 Quemadmodum
861 1271 968 1324 autem
987 1273 1019 1324 et
1043 1263 1195 1329 veriores
1215 1269 1263 1352 qni
1278 1289 1304 1330 ss

290 1367 449 1457 gentibus,
467 1373 501 1430 et
515 1360 674 1428 fideliores
688 1365 869 1453 precogniti
889 1365 1019 1442 suerint,
1036 1367 1146 1434 Esuiae
1165 1372 1302 1460 prophete

291 1478 376 1543 dicta
396 1474 583 1548 referemus,
604 1495 674 1562 quer
694 1473 740 1538 sic
758 1473 877 1540 hebent
900 1498 938 1540 r«
958 1475 1058 1542 lsrael
1079 1479 1303 1546 incircumcisas

290 1613 304 1648 s
319 1582 429 1656 corde,
445 1592 554 1670 gentes
568 1592 676 1644 autem
695 1580 849 1668 praeputio
856 1579 879 1645 ².
894 1609 908 1644 s
922 1581 983 1648 Tot
998 1605 1079 1674 ergo
1094 1597 1131 1652 et
1150 1600 1237 1653 tanta
1248 1601 1302 1653 autr

290 1690 399 1760 oculos
413 1688 514 1778 posita
528 1689 763 1777 persuasionem
773 1701 806 1754 ct
820 1689 917 1756 iidem
927 1691 965 1755 iis
979 1693 1035 1779 qui
1049 1715 1171 1760 rerum
1189 1697 1301 1786 amplec-

290 1812 414 1874 tuntur,
426 1795 659 1884 necopiniones
671 1805 844 1871 sectamur,
856 1819 917 1863 nec
927 1799 1164 1886 cupiditatibus
1171 1806 1300 1873 serium.

290 1909 411 1974 ratione
426 1905 532 1970 uitam
546 1901 659 1968 afferre
675 1913 817 1991 possunt.

333 2012 412 2082 [JV.
425 2013 489 2092 Qui
497 2033 572 2078 vero
579 2008 719 2076 sabulosa
728 2023 893 2099 poctarum
904 2031 1087 2082 commenta
1097 2021 1238 2096 trudunt,
1249 2019 1301 2086 uul-

289 2122 352 2189 lam
367 2143 496 2210 prorsus
517 2117 818 2185 demonstrationem
832 2119 1046 2188 ediscentibus
1065 2125 1298 2195 adolescentibus

288 2229 468 2319 proferuntr
483 2227 540 2292 sed
550 2226 619 2292 hoc
629 2224 807 2316 decipiendi
817 2239 850 2292 et
860 2227 1043 2296 abducendi
1053 2232 1186 2320 humaui
1192 2237 1298 2326 generis

288 2359 395 2412 causa,
422 2333 579 2400 malorum
601 2333 783 2400 daemonum
805 2337 988 2424 operatione
1010 2339 1095 2406 dicta
1118 2343 1298 2409 demensus

287 2470 368 2513 mus.
385 2446 468 2511 Cum
481 2445 567 2510 enirn
582 2443 746 2531 praedicari
760 2465 779 2508 a
793 2443 958 2532 Prophetis
969 2446 1131 2514 audissent
1141 2464 1298 2516 venturum

286 2579 355 2622 esse
373 2552 550 2627 Christum,
570 2574 609 2635 ac
632 2550 745 2640 impios
767 2549 910 2619 homines
933 2553 1007 2643 igne
1022 2559 1224 2622 excruciatum
1237 2559 1293 2628 iris

286 2665 488 2755 perfecerunt
502 2673 539 2726 ut
553 2658 644 2726 multi
665 2660 849 2726 dicerentur
867 2662 965 2750 geniti
981 2663 1055 2730 lore
1069 2664 1135 2737 dliir
1152 2665 1209 2728 rati
1222 2665 1293 2729 elli-

287 2801 359 2844 cere
376 2798 409 2840 se
423 2795 528 2862 posse,
551 2783 673 2858 utque
693 2771 735 2836 ad
754 2768 916 2837 Christum
937 2785 1133 2862 spectantes
1151 2771 1292 2840 homines

285 2884 480 2974 prodigiosas
494 2879 627 2955 fabulas,
646 2890 680 2945 et
694 2881 730 2946 iis
745 2903 814 2967 quse
834 2903 853 2945 a
873 2883 975 2970 poetis
991 2884 1168 2958 dictasunt,
1184 2882 1290 2948 similia

286 2993 510 3060 existimarent.
532 2989 637 3076 Atque
659 2989 728 3054 haec
749 2988 873 3078 vulgata
894 3005 968 3058 sunt
985 3002 1020 3057 et
1033 2991 1119 3082 apud
1135 2993 1252 3060 Crtccos
1266 3005 1295 3058 ct

285 3100 371 3192 apud
393 3109 501 3188 gentes
524 3121 647 3173 omnes,
674 3098 728 3163 ubi
756 3097 899 3165 futurum
920 3123 989 3167 esse
1009 3113 1046 3168 ut
1066 3103 1192 3169 Christo
1211 3105 1293 3192 magis

285 3207 487 3280 crederetur,
503 3203 675 3293 Prophetas
694 3208 940 3294 pronuntiantes
956 3209 1143 3278 audiebant.
1164 3213 1225 3278 Sed
1236 3237 1290 3284 eos,

285 3342 359 3387 cum
376 3312 607 3403 Prophetarum
622 3313 706 3380 dicta
721 3315 879 3391 audirent,
895 3339 1008 3405 parum
1024 3333 1178 3387 accurate
1193 3335 1291 3388 senten

284 3429 361 3494 tiam
376 3424 533 3498 calluisse,
549 3444 594 3489 ao
602 3445 691 3489 more
705 3426 880 3492 errantium
894 3449 944 3494 rcs
959 3425 1079 3495 Christi
1092 3431 1229 3498 imitatos
1240 3455 1292 3496 esse

285 3533 580 3600 demonstrabimus.
602 3531 704 3598 bloses
724 3533 820 3622 igitur
840 3535 1008 3625 propheto,
1025 3550 1063 3604 ut
1076 3539 1147 3628 jam
1165 3541 1290 3610 diximu.

284 3639 441 3726 antiquior
455 3639 515 3706 fuit
529 3639 677 3706 omnibns
692 3641 911 3731 scriptoribus,
926 3645 1048 3734 sicque,
1066 3659 1104 3714 ut
1119 3647 1293 3719 demonstra·

316 3767 326 3800 ¹
338 3767 404 3816 Esai.
419 3784 437 3826 ι,
447 3783 471 3831 9.
482 3795 512 3808 -
523 3767 640 3820 ²ierem.
652 3786 688 3830 rx,
698 3769 737 3820 26.
