2688 4626
259 219 319 298 154
616 233 752 279 sancius
775 231 918 278 remmus

125 403 134 416 ,
253 331 454 405 ambulanti
480 353 585 402 mane
606 332 643 400 in
661 330 764 424 Xysti
786 331 949 426 porticu,
972 350 1056 398 casu
1076 338 1242 402 occurrit
1258 338 1292 404 ei

253 439 428 538 Tryphon
455 436 623 536 quidam,
657 459 767 532 quem
803 435 982 507 Eusebius
1010 435 1292 512 celeberrimtnn

257 549 352 616 inter
373 542 514 615 Judaeos
533 541 644 637 huJ'us
664 541 728 610 aevi
749 541 925 612 nominat.
947 542 1093 612 Justino
1119 542 1195 614 fuit
1212 571 1290 616 cnm

256 675 301 722 eo
313 673 378 748 per
389 648 481 722 duos
492 646 569 719 dies
583 651 744 743 integros
758 643 957 744 disputatio
972 671 1098 718 coram
1111 649 1289 746 pluribus

257 777 367 852 quam
386 769 512 852 postea
529 755 665 849 scripto
683 754 911 846 consignavit
927 751 998 822 sub
1018 752 1132 824 titulo
1147 756 1288 852 Dialogr
1338 732 1341 831 l

255 882 336 930 cum
348 859 544 956 Tryphone.
556 859 592 928 Si
604 875 744 954 quaeras
753 853 934 927 evidentia
943 854 1151 930 divinitatis
1160 859 1288 931 Chrisn
1340 944 1341 953 ἵ

259 978 297 1034 et
312 967 484 1036 Gentium
504 962 702 1034 vocationis
720 975 947 1056 argumenta,
967 975 1065 1032 certe
1077 965 1118 1033 in
1132 963 1208 1034 hoc
1224 964 1288 1035 dia

257 1068 343 1165 logo
359 1070 526 1166 reperies.
541 1071 617 1138 Nec
636 1087 730 1162 opus
745 1066 783 1133 in
797 1062 921 1160 aliquo
936 1064 1009 1136 alio
1021 1067 1287 1163 reprehenden·
1340 1066 1341 1079 ’

132 1233 135 1241 ,
257 1169 362 1259 dum,
378 1175 446 1243 nisi
461 1169 562 1269 quod
580 1173 670 1240 naevi
686 1169 792 1264 pauci
806 1165 852 1238 de
865 1169 1098 1267 etymologiis
1114 1170 1284 1243 hebraicis

256 1277 416 1350 indicare
431 1278 622 1350 videantur
635 1275 777 1346 lustino
790 1275 939 1346 minime
952 1273 1064 1346 luisse
1075 1275 1282 1350 familiarem
1340 1340 1341 1345 ,

258 1376 420 1478 linguam
439 1384 685 1456 Hebraeorum.

306 1487 407 1560 Nihil
416 1503 535 1560 tamen
551 1485 788 1564 celebriorem
797 1483 961 1560 effecitS.
971 1490 991 1556 J
993 1490 1279 1588 ustinum‚quan

260 1587 395 1688 duplex
404 1593 581 1691 Apologia
593 1615 660 1688 pro
671 1589 1068 1687 Christianis„quan1m
1082 1599 1197 1690 prior,
1209 1621 1279 1691 que

257 1701 496 1796 posteriorem
511 1699 633 1770 locum
647 1700 685 1768 in
700 1693 923 1768 editionibus
933 1713 1114 1792 occupat,
1129 1701 1201 1770 Tito
1209 1705 1275 1768 An·
1340 1728 1341 1769 l

260 1810 404 1894 tonino,
429 1809 607 1905 posterior
633 1825 720 1875 vero
747 1826 828 1899 quse
842 1805 1006 1899 priorem
1026 1819 1134 1876 tenet
1152 1807 1274 1894 locum²

259 1915 385 1983 Marco
400 1912 546 1983 Aurelio
569 1925 606 1982 et
621 1913 735 1980 Lucio
753 1912 850 1978 Vero
873 1906 993 1979 oblata
1006 1923 1082 1994 est;
1102 1911 1279 2008 inquibus

260 2015 548 2088 Christianorum
563 2014 763 2095 doctrinam
783 2027 820 2084 et
832 2037 952 2084 mores
966 2013 1014 2086 ab
1031 2017 1210 2090 omnibus
1226 2025 1280 2092 Pa·

259 2143 437 2217 ganorum
459 2120 611 2215 objectis
636 2117 809 2190 acerrime
831 2115 1002 2190 vindicat.
1028 2123 1183 2220 Scripsit
1201 2148 1279 2221 pre

259 2239 357 2296 terea
371 2253 379 2296 :
404 2236 435 2296 1⁰
452 2237 645 2297 tractatum
657 2223 702 2294 de
716 2224 947 2310 monarchae,
960 2228 1034 2296 sive
1047 2227 1091 2298 de
1102 2255 1183 2301 uno
1195 2236 1278 2314 Deo,

258 2333 322 2427 qui
341 2329 549 2405 dimidiatus
573 2329 827 2403 tantummodo
850 2347 1033 2430 superest;
1055 2343 1092 2404 2⁰
1112 2335 1280 2411 Parme
1340 2318 1341 2343 ¹

259 2441 364 2508 licum
382 2435 528 2523 librum,
546 2440 609 2533 qul
628 2457 742 2531 gl'aece
760 2451 838 2524 λογος
855 2471 1036 2526 capacissime
1057 2439 1207 2531 illelmi}
1226 2467 1281 2516 seli

261 2547 399 2643 potius,
410 2561 453 2618 ut
466 2544 657 2631 Eusebius,
672 2544 822 2620 Photius
836 2552 1153 2648 Hieronymusque
1167 2555 1281 2650 appel

261 2649 348 2739 lant,
367 2667 470 2741 eltpnoc
487 2686 552 2744 προς
568 2663 697 2734 Έλληνας,
718 2653 756 2724 ld
770 2667 839 2741 est,
855 2657 1029 2726 Inveclll’a
1046 2672 1163 2726 contra
1180 2660 1277 2726 Grae·

260 2781 335 2844 cos,
354 2787 429 2858 quo
446 2769 606 2858 Paganos
622 2763 755 2831 iterum
770 2761 943 2856 exagitem
966 2758 999 2830 3⁰
1016 2763 1221 2832 Orationem
1236 2763 1284 2831 od

258 2865 441 2959 Pagarum,
460 2889 534 2962 qua
546 2877 693 2935 mutatas
710 2868 790 2936 vitae
805 2867 980 2934 rationem
993 2887 1182 2960 exponere
1197 2867 1280 2940 vide

257 2983 336 3056 tur3
351 2977 386 3058 4ο
400 2963 596 3068 Epistolam
610 2971 663 3042 ad
672 2969 923 3068 Theognetwn,
942 2993 1023 3067 quae
1036 2993 1058 3040 a
1070 2971 1282 3066 quibusdam

258 3077 408 3173 rejecta,
425 3093 543 3150 tamen
563 3081 703 3150 Iustino
721 3091 841 3174 potest
859 3074 1067 3171 adjudicari.

304 3183 422 3254 Multa
441 3183 510 3254 alia
533 3205 677 3254 necnon
696 3186 840 3279 egregia
864 3179 1083 3270 confecerat,
1106 3209 1191 3280 quae
1209 3203 1287 3257 sum

257 3285 359 3386 lapsu
374 3305 582 3388 temporum
598 3286 805 3385 deperdita:
820 3288 956 3358 exstitit
968 3284 1061 3356 liber
1072 3291 1134 3358 cui
1148 3290 1286 3373 titulm,

258 3395 463 3483 Psalmitta,
489 3393 551 3465 lib.
577 3393 742 3476 adversus
770 3391 944 3476 Gentiles,
968 3391 1060 3463 alius
1083 3391 1132 3462 de
1150 3401 1286 3470 Nauem

259 3507 406 3588 ancorae,
420 3503 512 3575 alius
525 3501 691 3572 adversus
704 3505 884 3588 Haereses,
896 3499 988 3572 elius
1000 3515 1125 3570 contra
1134 3505 1287 3575 Marcio

259 3625 355 3689 nem,
368 3604 516 3678 aliosde
524 3605 750 3678 Providentia
762 3621 797 3678 et
806 3604 908 3692 Fide,
923 3609 1048 3676 Brevia
1061 3611 1291 3701 responsnorl

259 3707 425 3803 quaedam
438 3711 614 3807 dffcibo,
633 3717 816 3785 Tractatus
831 3717 1118 3809 contraprt'mum
1131 3728 1290 3786 etsecun-

172 3877 196 3894 .,
258 3811 345 3886 dum
358 3813 485 3888 librum
499 3817 663 3912 Rhysicce
676 3818 884 3892 Aristotelis.
904 3821 975 3911 Qui
988 3817 1138 3917 quidem
1155 3836 1289 3917 postte
