2688 4626
261 268 320 356 196
554 285 667 329 soseri
689 285 810 328 ιιιιιιι
834 283 988 328 ιιιιτιιιι

297 395 422 464 xxxi.
443 394 540 475 Quod
554 394 640 462 euim
662 395 706 460 ait
724 391 815 460 Plato
835 393 949 460 lovem
962 393 996 459 in
1017 391 1100 460 coelo
1122 393 1280 460 volucrem

253 529 385 575 currum
395 529 501 595 agere,
520 505 553 572 id
563 528 627 592 quo
641 502 703 570 alio
715 527 755 570 ex
765 503 852 570 sonte
863 501 987 578 didicit,
1006 503 1064 569 nisi
1083 503 1279 592 propheticas

252 617 360 707 legens
375 614 539 682 historias?
553 614 591 680 ld
611 613 756 703 proiecto
773 613 920 702 cognorit
940 635 979 678 ex
995 613 1044 678 his
1062 613 1230 703 Propheta
1244 615 1278 679 ds

254 727 429 794 Cherubim
444 724 536 797 dictis
547 747 555 789 ι
568 724 631 790 ιΕι
643 723 767 790 exirite
780 724 875 790 domo
885 719 985 812 gloria
996 723 1126 792 Domini
1136 737 1171 789 et
1180 745 1278 790 ascen

253 868 266 901 ι
282 838 329 903 dit
342 859 438 926 super
453 833 649 901 Cherubim:
663 845 696 898 et
714 831 916 900 elevaverunt
927 833 1105 900 Cherubim
1120 832 1188 899 alas
1201 857 1276 906 snas,

253 975 266 1009 ι
281 958 314 1012 et
332 957 408 1012 rotae
421 943 552 1010 cumeis
566 955 599 1008 et
613 941 712 1032 gloria
727 941 786 1008 Dei
802 941 899 1010 lsrael
914 957 983 1009 erat
999 967 1096 1034 super
1106 966 1161 1010 eos
1173 943 1277 1010 desur-

253 1077 352 1120 »sum
364 1053 386 1119 ¹.
402 1083 415 1116 ι
429 1051 508 1119 Inde
528 1053 677 1119 incitatus
697 1049 813 1118 voculis
832 1049 885 1117 ille
904 1050 994 1117 Plato
1014 1075 1140 1118 summu
1156 1075 1228 1118 cum
1244 1052 1277 1118 li-

253 1163 377 1229 bertate
395 1160 534 1228 clamat:
555 1159 710 1249 «Magnus
729 1159 761 1226 in
781 1157 863 1225 coelo
881 1159 1009 1249 Jupiter
1029 1159 1189 1228 volucrem
1207 1185 1275 1228 eur-

253 1303 266 1336 ι
283 1297 356 1340 rum
369 1295 476 1362 agens.
490 1300 504 1335 ι
520 1271 611 1336 Unde
623 1271 710 1336 enirn
721 1269 854 1338 edoctus
865 1270 935 1336 hnc
946 1271 1085 1360 scripsit,
1101 1271 1160 1336 uisi
1171 1271 1276 1340 abloss

252 1394 285 1451 et
298 1380 484 1472 propheticil
501 1379 591 1446 Unde
606 1390 738 1468 accepta
753 1378 920 1448 occasione
935 1377 1041 1444 Deum
1054 1379 1089 1444 in
1104 1379 1193 1468 ignea
1207 1381 1274 1444 sub·

250 1493 364 1560 stantia
385 1515 453 1558 esso
473 1489 574 1556 dixit?
594 1489 708 1557 Nonne
728 1511 768 1554 ex
787 1489 882 1555 tertio
904 1487 986 1556 libro
1007 1489 1206 1579 Regnorum,
1226 1491 1271 1556 ubi

252 1602 406 1691 scriptum
425 1611 493 1666 est:
514 1625 527 1660 ι
543 1598 615 1666 Non
633 1599 666 1664 in
687 1597 799 1686 spiritu
818 1598 973 1666 Dominus
996 1611 1029 1664 et
1049 1612 1123 1689 post
1141 1601 1271 1690 spiritum

251 1739 265 1772 ι
279 1707 452 1776 commotio
466 1731 475 1772 ι
497 1729 563 1773 uon
581 1706 615 1771 iu
631 1703 848 1772 commotione
864 1704 1033 1780 Dominus,
1052 1717 1085 1770 et
1105 1719 1180 1796 post
1195 1727 1271 1774 cun-

251 1848 264 1882 »
279 1818 453 1885 motionem
465 1816 544 1905 ignis
558 1839 567 1880 ι
585 1837 650 1880 non
664 1816 698 1882 in
713 1815 786 1905 igno
799 1813 968 1890 Dominus,
982 1825 1099 1904 etpost
1110 1816 1268 1904 ignemror

250 1953 362 1995 »aurae
378 1927 522 1996 tenuis²i¹
536 1926 629 1993 »Sed
643 1928 712 1994 hnc
726 1928 769 1994 ad
783 1925 934 1994 sublimes
949 1949 1059 1992 sensus
1073 1926 1177 1993 multa
1190 1929 1266 1994 mini

252 2040 454 2129 inquisitione
470 2061 489 2103 a
503 2037 562 2126 piis
577 2036 759 2103 hominibus
774 2036 963 2105 revoemda.
985 2036 1075 2103 Plato
1094 2051 1204 2104 autem
1218 2061 1267 2104 ιιι

252 2171 289 2215 eu
300 2171 361 2237 qua
375 2149 510 2214 decebat
521 2146 787 2236 contemplatione
799 2147 942 2214 euimum
953 2148 1136 2228 intendens,
1149 2149 1182 2216 in
1190 2149 1268 2240 ἱιςιιιι

251 2257 429 2324 substantia
445 2257 549 2323 Deum
563 2279 631 2322 esse
647 2257 735 2323 dixit.

294 2365 437 2433 XXXII.
457 2365 554 2445 Quod
573 2367 598 2432 si
618 2365 687 2454 quis
705 2378 738 2431 at
757 2365 797 2432 de
813 2366 899 2432 dono
913 2389 1039 2434 sursum
1058 2389 1076 2432 a
1094 2367 1154 2434 Deo
1166 2367 1196 2432 iu
1208 2365 1261 2432 ho

252 2475 353 2542 mines
376 2487 502 2540 sanctos
526 2473 707 2551 delabente,
730 2475 818 2564 quod
839 2475 919 2542 sacri
941 2475 1110 2565 Pmphetae
1131 2475 1266 2566 Spiritum

251 2594 400 2650 sanctum
414 2580 587 2671 appellunt,
603 2582 759 2648 rationem
777 2595 925 2650 accurate
942 2583 1021 2649 inire
1036 2583 1129 2658 velit;
1149 2583 1269 2674 reperiet

253 2692 333 2760 illud
347 2715 476 2782 quoque
494 2715 513 2758 a
528 2690 660 2758 Platone
674 2693 707 2758 in
722 2692 857 2761 Menoue
876 2694 934 2760 sub
950 2691 1011 2760 ulio
1026 2693 1158 2760 nomine
1171 2693 1268 2784 pradi-

251 2814 369 2870 catum.
388 2800 515 2869 Veritus
529 2801 617 2868 onim
634 2801 694 2867 Dei
714 2801 835 2868 donum
849 2801 1007 2891 appellare
1022 2803 1182 2892 Spiritum
1195 2826 1270 2870 sanc-

1 2969 2 3016 ,
110 2997 114 3002 ,
250 2922 332 2986 tum,
350 2933 404 2985 ne,
423 2909 656 3000 Prophetarum
670 2910 847 2976 doctrinam
860 2934 1007 2998 sequens,
1023 2912 1156 2978 inimico
1170 2914 1270 2978 esseio

251 3017 379 3084 Graecos
399 3018 505 3083 animo
527 3017 705 3092 videretur3
730 3041 855 3084 sursum
876 3019 1005 3108 quidem
1025 3019 1148 3087 latetur
1169 3021 1267 3088 illuda

250 3127 318 3193 Deo
339 3123 455 3200 dolabi,
477 3148 542 3192 non
564 3138 670 3192 tamen
692 3125 847 3216 Spiritum
870 3139 1029 3204 sanctum,
1053 3130 1109 3194 sed
1136 3132 1272 3196 virtuuu

249 3233 474 3326 appellandum
494 3257 562 3300 esse
581 3235 715 3300 censuit.
738 3235 776 3300 ln
795 3233 849 3300 illo
869 3236 954 3301 enim
977 3235 1015 3300 de
1036 3236 1274 3305 Remiuisneutis

251 3367 327 3412 cum
340 3342 475 3410 Menoue
492 3342 630 3432 dialogo,
642 3354 812 3433 postquam
826 3341 926 3406 multa
942 3343 1085 3431 quesivit
1099 3345 1141 3410 de
1156 3345 1274 3418 virtute,

251 3465 359 3519 utrum
374 3453 482 3520 doceri
497 3453 609 3541 possit,
626 3474 667 3516 an
683 3473 749 3518 non
766 3450 923 3526 doctriua,
940 3450 995 3516 sed
1011 3475 1070 3516 usu
1086 3465 1119 3518 et
1135 3456 1276 3521 exercita·

249 3562 336 3626 tione
351 3573 565 3651 comparetur,
583 3559 631 3626 rel
647 3572 756 3626 utrum
767 3582 828 3631 nec
839 3560 984 3628 doctrina
998 3583 1059 3626 nec
1072 3585 1147 3640 usn,
1165 3563 1220 3630 sed
1231 3585 1277 3628 na·

252 3679 322 3734 tura
342 3668 525 3735 homiuibus
545 3669 681 3746 eveniat,
705 3667 754 3736 vel
775 3668 836 3738 alio
857 3669 995 3759 quodam
1014 3671 1112 3738 modo
1119 3696 1129 3745 t
1156 3673 1277 3740 tandem

250 3777 385 3843 totidem
405 3779 508 3846 verbis
529 3780 576 3846 sic
601 3781 809 3868 pronuntiat:
837 3781 956 3850 «Nunc
981 3793 1088 3848 autem
1110 3784 1136 3850 si
1164 3784 1199 3850 in
1222 3785 1278 3851 hoe

283 3901 393 3952 ¹Eauch.
408 3917 442 3962 ιι,
455 3919 492 3952 ιι.
503 3929 534 3942 -
543 3902 554 3936 ²
564 3904 578 3952 3
589 3905 652 3972 bag.
663 3923 713 3966 ιιι,
727 3923 766 3956 ιι.
