2648 4598
305 235 314 280 t
329 225 363 281 18
710 243 916 284 arausicana

299 348 408 411 mortis
424 359 543 412 metum
559 347 666 420 babet,
685 368 744 410 nec
760 344 909 422 vulneris,
928 371 985 411 nec
999 347 1152 413 abscessionis
1164 375 1218 414 nan·

299 456 443 526 brorum,
460 473 520 516 nec
532 451 637 515 darnni
653 463 707 515 aut
719 465 924 517 cruentorum
937 455 1094 527 verberam,
1107 477 1150 521 nec
1159 459 1217 521 onia

300 559 457 646 ejusmodi
469 560 563 624 rebus
576 557 692 624 doloris
702 570 734 624 et
744 583 783 623 ex
795 559 903 626 dolore
915 561 1057 627 miserie?
1066 565 1218 648 quomdam-

299 668 463 734 tinentiam
473 678 505 731 et
518 669 770 756 temperantiam,
787 667 959 734 audacem
974 669 1119 758 cupiditate
1130 671 1217 735 adtbn
1254 712 1256 771 p

300 789 353 842 aut
371 777 489 842 coitum
509 789 562 840 ant
581 775 655 840 alias
676 775 850 865 voluptates
868 791 901 843 et
920 777 1122 844 oblectationes
1135 779 1212 841 trahens

300 908 360 950 nec
378 883 438 949 uIIa
459 907 491 948 re
510 883 570 949 alia
590 896 644 948 ant
660 886 848 951 intrinsecus
864 888 1073 974 perturbante,
1090 895 1132 950 aut
1144 887 1218 950 enine

302 1018 358 1058 cus
384 991 588 1057 stimulante?
612 993 770 1080 quomodo
796 994 1011 1082 prudentiam,
1031 1018 1087 1058 non
1104 993 1218 1077 sabjectis
1254 1069 1256 1100 k

301 1103 429 1192 agendis
445 1103 539 1167 rebus
550 1113 606 1167 aut
621 1127 684 1168 non
695 1103 834 1192 agendis,
853 1102 1004 1193 eligendis
1015 1101 1216 1188 autfugiendsae
1255 1103 1256 1136 I

204 1249 209 1258 ·
301 1209 365 1276 uIIa
376 1211 505 1276 omnino
516 1211 606 1275 insita
619 1210 648 1275 ei
665 1211 803 1276 motione
815 1225 871 1276 aut
881 1211 1016 1276 naturali
1028 1209 1063 1274 ad
1076 1205 1218 1295 aliquidbria

302 1321 378 1384 daim
397 1319 539 1408 impetu?
559 1318 729 1397 Quomodo
747 1333 853 1384 antem
873 1321 1036 1384 animabus
1052 1318 1151 1382 omnino
1164 1313 1217 1400 justiti

303 1439 455 1518 congruat
467 1426 514 1492 vel
525 1451 598 1516 erga
611 1451 643 1492 se
655 1427 803 1503 invicem,
818 1426 868 1492 vel
879 1451 954 1516 erga
966 1427 1051 1491 aliud
1061 1425 1178 1513 quidquam
1184 1421 1217 1500 eia

304 1539 376 1602 dem
395 1550 448 1602 aut
463 1537 575 1601 diversi
595 1539 728 1625 generis,
752 1561 826 1602 cum
842 1561 906 1602 non
924 1538 1059 1602 babeant
1073 1531 1217 1600 neemiam

304 1672 360 1736 per
374 1674 456 1736 que,
473 1670 532 1712 nec
548 1649 708 1734 quomodo
723 1649 916 1736 promeritis
931 1661 989 1712 aut
1004 1671 1059 1735 pro
1072 1635 1217 1724 raicampas·

304 1769 367 1820 totc
385 1779 472 1844 aequa
493 1755 695 1830 distribuant,
715 1768 845 1844 excepta
865 1755 923 1819 Dei
943 1752 1107 1820 reverentia
1120 1747 1216 1812 aasn-
1255 1807 1256 1816 ,

305 1866 405 1937 tione;
432 1887 469 1928 ac
490 1875 641 1952 preterea
664 1887 725 1928 nec
747 1864 900 1952 impetum
922 1875 980 1927 aut
1002 1862 1143 1928 motionem
1156 1853 1215 1918 aton

306 1973 345 2036 ad
366 1995 457 2036 usum
475 1971 675 2060 propriarum
690 1991 797 2036 rerum
814 1981 846 2034 et
860 1971 1081 2035 abstinentiam
1093 1965 1200 2029 alienatae.
1210 1955 1219 2013 I

307 2081 434 2166 quidem
448 2103 521 2142 usus
537 2101 647 2142 eorum
663 2102 731 2165 quae
748 2087 820 2142 sunt
836 2077 1015 2143 secundum
1026 2063 1218 2144 numanatis·

308 2189 451 2259 tinentia,
471 2188 503 2252 in
523 2187 559 2252 iis
577 2199 737 2274 spectatur
757 2187 809 2274 qui
829 2187 870 2251 ita
891 2187 954 2250 nati
979 2197 1054 2250 sunt
1073 2195 1102 2248 ut
1113 2170 1214 2268 paranti

306 2299 409 2362 anima
429 2309 536 2361 autem
556 2320 617 2362 nec
637 2295 698 2361 ulla
719 2321 752 2360 re
771 2307 854 2385 eget,
878 2317 938 2360 noc
956 2295 1003 2360 ita
1023 2287 1216 2381 companattt

308 2407 356 2472 his
371 2417 426 2470 aut
440 2404 500 2470 iIIis
517 2407 561 2469 uti
577 2406 688 2496 possit,
705 2429 743 2470 ao
757 2416 922 2492 propterea
938 2427 979 2467 ne
996 2403 1048 2468 illa
1062 2382 1222 2488 quiquttffi·
1255 2373 1257 2506 Ι

308 2515 390 2580 citur
410 2515 536 2604 propria
558 2513 694 2602 partium
715 2511 893 2600 perfunctio
914 2511 946 2576 in
967 2512 1072 2577 anima
1092 2509 1126 2573 sic
1140 2495 1220 2567 aian

309 2625 438 2712 reperiri
453 2623 579 2714 potest?

352 2733 475 2798 XXIII.
500 2731 603 2819 Atque
625 2729 702 2796 iIIud
721 2733 848 2820 quidem
867 2735 1011 2798 omnium
1028 2732 1142 2800 maxime
1154 2715 1225 2784 aaut·

309 2839 447 2906 alienum
459 2851 517 2916 est,
532 2839 665 2905 sancitas
677 2841 805 2929 quidem
818 2840 899 2929 leges
912 2841 1093 2907 conformia
1104 2817 1227 2902 noaret·
1255 2809 1257 2902 I

311 2963 438 3014 servatae
454 2962 559 3014 autem
575 2963 629 3014 aut
647 2948 768 3015 violatae
783 2949 858 3039 legis
873 2951 1053 3017 mercedem
1067 2951 1096 3013 in
1110 2939 1225 3010 salawa

311 3059 452 3123 ammas?
469 3058 549 3124 Nam
565 3060 590 3124 si
606 3059 658 3146 qni
678 3058 761 3148 leges
781 3062 910 3148 recepit,
931 3063 957 3125 is
972 3062 1065 3125 ctiam
1082 3035 1228 3146 meritoadt
1255 3095 1257 3144 p

312 3167 388 3256 legis
402 3190 529 3256 poenam
546 3169 697 3256 recipiat:
719 3167 802 3257 leges
818 3181 924 3234 autem
935 3171 1054 3258 recepit
1065 3163 1227 3233 homanum

313 3297 363 3339 ma
384 3299 440 3364 per
459 3300 492 3340 so
510 3277 592 3363 ipsa;
615 3275 778 3341 bominem
796 3277 889 3341 etiam
910 3289 1033 3365 oportet
1052 3269 1227 3365 penaunce

311 3410 386 3450 nana
405 3387 570 3460 sustinere,
589 3411 652 3451 non
672 3387 808 3452 animam
827 3411 884 3476 per
903 3389 1057 3476 seipsam:
1078 3385 1100 3448 si
1117 3373 1201 3468 quiden
1210 3377 1233 3421 a·
1254 3386 1257 3525 p

315 3495 477 3558 animabus
495 3495 644 3582 pracepit
662 3493 746 3560 Deus
769 3507 802 3558 ut
819 3496 996 3561 abstineant
1016 3497 1103 3560 rebus
1121 3485 1152 3551 ad
1165 3467 1231 3543 eada

312 3602 532 3677 attinentibus,
549 3602 634 3667 velut
650 3603 815 3680 adulterio,
835 3605 932 3679 caede,
949 3604 1045 3679 furto,
1061 3599 1158 3687 rapina.
1171 3585 1231 3696 igssf‘ss'

312 3709 366 3771 nia
389 3711 420 3773 in
439 3723 597 3798 parentes,
620 3737 657 3778 ae
676 3713 761 3777 omni
780 3715 953 3800 generatim
973 3707 1234 3800 cupidinearum·

1183 3847 1188 3868 ‚
1198 3787 1235 3850 adt

315 3819 395 3878 riam
413 3828 445 3881 et
464 3820 612 3882 damnum
629 3820 771 3906 proximo
792 3821 894 3885 insert.
917 3821 1024 3907 Neque
1040 3817 1114 3883 enim
1127 3799 1181 3873 IIInd

1255 3980 1257 4013 I
