2640 4622
289 261 438 306 nlsuocus
457 238 521 306 'cuu
545 263 707 306 rnuruonn
729 264 842 306 sunno.
1013 237 1074 322 575
1101 311 1106 319 ¹

97 363 220 430 Deinde
231 365 581 453 vero,inquam,Deum
588 365 767 452 promisisse
782 385 900 430 novum
912 373 1077 426 testamen-

35 483 125 536 cum
141 494 159 536 n
177 495 210 538 se
231 473 411 538 institutum
428 475 466 538 iri
483 485 597 560 praeter
617 471 696 536 illud
712 471 798 559 quod
813 472 845 536 in
866 482 974 534 moute
990 469 1076 536 Orob

35 579 178 645 editum
189 594 249 655 est,
262 603 303 646 nn
315 605 379 646 non
392 578 534 646 similiter
546 580 715 669 Scripturae
725 578 958 667 praedixerunt?

99 688 139 752 ld
152 711 279 775 quoque
295 690 481 777 praedictum
496 688 590 753 inisse
605 689 774 775 respondit.

99 793 185 858 Tum
197 819 271 883 ergo
286 819 411 862 rursum
426 819 434 860 :
448 795 545 862 Vetus
557 793 804 868 Testamentum,
816 796 958 884 inquom,
970 815 1077 860 nonne

43 903 201 990 patribus
216 905 324 970 vestris
340 927 414 970 cum
428 915 561 972 metuet
579 915 716 970 tremore
732 903 888 972 sancitum
904 915 964 978 est,
982 904 1026 968 itu
1042 913 1081 966 ut

44 1011 162 1080 Deum
177 1034 218 1076 ue
232 1011 340 1076 nudiro
355 1013 482 1100 quidem
498 1012 646 1099 possent?

101 1117 271 1182 Confessus
286 1132 332 1182 est
349 1118 410 1184 ille.

100 1220 167 1285 Cur
186 1223 294 1310 igitur,
317 1223 457 1309 inquom,
483 1221 568 1288 aliud
588 1233 811 1288 testamentum
832 1221 916 1290 Deus
935 1221 1076 1286 futurum

47 1328 199 1416 promisit
205 1353 214 1400 ;
239 1352 299 1394 nec
314 1341 349 1394 ut
363 1331 448 1398 istud
463 1332 641 1396 institutum
656 1330 774 1403 lueret,
792 1329 848 1392 sed
862 1327 930 1393 sine
943 1341 1032 1394 motu
1044 1340 1077 1391 ot

49 1447 193 1500 tremore
204 1447 235 1500 ot
247 1435 422 1524 fulguribus
433 1438 611 1502 institutum
623 1436 660 1502 iri
672 1435 762 1509 dixit,
773 1448 806 1500 et
816 1434 878 1505 ute
889 1447 924 1498 ut
936 1435 1080 1500 demons-

47 1555 115 1606 tret
123 1543 283 1630 quodnam
291 1557 496 1632 praeceptum,
506 1546 570 1610 siro
581 1567 661 1632 opus
671 1555 824 1610 oeternum
832 1555 865 1608 et
877 1543 963 1608 omni
972 1544 1081 1630 generi

46 1653 247 1716 conveniens
266 1652 389 1738 judicet
408 1652 508 1725 Deus3
535 1653 695 1738 quodnam
714 1663 821 1715 eutem
839 1651 1080 1720 accommodate

46 1759 92 1821 nd
114 1758 260 1822 duritiem
280 1757 384 1822 cordis
402 1757 510 1844 populi
525 1759 631 1834 vestri,
647 1759 915 1844 quemadmodum
932 1781 988 1844 per
1003 1757 1079 1826 Pro·

46 1864 167 1952 phetas
182 1861 311 1936 clamat,
325 1863 543 1930 mundaverit?

98 1969 136 2032 ld
151 1990 279 2054 quoque
287 1969 443 2046 assentiri,
456 1969 571 2056 inquit,
585 1971 714 2038 omnino
725 1992 854 2038 necesse
864 1983 912 2040 cst
923 1984 1079 2058 quotquot

51 2075 194 2140 veritatis
210 2087 376 2151 amotores,
393 2099 457 2148 uon
473 2077 682 2143 contentionis
697 2075 803 2162 cupidi
819 2076 945 2145 luerint.

98 2181 160 2246 llic
177 2203 257 2268 ego:
280 2181 350 2247 Non
366 2183 468 2259 video,
486 2185 627 2270 inquam,
642 2183 802 2269 quomodo
817 2183 985 2250 nonnullos
999 2208 1078 2256 cou-

51 2289 202 2354 tentionis
217 2289 348 2376 cupidos
364 2289 536 2378 appellens,
555 2291 620 2380 ipse
636 2292 720 2358 idem
737 2314 818 2380 stepo
834 2293 915 2359 visus
931 2293 971 2358 sis
988 2317 1077 2360 eom-

51 2397 196 2469 mittem
219 2397 335 2484 quippe
355 2398 408 2485 qui
429 2419 511 2484 saepe
530 2409 638 2466 contre
654 2421 691 2462 ea
706 2383 820 2466 dixeris
839 2423 909 2486 quae
931 2423 1078 2468 assensus

53 2501 167 2564 sueres.

98 2605 240 2672 LXVlll.
261 2606 346 2674 Tum
359 2607 509 2698 Trypho:
532 2609 613 2676 Rem
627 2610 713 2678 onim
728 2610 947 2678 incredibilem
962 2633 1001 2681 ao
1014 2613 1075 2676 im-

51 2712 231 2801 possibilem
244 2716 474 2802 propemodum
490 2715 705 2784 demonstrare
716 2716 853 2792 conaris,
869 2717 974 2785 Deum
988 2721 1076 2786 nasei

50 2831 85 2884 et
98 2821 259 2886 hominem
274 2821 342 2886 fieri
359 2844 422 2885 non
438 2821 642 2908 dedignatum
658 2843 736 2885 esse.

96 2927 199 3014 Atque
213 2926 246 2990 id
260 2927 402 3014 quidem,
419 2928 560 3013 inquam,
576 2929 601 2991 si
617 2927 763 2994 humenis
776 2929 930 2998 doctrinis
943 2945 976 2996 et
986 2955 1075 3022 nigu-

53 3034 359 3122 mentisaggrederor
369 3033 599 3108 demonstrares
613 3057 677 3100 nou
688 3041 1077 3122 aequumossetutmeser-

56 3141 140 3220 retis,
160 3139 193 3202 Si
208 3163 281 3206 vero
295 3140 485 3226 Scripturas,
502 3163 617 3226 easque
629 3154 694 3208 um
705 3143 820 3212 multus
836 3145 869 3210 iu
879 3145 964 3214 banc
978 3148 1077 3216 dictos

56 3246 255 3321 sententiam,
271 3269 309 3311 ec
321 3270 401 3334 saepe
415 3249 541 3316 eusdem
552 3249 702 3332 reserens,
719 3274 796 3340 rogo
808 3265 906 3318 utens
918 3255 1075 3346 intelliga-

55 3353 118 3424 tis,·¹
128 3351 224 3415 corde
239 3351 280 3414 ed
295 3353 547 3439 cognoscendam
560 3355 618 3419 Dei
634 3356 820 3423 sententiam
832 3382 870 3425 ec
881 3360 1075 3432 voluntatem

55 3457 256 3524 obduruistis.
276 3457 371 3536 Quod
386 3458 411 3521 si
426 3481 549 3546 semper
562 3460 658 3524 iidem
672 3483 860 3548 permanere
874 3465 978 3544 vultis,
992 3473 1078 3557 equi-

55 3569 126 3636 dem
140 3566 213 3634 inde
234 3563 313 3632 nibil
328 3563 436 3642 laedar,
462 3567 518 3634 sed
531 3568 642 3635 endem
662 3591 787 3659 semper
801 3572 924 3642 babens
937 3599 975 3642 nc
991 3592 1077 3647 anto.

55 3696 146 3758 quam
161 3672 325 3738 vobiscum
341 3673 562 3761 congrederer,
578 3697 595 3740 o
611 3676 699 3743 vobis
713 3677 883 3747 discedam.

97 3781 155 3846 llie
168 3780 298 3870 Trypho
312 3805 320 3845 :
338 3779 429 3857 Vide,
442 3781 683 3870 inquit,emice‚
699 3809 764 3854 non
775 3788 842 3856 siue
853 3791 954 3860 multo
965 3793 1072 3864 lubere
