2636 4648
230 301 293 382 554
552 327 663 374 saacrr
684 327 799 372 ιιιιιιιι
823 327 885 372 ιιι.
908 328 942 370 ιι

231 435 382 524 quonium
404 457 479 502 cum
502 457 616 526 magna
638 435 827 512 humilitate,
853 439 920 504 siue
942 434 1112 504 extollentis
1129 451 1155 503 ot
1171 440 1216 504 ιίιι

231 542 396 633 jactantia,
419 543 652 634 exomologesin
675 545 778 613 eidem
801 547 870 613 Deo
892 547 1038 615 faciebat.
1063 548 1099 611 Et
1117 547 1218 613 doorm

229 665 336 720 autem
352 651 490 720 liliorum
504 653 667 743 parabola,
686 677 798 720 eorum
818 655 872 744 qui
890 655 923 721 in
940 654 1065 720 vineam
1079 656 1218 728 mittuntur,

229 787 366 854 quorum
385 761 464 842 alter¹
480 763 610 851 quidem
629 764 820 831 contradixit
838 766 934 855 patri,
954 776 989 830 et
1007 775 1110 854 postea
1126 765 1220 854 punite

229 883 294 949 tur,
312 870 440 962 quaudo
453 869 531 937 nihil
550 871 670 959 profuit
688 871 717 936 ei
733 873 935 960 poenit-entim
955 871 1038 938 alter
1051 884 1145 937 eutem
1156 871 1220 960 polli-

230 982 312 1049 citus
331 992 379 1048 est
392 981 493 1058 abiro,
515 979 621 1046 statim
637 981 825 1068 promittens
845 982 941 1070 patri,
964 1004 1031 1046 uon
1046 981 1220 1047 abiitsuteu¹

231 1090 616 1181 (quoniamomnialtomo
624 1089 799 1167 meadrac²5
808 1101 841 1156 et
849 1089 927 1156 velle
936 1089 1069 1179 quidem
1076 1091 1105 1155 iu
1112 1103 1222 1178 promptu

227 1195 363 1290 adjacet,
383 1223 450 1267 non
466 1200 587 1267 invenit
600 1215 707 1266 autem
724 1199 898 1290 perficere⁸
909 1203 938 1290 ),
958 1223 1063 1267 unum
1073 1213 1104 1266 et
1112 1200 1221 1266 eumden

101 1319 102 1324 ’
227 1309 365 1378 ostendit
383 1309 521 1376 Patrem.
543 1307 608 1376 Sed
622 1321 654 1376 et
669 1309 793 1376 arboris
811 1309 864 1378 lici
878 1309 1047 1400 parabola,
1067 1310 1105 1377 de
1118 1333 1167 1398 qua
1178 1309 1222 1374 Do-

225 1421 330 1488 minus
343 1421 410 1486 ait:
430 1421 551 1496 «Ecce,
567 1419 634 1510 jam
647 1419 820 1487 triennium
840 1421 933 1486 venio
954 1443 1101 1508 quaerens
1119 1418 1221 1485 trun

225 1561 237 1596 ι
253 1531 285 1598 in
305 1531 366 1598 hac
384 1531 497 1597 arbore
513 1529 579 1605 lici,
597 1541 631 1595 et
650 1551 714 1598 non
730 1528 892 1604 invenio‘3
906 1559 920 1592 r
935 1554 1001 1621 ,per
1018 1527 1222 1620 prophetasad

224 1651 354 1708 ventum
372 1662 465 1706 suum
484 1637 678 1730 significans,
696 1663 753 1728 per
767 1661 846 1728 quos
865 1638 951 1705 venit
969 1637 1133 1728 aliquoties
1144 1638 1222 1724 etqui

226 1771 299 1815 reus
326 1747 453 1839 justitiae
478 1745 619 1814 fructum
641 1749 682 1814 eb
708 1747 766 1824 eis,
790 1771 886 1836 quem
909 1771 976 1814 non
999 1748 1128 1824 invenit,
1147 1757 1224 1836 aperte

223 1855 447 1940 manifestavit,
465 1867 497 1922 et
511 1855 660 1944 quoniam
676 1855 840 1921 excidetur
855 1857 952 1923 arbor
967 1856 1024 1925 lici
1039 1869 1158 1947 propter
1168 1877 1223 1944 pra·

225 1966 345 2034 dictam
364 1988 501 2032 causam.
516 1965 557 2030 Et
573 1964 640 2032 sine
654 1963 805 2053 parabola
822 1977 930 2032 autem
946 1965 1077 2032 dicebat
1093 1967 1130 2032 ad
1144 1966 1224 2032 idun·

224 2075 322 2143 salem
339 2075 514 2142 Dominus:
539 2073 772 2152 «Hierusalem,
790 2074 1005 2152 Hierusalem,
1021 2100 1092 2165 quae
1106 2075 1225 2143 interficis

222 2183 435 2274 »Prophetae
452 2197 484 2250 et
499 2183 618 2272 lapidos
633 2205 687 2250 eos
702 2184 755 2272 qui
772 2185 942 2251 mittuntur
953 2184 996 2251 ad
1009 2195 1055 2263 te,
1071 2187 1179 2274 quoties
1189 2207 1224 2248 to

223 2323 236 2358 a
251 2292 294 2360 lui
310 2292 459 2384 colligere
474 2291 555 2360 lilios
571 2306 654 2369 tuos,
674 2294 756 2360 sicut
770 2294 884 2384 gallina
899 2293 1006 2386 pullos
1021 2319 1096 2362 suos
1110 2297 1160 2362 sut
1169 2292 1222 2366 etas,

221 2432 235 2466 a
248 2415 280 2470 et
290 2400 439 2470 noluistii'
448 2403 547 2478 Ecce,
558 2402 730 2469 remittitur
741 2403 828 2470 vobis
839 2404 953 2470 domus
964 2416 1069 2472 vestre
1081 2401 1218 2471 deserui»

222 2513 318 2594 Quod
327 2513 412 2580 euim
425 2535 482 2602 per
492 2510 677 2602 parabolam
688 2513 810 2580 dictum
821 2514 940 2580 luerat:
954 2515 1072 2592 «Ecce,
1086 2513 1222 2580 triennium

221 2625 341 2692 »renio
352 2647 495 2713 quaerens
506 2623 665 2698 fructum·
680 2654 692 2689 a
714 2635 747 2691 et
761 2623 949 2691 manifeste'
941 2638 1084 2692 iterum:
1100 2622 1263 2703 «Quoties

220 2733 333 2800 ‚volui
355 2731 503 2823 colligere
523 2731 605 2800 lilios
626 2746 713 2808 tuost
727 2763 740 2798 a
762 2734 787 2800 si
806 2757 871 2800 uon
891 2733 988 2824 hujus
1011 2731 1262 2858 adveutqu

221 2866 279 2932 per
295 2843 469 2932 Prophetes
483 2855 532 2908 est
546 2841 769 2932 intelligamus,
781 2843 841 2908 erit
852 2842 1081 2910 mendacium:
1101 2813 1262 2930 siquiden

218 2951 329 3028 semel,
346 2964 378 3018 et
392 2964 470 3018 tunc
488 2952 640 3042 primum,
657 2952 742 3018 venit
757 2951 798 3016 ad
814 2973 878 3018 eos
899 2951 963 3018 Sed
979 2975 1132 3042 quomam
1145 2949 1223 3016 etla

217 3061 370 3128 triarchas
385 3084 440 3150 qm
431 3059 562 3151 elegit,
580 3072 612 3126 et
629 3083 699 3136 uos,
721 3059 806 3126 idem
822 3071 871 3126 est
887 3059 1032 3127 Verbum
1048 3061 1121 3136 Dei,
1136 3041 1261 3124 atillos

216 3197 343 3264 semper
358 3173 484 3240 visitans
500 3195 557 3262 per
571 3172 794 3264 propheticum
810 3171 977 3262 Spiritum,
998 3185 1032 3238 et
1048 3196 1106 3238 nos
1122 3171 1224 3260 quiue

215 3285 311 3373 dique
327 3283 491 3351 convocati
506 3306 628 3359 sumus,
645 3305 810 3371 persuum
824 3283 1008 3358 adventum,
1021 3306 1118 3373 super
1132 3304 1163 3346 ea
1174 3301 1224 3368 qur

216 3391 397 3468 dictasunt,
415 3413 488 3456 vere
498 3390 566 3457 haec
578 3391 704 3456 dicebat
718 3413 726 3456 ι
746 3387 859 3456 :Multi
873 3391 914 3456 ab
928 3389 1060 3456 Oriente
1077 3401 1110 3456 et
1123 3389 1224 3455 Occasu

215 3529 228 3561 s
243 3501 381 3578 venient,
398 3514 431 3568 ct
446 3501 634 3568 recumbent
648 3523 722 3584 cum
734 3501 908 3578 Abraham,
925 3513 956 3568 et
967 3503 1070 3577 Isaac,
1087 3511 1118 3568 et
1131 3497 1221 3568 tant.
1258 3479 1259 3486 ἵ

214 3611 274 3676 »in
298 3633 396 3701 regno
419 3610 583 3680 ooelorum.
603 3601 675 3678 'Filii
694 3625 802 3678 autem
821 3611 921 3702 Regni
940 3613 1034 3679 ibunt
1053 3613 1086 3679 in
1103 3610 1223 3678 tenebre

214 3749 228 3783 a
243 3721 413 3788 exteriores
419 3745 428 3794 ι
448 3720 512 3789 illic
523 3723 583 3788 erit
594 3719 687 3789 lletus
702 3735 734 3790 et
749 3722 866 3789 stridor
882 3722 1024 3788 dentium
1034 3722 1058 3788 ⁸.
1074 3752 1088 3785 ι
1103 3720 1135 3788 Si
1149 3720 1222 3809 igitur

244 3871 252 3904 ¹
264 3871 353 3920 Mattio.
369 3887 420 3932 ιιι,
436 3875 465 3922 ι8
477 3883 503 3922 rt
512 3890 583 3940 seqq.
592 3875 640 3912 -2
650 3876 715 3926 Psal.
728 3893 784 3936 cxv,
796 3893 819 3926 a.
828 3875 865 3914 „t
875 3877 948 3925 llam.
960 3893 1004 3933 ιιι,
1019 3876 1053 3924 ιθ.
1062 3875 1103 3914 -4
1116 3875 1169 3923 lor.
1180 3889 1219 3929 nu,

210 3957 469 4022 tetseqq.-⁵1tid.
487 3959 515 4016 54
526 3967 550 4007 rt
560 3975 630 4025 seqq.
646 3961 736 4010 Mattio.
751 3979 821 4022 ιιιιι,
832 3962 871 4027 37.
883 3990 912 4000 -
925 3961 1033 4010 ‘Mattio
1048 3979 1103 4020 ιιιι,
1118 3977 1152 4020 ιι,
1164 3975 1194 4006 ιι.
