2684 4638
322 263 385 338 ion
645 283 761 331 sanem
785 283 902 334 aaaaar
926 287 990 330 are.
1017 285 1042 330 ιι

321 392 472 484 qnoniam
488 392 686 462 materialem
701 393 822 462 habent
837 394 1064 470 substantiam,
1078 391 1108 458 in
1120 393 1245 460 mata'anr

321 503 422 572 soluta
439 503 551 570 ardere
570 503 612 568 ab
626 525 666 569 ao
680 503 735 590 qui
751 502 784 568 in
798 525 835 568 ea
850 513 902 569 est
914 503 1009 593 ignis.
1030 501 1156 588 Corpore
1169 512 1232 564 auten
1238 507 1246 562 1·

321 635 431 680 sorum
449 623 614 700 corrupto,
635 623 668 678 et
685 613 790 678 anima
811 623 1002 678 remanente
1026 611 1059 676 in
1077 609 1216 683 medietas,
1228 611 1247 673 i:

320 723 387 813 jam
402 720 592 812 relinquitur
604 743 645 786 ex
658 720 789 786 homino
801 721 890 808 quod
905 721 990 788 intra
1007 719 1143 787 Pleroma
1152 700 1261 794 oebtiei

322 855 375 898 sus
389 833 476 897 enim
487 830 639 906 hominis,
656 853 760 907 mens,
776 843 808 896 et
820 833 987 920 cogitatio,
999 843 1034 896 et
1045 831 1165 898 intentio
1176 812 1262 892 nantis*

321 965 359 1008 ea
380 963 452 1029 quaa
473 953 548 1006 sunt
569 939 768 1028 hujusmodi,
793 959 859 1006 non
880 937 968 1006 aliud
990 939 1072 1029 qnid
1092 935 1256 1028 prosternit

321 1060 410 1122 sunt;
429 1049 486 1118 aad
503 1047 601 1137 ipsius
616 1047 730 1114 animae
745 1059 864 1124 motus,
879 1061 913 1114 et
927 1050 1140 1139 operationes,
1153 1041 1256 1110 nullane

322 1161 426 1228 anima
441 1159 595 1226 habentes
609 1158 829 1226 substantiam.
855 1159 942 1239 Qnid
957 1181 1040 1250 ergo
1053 1157 1152 1224 adhue
1163 1155 1207 1222 erit
1217 1175 1257 1216 aa:

322 1269 410 1358 qnod
426 1269 570 1338 succedit
586 1269 620 1336 in
636 1267 804 1334 Pleroma?
822 1270 863 1334 Et
879 1270 937 1359 ipsi
952 1271 1059 1347 enim,
1077 1270 1109 1334 in
1121 1275 1231 1356 quantun
1238 1285 1253 1347 q.

323 1377 397 1445 dem
411 1379 525 1446 animae
541 1389 628 1454 aunt,
649 1389 816 1444 remanent
831 1377 863 1444 in
877 1378 1071 1453 medietatea
1091 1377 1121 1443 in
1135 1385 1251 1464 quannnz

322 1497 388 1556 tem
406 1509 536 1576 eorpus,
552 1509 628 1555 eam
643 1485 762 1576 reliqna
779 1487 910 1554 materia
926 1488 1101 1556 ardebunt.

791 1631 814 1725 s
837 1631 894 1702 1v.
922 1657 923 1662 ¹

727 1789 768 1834 ott
785 1787 953 1832 atlantea.

373 1921 409 1970 10
427 1901 564 1970 Animae
580 1921 654 1968 non
673 1898 830 1994 migrant
848 1895 894 1969 de
910 1917 1070 1994 corpore
1089 1896 1126 1966 in
1143 1892 1242 1983 corpus'·

363 2027 413 2096 De
429 2052 562 2119 corpore
582 2043 690 2100 antem
705 2030 738 2098 in
757 2053 874 2120 eorpus
890 2027 1188 2120 transmigrationem
1199 2021 1252 2106 ips:

321 2139 541 2204 subvertamus
567 2162 607 2206 ex
632 2162 685 2214 eo,
706 2139 794 2228 qnod
815 2133 895 2226 nihii
914 2139 1050 2206 omnino
1068 2138 1250 2216 eornnqan

320 2245 438 2314 suerint
455 2250 658 2316 meminerint
673 2251 796 2317 animae.
815 2250 849 2316 si
864 2250 951 2317 enim
971 2252 1013 2316 ob
1036 2250 1102 2316 hoe
1120 2237 1254 2350 emittebat!-

322 2359 368 2424 uti
386 2359 419 2424 in
441 2360 530 2430 omni
549 2360 665 2428 fierent
686 2363 886 2452 operatione3
912 2365 1086 2452 oportebat
1106 2377 1157 2425 aaa
1173 2346 1252 2420 nt&ii

320 2491 433 2535 eornm
444 2492 514 2558 quea
526 2471 694 2538 antefacta
706 2485 792 2549 aunt,
805 2474 851 2538 uti
862 2495 899 2538 ea
911 2491 980 2562 qne
993 2472 1128 2538 deerant
1139 2453 1250 2545 ,pippis-t

320 2591 354 2646 et
372 2601 438 2646 non
457 2579 543 2646 oiroa
558 2580 673 2648 eadem
687 2603 812 2670 semper
827 2581 1004 2648 volutantes
1020 2573 1250 2648 eontinuatint*

321 2687 462 2758 rabiliter
478 2687 674 2766 laborarenta
695 2693 780 2779 (non
803 2693 889 2758 anim
906 2704 1029 2782 poterat
1054 2669 1249 2777 corporisabt'f

320 2799 354 2864 in
370 2809 474 2864 totum
494 2799 673 2866 universam
684 2801 848 2890 iptorum,
868 2821 940 2890 quae
958 2813 1031 2866 ante
1054 2798 1156 2868 habita
1172 2793 1248 2856 otti-‘¹

320 2909 481 2998 stinguere
496 2911 687 2981 memoriam
699 2923 733 2978 et
750 2909 1089 3004 contemplationem),
1111 2919 1142 2975 et
1157 2897 1252 3005 nexit*

319 3017 387 3088 boe
403 3021 576 3091 venientes.
601 3023 774 3102 Quomodo
791 3025 878 3112 enim
897 3047 985 3092 nune
1005 3019 1143 3114 soporati
1159 3023 1185 3081 et
1198 3015 1253 3088 aqi*

320 3139 413 3198 cente
428 3152 575 3219 corpore,
592 3154 802 3223 quecumque
817 3135 923 3201 anima
939 3135 1005 3224 ipaa
1020 3133 1107 3223 apud
1120 3151 1150 3196 ao
1161 3117 1244 3224 ribbi

320 3237 540 3326 phantasmate
553 3241 633 3329 agit,
651 3252 683 3307 et
693 3242 810 3310 horum
822 3242 912 3333 plora
928 3243 1218 3310 neminemnam
1246 3319 1248 3328 Ι

320 3369 396 3414 eum
412 3369 562 3436 corpores
587 3357 621 3416 et
635 3361 684 3416 est
698 3352 839 3440 quando,
859 3365 891 3419 et
911 3363 982 3442 post
996 3350 1162 3443 plurimum
1177 3342 1255 3418 ΜΨ

320 3475 598 3548 quaecumquepar
609 3461 768 3530 somnium
780 3464 850 3554 quia
868 3464 945 3530 vidit
961 3462 1092 3554 vigilans
1108 3446 1258 3527 annuntiati

321 3569 431 3657 utique
447 3568 704 3638 reminisceretur
720 3586 753 3639 et
767 3573 895 3642 illorum
909 3599 980 3664 qnae
991 3585 1153 3665 antequam
1163 3566 1186 3630 in
1193 3557 1257 3624 hott*

320 3694 382 3766 pua
397 3676 519 3744 veniret
538 3678 615 3769 egit.
636 3680 670 3747 si
686 3681 771 3750 enim
783 3683 848 3752 boe
864 3684 951 3774 quod
966 3685 998 3750 in
1014 3681 1181 3751 brevissimo
1192 3666 1258 3742 ‘emi‘

323 3785 425 3854 visum
435 3799 496 3863 eat,
509 3787 558 3856 vel
570 3790 603 3856 in
613 3789 833 3883 phantasmate
846 3807 1038 3887 coneepann
1051 3807 1110 3874 est,
1121 3767 1257 3859 abotthi

356 3919 442 3986 ¹Gap.
460 3933 549 3970 aazia.
