2710 4662
390 309 541 352 srrsross
569 309 609 352 an
631 307 806 351 suranaos.
1056 286 1112 347 105

69 413 134 477 huc
156 425 290 503 tempus
314 413 490 489 habemus,
511 414 552 478 aa
567 413 670 477 Deum
690 435 748 500 per
765 409 987 500 poenitentiam
1005 411 1112 475 redire.

70 518 159 586 Bene
185 521 305 599 hahet,
329 521 439 587 Deum
457 533 490 586 et
508 521 692 608 episcopum
712 519 882 606 respicere.
907 517 971 596 Qui
991 517 1120 583 honorat

70 630 284 718 episcopum,
297 630 397 696 aDeo
408 631 584 698 honoratus
596 639 651 693 est.
671 627 736 707 Qui
748 625 831 693 elam
842 627 994 715 episcopo
1006 625 1122 714 aliquid

75 737 156 826 agit,
171 737 308 806 diaholo
318 739 445 828 praestat
456 740 651 826 obsequium.
672 737 787 802 Omnia
801 737 896 826 igitur
906 737 997 802 vohis
1008 737 1041 803 in
1053 759 1121 824 gra·

78 845 125 908 tia
142 847 332 914 abundent:
350 849 436 938 digni
451 849 535 914 enim
547 847 631 912 estis.
650 845 747 912 Omni
758 845 854 911 modo
866 865 918 909 me
928 845 1094 910 recreastis
1109 868 1118 909 τ

82 963 116 1014 et
131 973 189 1018 vos
203 953 299 1019 lesus
314 953 464 1034 Christus.
482 955 652 1020 Absentem
669 975 722 1018 me
738 975 777 1018 ac
789 965 978 1041 presentem
995 952 1118 1019 dilexis·

82 1060 147 1124 tis:
170 1062 326 1127 retrihuat
347 1065 433 1130 vohis
450 1064 547 1136 Deus,
569 1071 697 1151 propter
715 1083 812 1149 quem
831 1063 939 1126 omnia
954 1063 1115 1128 sustinen-

79 1181 137 1241 tes,
156 1168 262 1257 ipsum
279 1171 502 1259 adipiscemini.

117 1275 161 1340 X.
186 1277 284 1355 Quod
299 1278 463 1346 Philonem
477 1292 510 1345 et
525 1279 649 1346 Rheum
665 1291 698 1345 et
713 1279 970 1370 Agathopodem,
990 1280 1044 1366 qui
1061 1302 1114 1344 me

74 1385 174 1450 secuti
190 1398 266 1450 sunt
281 1387 313 1450 in
327 1389 426 1453 rerho
442 1388 513 1464 Dei,
535 1400 573 1452 ut
588 1388 707 1455 Christi
725 1388 786 1454 Dei
803 1388 964 1454 ministros
978 1409 1114 1476 excepe-

73 1492 153 1567 ritis,
171 1494 255 1559 hene
272 1494 398 1561 lecistis.
418 1496 484 1575 Qui
499 1509 532 1562 et
542 1497 681 1565 Domino
693 1519 753 1584 pro
768 1497 860 1562 vohis
876 1497 990 1584 gratias
1005 1509 1114 1585 agunt,

75 1601 162 1688 quod
172 1603 323 1668 omnihus
334 1603 441 1668 modis
452 1602 524 1668 illos
536 1603 722 1668 reieceritis.
741 1600 828 1668 Nihil
840 1602 930 1667 vohis
941 1603 1050 1689 utique
1062 1603 1118 1666 ‹le-

79 1709 206 1796 perihit.
220 1708 305 1776 Vice
315 1693 499 1788 animarum
508 1723 689 1774 vestrarum
701 1709 828 1796 spiritus
838 1731 930 1774 meus
941 1709 992 1784 sit,
1008 1720 1040 1774 et
1050 1710 1119 1774 vin-

82 1816 157 1882 cula
167 1841 257 1892 mea,
270 1842 342 1906 quae
354 1842 422 1884 non
434 1820 608 1894 fastidistis,
624 1842 686 1884 nec
701 1818 892 1885 erubuistis:
909 1841 969 1884 nec
984 1818 1119 1886 de'vohis

88 1923 262 1988 erubescet
273 1923 414 2011 perlecta
427 1923 517 1999 fides,
534 1925 626 1990 lesus
638 1924 789 1989 Christus.

137 2028 198 2094 Xl.
226 2029 337 2096 Oratio
357 2045 458 2102 restra
478 2033 618 2120 pervenit
638 2032 678 2096 ad
697 2030 862 2097 eeclesiam
886 2029 1115 2097 Antiochenam

92 2161 163 2223 quae
173 2149 223 2202 est
234 2138 268 2202 in
279 2137 391 2226 Syria:
407 2140 500 2214 uude,
512 2140 580 2204 Deo
589 2139 712 2204 decoris
724 2137 835 2228 ligatus
848 2138 992 2216 vinculis,
1004 2161 1113 2206 omncs

87 2243 208 2318 salutas
230 2247 287 2334 qui
299 2247 375 2312 inde
392 2248 523 2312 existere
541 2269 605 2312 non
624 2269 695 2312 sum
716 2247 841 2337 dignus,
861 2271 935 2314 eum
954 2231 1113 2314 extremus

82 2354 141 2418 sim
160 2376 295 2428 eorums
319 2355 377 2420 sed
396 2355 455 2421 Dei
479 2354 638 2422 voluntate
656 2356 770 2444 dignus
790 2355 921 2422 effectus
940 2380 1026 2432 sum,
1048 2380 1113 2422 non

82 2461 165 2548 juxta
180 2462 424 2538 conscientiam,
444 2463 499 2528 sed
513 2485 552 2528 ex
566 2463 664 2552 gratia
682 2462 740 2529 Dei
755 2487 763 2528 ε
786 2487 884 2553 quam
899 2477 975 2555 opto
987 2464 1114 2555 perfec—

82 2581 143 2634 tam
156 2569 234 2636 mihi
249 2571 335 2646 dari,
350 2582 386 2634 ut
398 2572 644 2658 perorationem
657 2584 794 2638 vestrum
805 2571 910 2640 Deum
925 2597 1111 2661 consequar.

79 2679 150 2758 Quo
164 2679 271 2767 itaque
286 2702 373 2770 opus
387 2693 527 2746 restrum
542 2681 725 2748 ahsolutum
738 2683 790 2759 sit,
808 2695 878 2748 tum
893 2707 988 2771 super
998 2695 1116 2748 terram

76 2802 142 2875 tum
158 2789 192 2856 in
209 2788 307 2865 coelo,
325 2789 422 2874 decet
436 2789 478 2856 ad
494 2791 558 2857 Dei
571 2790 728 2858 honorem
743 2803 781 2856 ut
795 2789 931 2856 ecelesia
947 2803 1049 2856 vestre
1065 2790 1118 2857 eli-

75 2913 125 2988 gat
134 2923 261 2968 sacrum
276 2898 440 2988 legatum3
455 2912 492 2965 ut
503 2923 579 2968 cum
590 2900 631 2966 ad
644 2899 771 2986 Syriam
784 2921 885 2987 usque
897 2901 1030 2975 venerit,
1043 2923 1116 2966 con-

75 3009 245 3097 gratuletur
255 3007 336 3084 illis,
352 3009 439 3095 quod
450 3031 563 3098 pacem
574 3008 740 3076 consecuti
753 3008 827 3082 sint,
844 3020 875 3072 et
891 3033 979 3074 suam
991 3032 1116 3097 recepe-

75 3119 133 3182 rint
147 3117 424 3206 magnitudinem,
440 3139 479 3182 ac
494 3117 678 3182 restitutum
690 3115 729 3179 sit
740 3113 800 3179 illis
811 3099 905 3180 suum
916 3138 1041 3205 eorpus.
1059 3117 1116 3183 Di·
1201 3187 1212 3200 ,

74 3249 131 3316 gna
153 3225 254 3314 igitur
272 3223 359 3290 mihi
379 3247 428 3288 rea
450 3234 499 3290 est
518 3223 596 3300 risa,
616 3235 654 3287 ut
673 3221 811 3310 aliquem
829 3234 970 3288 restrum
989 3224 1118 3288 nsittatis

74 3359 151 3402 eum
166 3330 325 3421 epistola;
350 3354 411 3418 quo
426 3355 488 3397 una
504 3331 653 3398 cumillis
668 3329 824 3420 glorificet
838 3332 955 3405 Deum,
973 3333 1013 3396 de
1032 3343 1118 3397 tran-

76 3441 237 3532 quillitate
254 3461 358 3528 quam
372 3439 405 3503 in
421 3439 489 3505 Deo
504 3442 667 3506 consecuti
683 3453 775 3512 sunt;
798 3451 831 3503 et
846 3440 932 3526 quod
948 3451 1040 3527 portu
1052 3441 1115 3530 jam

78 3554 166 3644 potiti
184 3561 265 3618 sunt
281 3571 344 3638 per
358 3549 535 3615 orationem
550 3563 696 3616 vestram.
717 3548 800 3614 Cum
815 3548 944 3637 perlecti
956 3551 1032 3626 sitis,
1046 3575 1115 3641 per-

80 3665 157 3730 lecta
173 3673 207 3727 et
223 3659 355 3726 sentite.
375 3656 588 3747 cupientibus
602 3657 688 3723 enim
704 3657 791 3723 vohis
806 3659 885 3726 hene
900 3660 1013 3754 facere,
1029 3661 1115 3728 Deus

82 3769 184 3861 largiri
198 3779 333 3860 paratus
347 3779 404 3832 est.

124 3879 199 3946 Xll.
226 3875 352 3942 Salutat
371 3899 426 3942 vos
446 3876 585 3942 charitas
609 3876 741 3942 fratrum
757 3879 807 3965 qui
828 3890 899 3943 suat
916 3879 948 3942 in
962 3875 1085 3943 Troade
1108 3901 1116 3940 :
