2630 4614
345 211 386 287 ,48
748 231 954 276 araanaooan

345 339 545 426 Quapropter
565 333 726 402 lenitatem
750 350 884 404 vestram
905 351 937 404 et
959 342 1219 413 mansuetudinem

344 469 452 514 omnes
470 444 712 533 placabilitatem
728 469 765 512 ac
783 447 1004 513 humanitatem
1016 449 1168 524 admirantes,
1180 455 1217 518 al

344 558 472 645 quidem
487 579 577 644 aequo
592 558 662 644 jure
673 558 801 630 sinuata
816 559 955 623 civitates
969 570 1059 622 autem
1068 582 1113 645 pro
1125 583 1162 622 sua
1172 583 1214 645 qen

344 669 493 757 dignitate
504 665 687 754 aequabilem
698 667 851 732 honorem
863 669 1216 744 sortiunturmcuuirarsurs

343 776 516 866 prudentias
539 788 646 842 vestre
667 776 835 852 beneficio,
858 801 980 846 summa
994 802 1061 867 paoe
1074 779 1215 866 permitat

343 897 462 956 autem,
477 883 531 970 qui
551 882 718 948 Christiani
733 885 880 962 dicimur,
898 887 969 973 quia
986 910 1045 952 uon
1057 887 1132 951 etiam
1144 889 1224 972 aotlpr-

343 993 464 1068 videtis,
482 992 537 1058 sed
552 989 629 1058 nihil
644 1005 771 1082 agentes
785 994 872 1072 mali,
888 994 937 1061 vel
953 998 1049 1084 potius
1062 997 1224 1082 omnimntp·

342 1125 449 1191 gressu
467 1101 615 1166 orationis
632 1102 763 1190 patebit,
784 1105 977 1170 sanctissimo
995 1117 1025 1170 et
1041 1107 1170 1192 equissimo
1181 1105 1225 1166 at,

342 1234 380 1277 ac
393 1211 433 1277 de
447 1211 578 1298 imperio
593 1221 695 1276 vestro
710 1211 878 1278 sentientes
894 1215 1051 1303 exagitari,
1067 1214 1120 1302 rapi
1131 1226 1153 1278 et
1162 1213 1226 1274 tasi:-

342 1319 426 1395 nitis,
438 1318 594 1408 plerisque
606 1318 725 1384 bollum
738 1321 828 1386 nobis
842 1323 882 1387 ob
894 1321 998 1386 solum
1008 1343 1108 1386 nomen
1116 1321 1225 1384 ialenatls

342 1455 411 1505 nos,
428 1431 567 1516 inquam,
581 1427 642 1518 ipsi
657 1452 706 1494 res
717 1441 838 1494 nostras
851 1431 882 1496 in
895 1430 999 1497 lucem
1013 1430 1131 1520 prolerre
1140 1432 1226 1494 auita:

345 1539 487 1628 (docebit
502 1549 607 1602 autem
623 1560 676 1602 vos
691 1539 790 1602 oratio
805 1551 919 1627 praeter
934 1539 980 1605 las
995 1563 1032 1606 ac
1046 1538 1227 1628 praeterlegens

341 1673 413 1716 nem
428 1660 459 1714 et
473 1646 625 1712 rationem
640 1644 708 1710 hmo
723 1667 780 1710 uos
794 1646 892 1734 pati),
914 1669 952 1713 ac
973 1671 1028 1712 vos
1045 1649 1226 1712 obsecranda.

340 1758 484 1826 danobis
502 1754 619 1842 aliquid
637 1756 791 1843 cogitetis,
811 1779 874 1843 quo
894 1756 1024 1822 tandem
1042 1756 1167 1845 aliquando
1178 1773 1226 1834 aqu

338 1870 461 1960 phontis
476 1867 606 1933 mactari
622 1864 809 1930 desinamus.
828 1866 938 1956 Neque
952 1869 1039 1933 enim
1054 1867 1091 1932 ad
1102 1865 1225 1956 pecuniaqu-

339 1993 383 2046 tat
398 1979 597 2044 inimicorum
612 1975 736 2063 injuria,
756 1997 856 2064 nequo
872 1977 912 2041 ad
926 1978 1080 2044 mulctam
1093 1974 1225 2066 ignominia·

337 2085 473 2152 adalind
484 2083 642 2173 quidpiam
655 2082 700 2147 rei
716 2085 843 2170 majoris
854 2083 937 2150 illata
950 2085 1065 2151 damna
1084 2081 1220 2171 (tntae

336 2196 515 2270 temnimus,
533 2194 672 2280 quamvis
691 2194 794 2258 studio
813 2195 903 2283 digua
921 2195 1030 2262 multis
1050 2197 1167 2262 videant:
1175 2182 1215 2266 111

336 2327 398 2371 non
417 2303 512 2368 modo
527 2325 591 2367 non
609 2315 820 2391 repercutere,
841 2326 900 2368 neo
918 2288 1216 2379 invadentibnauul·

333 2418 392 2481 bus
411 2413 494 2477 diem
514 2410 629 2484 dicere,
650 2410 802 2482 sedistis,
822 2411 960 2475 etiamsi
980 2411 1138 2501 colaphum
1146 2401 1220 2471 11111

332 2524 461 2590 alteram
480 2521 588 2608 capitis
604 2531 725 2607 partem
740 2519 978 2606 percutiendam
994 2524 1137 2609 praebere,
1150 2515 1221 2580 tina

332 2632 357 2698 si
372 2631 508 2697 tunicam
522 2626 721 2702 abstulerint,
736 2627 865 2715 pallium
884 2631 1092 2717 superaddere
1109 2621 1216 2693 didiceris

331 2743 386 2808 sed
405 2740 587 2831 corporibus
606 2761 643 2803 ac
658 2737 728 2802 vitra
748 2751 873 2813 nostrat,
893 2751 1062 2826 postquam
1076 2735 1230 2828 pecuniaspt*

331 2851 478 2924 cerimus,
493 2846 691 2919 insidiantur,
713 2846 881 2912 criminum
896 2841 1090 2914 acervumin
1104 2868 1149 2911 nos
1160 2833 1234 2904 alandt

331 2975 389 3034 tes,
411 2983 479 3046 quae
498 2958 588 3023 nobis
607 2955 735 3045 quidem
754 2979 813 3022 nec
837 2957 1026 3046 cogitatione
1043 2970 1137 3032 tenus,
1154 2951 1186 3018 his
1199 2953 1237 3008 atti:

330 3067 383 3155 qui
398 3067 465 3131 hec
478 3065 636 3139 ellatiunt,
657 3075 689 3128 et
703 3062 828 3128 illorum
844 3064 995 3132 similibus
1011 3069 1156 3133 inhaerent.

371 3176 411 3241 ll.
434 3174 480 3240 Ac
494 3198 551 3238 nos
567 3174 693 3260 quidem
711 3175 815 3262 magni
832 3175 998 3241 minorisve
1017 3174 1142 3243 criminis
1153 3194 1170 3234 st
1166 3164 1235 3252 qul

327 3309 421 3375 guero
436 3284 563 3358 habeat,
588 3307 651 3348 uon
667 3283 873 3371 deprecamur
886 3307 1025 3374 poenam,
1041 3288 1092 3352 sed
1107 3305 1163 3348 acer
1164 3275 1237 3344 bisaltt·
1223 3285 1242 3332 ι1

327 3409 359 3462 et
377 3396 573 3462 saevissimam
593 3417 749 3482 quamque
768 3397 857 3461 nobis
877 3396 1076 3487 infligendam
1089 3409 1231 3463 censent
1225 3333 1242 3444 11

328 3506 450 3570 autem
442 3529 475 3572 tn
486 3503 552 3570 solo
563 3504 690 3569 nomine
702 3504 799 3569 bearet
810 3508 967 3572 accusatio
983 3507 1140 3592 (hactonus
1148 3500 1235 3575 eninp
1223 3437 1242 3549 111

328 3613 365 3676 de
381 3615 469 3680 nobis
484 3615 640 3690 dictitant,
655 3615 851 3701 promiscuus
867 3628 913 3680 est
928 3628 960 3681 et
979 3611 1173 3684 temerariusb
1175 3603 1242 3670 1111
1158 3555 1242 3717 11111

327 3741 446 3794 rumor,
458 3744 517 3787 nec
528 3721 608 3786 ullus
620 3720 775 3787 malefacti
789 3723 981 3789 Christianus
997 3727 1145 3791 convietus
1156 3715 1242 3798 estbt‘l
1241 3775 1242 3782 ,

327 3839 410 3888 trum
430 3827 493 3910 jam
514 3828 618 3901 fuerit,
640 3830 768 3892 maximi
788 3842 820 3894 et
839 3831 1052 3900 humanissimi
1072 3847 1101 3899 et
1118 3787 1242 3896 litteratis'tl
