2816 4610
280 288 335 366 ¹4⁴²
619 271 696 344 or.
725 304 754 346 a.
784 303 947 349 rnnornrn

350 417 387 473 Et
400 411 450 488 qui
463 428 497 466 ex
510 408 555 468 his
567 409 623 466 nati
638 422 704 468 sunt
717 411 759 468 dii
770 411 884 470 datores
896 411 1037 472 bonorum
1051 437 1057 469 :

348 517 446 589 thue
460 527 530 587 opes
541 509 691 568 diviserint
703 523 731 568 et
744 510 869 570 honores
881 513 980 589 partiti
994 514 1052 572 sint
1066 537 1073 570 :

345 616 442 688 thue
452 609 534 667 initio
546 609 643 668 multis
655 609 834 688 implicatum
844 610 963 688 sphaeris
974 593 1123 672 tenuerint
1132 616 1243 676 ooelnm.

344 716 413 772 Haec
425 707 497 768 mihi
511 709 597 768 dicite
608 713 700 768 Musae
711 709 837 768 celestia
849 722 924 769 tecta
936 723 1064 771 tenentes

343 809 390 870 Ab
403 808 503 867 initio:
519 819 548 866 et
561 807 648 867 dicite
664 809 735 886 quid
751 807 855 868 horum
869 813 994 888 primum
1009 823 1106 870 ortum
1120 811 1165 870 sit.

864 909 989 968 Hosion.
1008 911 1146 988 Theogon.
1165 919 1228 979 rot.
1248 933 1251 938 ·

263 1048 338 1112 Haec
357 1053 464 1108 antem
483 1041 644 1128 quomodo
663 1041 760 1108 Musae
782 1044 957 1120 novissent,
979 1067 1049 1133 quae
1069 1048 1189 1114 mundo
1209 1063 1284 1116 natu

263 1155 400 1221 minores
414 1147 511 1215 sunt?
529 1159 584 1213 aut
598 1149 651 1236 qui
667 1160 814 1237 poterant
831 1151 968 1217 Hesiodo
984 1175 1123 1231 narrare,
1140 1177 1214 1222 oum
1228 1179 1283 1246 pa-

262 1277 311 1330 tor
324 1277 435 1328 earnm
449 1257 591 1324 nondum
607 1258 729 1346 genitus
744 1257 847 1324 soret?

305 1369 360 1438 Vi.
378 1370 426 1436 Ac
439 1365 603 1434 materiam
613 1351 742 1452 cuidem
754 1367 865 1432 statuit
880 1368 1114 1455 quodammodo
1128 1386 1162 1439 et
1174 1378 1282 1443 mundi

263 1479 468 1550 creationem,
483 1497 558 1542 oum
572 1473 635 1538 ait:

340 1625 469 1688 Primum
486 1622 603 1700 quidem
617 1621 705 1680 chaos
721 1624 841 1695 exstitit,
855 1642 888 1682 ac
904 1624 1008 1684 deinde

339 1721 436 1783 Tellus
446 1720 505 1777 lato
518 1731 634 1798 pectore
644 1719 776 1797 praedita,
787 1722 916 1780 omnium
927 1723 1020 1781 solnm
1033 1723 1203 1787 tutissimum
1213 1749 1285 1788 sem·

340 1819 621 1897 Immortalium,qni
634 1819 809 1898 tenentjuga
820 1821 913 1880 nivosi
927 1823 1057 1903 Olympi,
1214 1831 1283 1908 [per

340 1925 517 1994 Tartaraque
531 1915 682 1976 tenebrosa
694 1917 725 1976 in
737 1937 849 1978 recessu
861 1932 945 1980 terrae
958 1923 1098 2000 spatiosae.

341 2027 436 2099 Atque
447 2025 548 2090 Amor,
564 2019 614 2096 qui
630 2017 840 2096 pulcherrimus
855 2022 930 2082 inter
942 2024 1119 2086 immortales
1132 2029 1210 2101 deos,

341 2119 461 2180 solvens
474 2133 567 2185 curas,
579 2132 612 2172 ac
626 2116 754 2174 omnium
766 2116 886 2178 deorum
901 2122 1085 2201 omniumque
1098 2125 1247 2186 hominum

339 2224 447 2276 Domat
461 2214 491 2270 in
504 2211 670 2290 pectoribus
687 2227 811 2273 mentem
824 2230 853 2274 et
866 2220 993 2297 prudens
1006 2224 1160 2284 consilium.

339 2323 383 2378 Ex
397 2313 475 2374 Chao
491 2323 586 2369 autem
599 2311 710 2370 Erebus
726 2314 865 2392 nigraque
879 2337 936 2374 nox
950 2317 1017 2376 editi
1030 2332 1112 2377 sunt:

339 2421 449 2477 Rursus
462 2433 499 2472 ex
511 2423 595 2469 nocte
609 2411 699 2470 aether
716 2424 744 2470 et
761 2411 821 2472 dies
837 2419 979 2494 prognati,

338 2523 419 2593 Quos
432 2511 546 2592 peperit
560 2529 625 2568 cum
638 2513 814 2590 concepisset
827 2515 924 2574 Erebo
941 2536 1038 2576 amore
1052 2521 1150 2578 mixta.

337 2623 428 2678 Terra
440 2633 511 2672 vero
527 2613 652 2690 primum
667 2613 783 2691 quidem
797 2617 896 2693 genuit
910 2637 1009 2696 parem
1024 2619 1080 2678 sibi

338 2715 449 2777 Corium
459 2711 547 2772 stellis
558 2723 703 2786 ornatum,
715 2724 748 2771 nt
761 2714 854 2791 ipsam
869 2727 957 2775 totam
969 2716 1095 2797 obtegat,

336 2821 433 2894 thue
446 2823 520 2872 esset
532 2811 595 2870 niis
608 2812 690 2870 sedes
702 2823 763 2872 tuta
777 2833 899 2893 semper.

338 2914 445 2975 Genuit
457 2923 597 2992 praeterea
610 2924 721 2970 montes
737 2911 821 2985 altos,
836 2914 955 2974 dearum
969 2929 1065 2995 gratas
1077 2918 1225 2997 speluncas

335 3014 547 3094 Nympharum,
563 3031 626 3090 quae
640 3011 772 3071 habitant
788 3027 898 3073 montes
912 3036 1063 3078 concavos·

334 3124 430 3194 Atque
442 3115 529 3172 etiam
541 3112 740 3190 infrum'serum
756 3115 873 3192 pelagus
886 3117 998 3194 peperit
1012 3131 1084 3177 aestu
1098 3120 1195 3180 furens

333 3222 456 3277 Pontum
469 3213 529 3272 sine
542 3231 640 3271 amore
652 3211 830 3297 delectahi1i5
846 3227 959 3274 atvero
972 3228 1073 3294 postea

334 3314 415 3378 Coelo
430 3310 622 3370 concumbens
635 3312 733 3389 genuit
745 3331 884 3371 oceanum
897 3314 1079 3372 verticosum.

847 3417 968 3492 Hosion.
989 3416 1127 3493 Theogon.
1141 3426 1206 3486 1⁰4·

255 3561 334 3638 Qun
355 3577 430 3622 cnm
453 3552 584 3625 diceret,
607 3573 648 3616 ne
671 3549 750 3616 illud
771 3553 899 3639 quidem
923 3553 1147 3619 demonstravit
1169 3575 1187 3617 a
1213 3577 1277 3641 quo

254 3663 381 3732 condita
395 3669 508 3725 essent.
531 3655 611 3722 Nam
629 3655 654 3720 si
672 3655 761 3720 initio
780 3655 971 3732 obtinuerat,
993 3668 1025 3722 et
1042 3658 1172 3723 materia
1189 3681 1278 3744 quoe-

253 3774 326 3839 dam
340 3768 478 3858 ingenita
493 3764 674 3854 praeextitita
693 3765 762 3852 quis
778 3765 906 3830 tandem
922 3788 992 3832 eam
1008 3766 1161 3855 disposuit
1176 3788 1214 3831 ac
1226 3791 1274 3831 or·

252 3882 326 3947 dine
340 3891 373 3944 et
384 3877 484 3943 formo
501 3873 779 3941 donavitPUtrum
793 3875 922 3942 materia
938 3875 997 3942 sibi
1013 3875 1079 3964 ipsa
1093 3874 1228 3940 formam
1242 3885 1277 3939 et
