2616 4620
348 321 388 362 un
415 318 612 370 aoronrcuu,
636 319 696 360 un.
724 319 758 360 ιι.
1008 299 1066 382 ¹49

1 424 3 513 J
44 441 227 505 omentum,
249 440 281 494 et
301 428 404 494 divisit
419 429 504 494 Deus
526 428 608 492 inter
627 449 742 515 aquam
760 449 830 514 quae
851 439 919 492 erat
937 426 995 491 sub
1012 425 1068 490 lir-

1 534 21 548 ’“
42 567 55 594 r
71 550 245 612 memento,
268 549 300 603 et
322 538 404 602 inter
424 559 538 628 uquam
560 561 628 624 quae
648 560 742 625 supro
762 535 1007 601 firmamentum.
1029 533 1068 601 Ει

14 636 17 642 ’
43 645 194 710 »vocavit
212 644 296 709 Deus
316 643 565 718 firmamentum,
589 642 716 710 aoelum.
741 645 780 708 Et
796 642 873 710 vidit
890 643 975 709 Deus
995 641 1067 729 quia

1 741 18 772 '³³
42 782 55 812 ι
72 754 192 818 bonum
219 765 275 818 est.
307 753 346 818 Ει
372 754 491 819 sautum
511 765 558 818 εει
576 777 711 843 vespere·
723 763 755 818 et
773 752 891 819 laetum
909 764 957 819 est
975 775 1068 818 mane

42 891 56 922 ε
71 862 137 928 dies
153 863 319 928 secundus.
339 863 379 928 Et
391 862 467 928 dixit
477 861 583 926 Deus:
604 861 818 951 Congregetur
833 883 911 949 aquo
924 885 993 948 quae
1008 862 1066 927 sub

41 967 165 1046 vendo,
194 971 225 1035 in
248 970 523 1059 congregationem
547 993 656 1044 unum,
680 979 711 1035 ot
734 979 880 1058 appareat
903 970 1006 1035 arida..
1026 971 1067 1035 Et

13 1067 21 1104 ³
41 1109 54 1140 ι
71 1081 190 1146 sactum
206 1092 254 1146 est
267 1082 322 1147 sio.
344 1083 385 1147 Et
400 1093 588 1172 congregata
605 1093 652 1146 ost
666 1102 746 1168 aqua
763 1079 796 1144 in
811 1081 1066 1169 congregationes

41 1219 53 1250 ε
70 1214 154 1266 suas,
174 1203 206 1256 ει
224 1191 369 1280 apparuit
386 1192 483 1256 arida.
506 1193 548 1256 Et
565 1191 686 1257 vocavit
705 1190 790 1256 Deus
811 1189 929 1255 aridam
952 1204 1067 1257 terram

10 1305 14 1316 '
42 1330 54 1360 a
71 1311 103 1365 et
118 1300 374 1389 congregationes
389 1323 543 1388 uquarum
562 1300 685 1365 vocarit
703 1299 811 1364 maria.
836 1299 877 1363 Et
893 1299 968 1364 vidit
982 1301 1068 1387 quod

1 1407 24 1468 ιι
42 1439 55 1470 »
71 1419 153 1475 esset
168 1411 296 1474 bonum.
319 1411 359 1475 Et
374 1409 451 1474 dixit
465 1408 550 1473 Deus
566 1432 574 1473 ι
593 1407 757 1472 Germinet
773 1419 856 1471 terra
874 1407 1006 1473 herbam
1021 1409 1066 1480 vi,-
1119 1410 1122 1420 '

1 1519 21 1554 ³³
42 1551 54 1581 n
71 1530 206 1593 rentem,
219 1517 426 1584 seminantem
438 1541 545 1584 semen
556 1517 730 1584 secundum
743 1539 841 1605 genus
851 1529 884 1582 et
894 1517 1068 1583 similitudi·

4 1609 14 1671 s‘
41 1657 54 1688 a
69 1650 157 1701 nem,
172 1639 204 1690 ει
216 1623 334 1714 lignum
346 1625 544 1692 fructiferum
558 1625 677 1690 faciens
689 1624 842 1699 fruetum0
860 1626 951 1712 cujus
961 1649 1067 1692 semen

1 1754 18 1783 ἐ’
43 1737 103 1800 »in
125 1736 192 1824 ipso
213 1736 246 1799 in
266 1733 504 1800 similitudinem
520 1756 538 1800 :¹
554 1744 586 1798 et
607 1731 726 1798 sactum
744 1744 792 1796 est
806 1733 859 1798 ita.
885 1735 925 1798 Et
939 1734 1069 1822 protulit

41 1875 54 1907 s
70 1857 153 1909 terra
165 1843 298 1908 herbam
309 1843 474 1916 virentem,
487 1841 694 1906 seminantem
706 1861 814 1904 semen
826 1841 1000 1907 seeundum
1011 1865 1050 1931 ge
1065 1885 1067 1888 -

1 1951 15 2008 ι’·
42 1983 56 2014 ι
71 1977 150 2026 nus„
160 1959 192 2016 et
207 1947 326 2038 lignum
338 1949 536 2016 fructiferum
550 1947 666 2014 iaciens
679 1946 818 2012 fructum
831 1948 1005 2016 seeundum
1018 1974 1068 2039 ge·

43 2090 56 2120 r
72 2083 132 2124 uus
147 2059 178 2123 in
194 2069 287 2122 terra.
305 2059 346 2122 Et
360 2056 437 2121 vidit
452 2055 538 2122 Dens
551 2054 638 2142 quod
652 2066 732 2120 esset
746 2057 877 2120 bonum.
895 2056 934 2120 Et
949 2057 1067 2126 suetum

43 2199 56 2230 ι
71 2180 119 2234 εει
130 2189 258 2255 vespere
269 2177 301 2231 et
312 2165 431 2230 factum
442 2177 490 2229 est
501 2185 593 2228 mane
605 2161 671 2228 dies
683 2163 802 2228 tertius.
818 2165 856 2229 Et
869 2164 946 2230 dixit
957 2168 1041 2232 Deus
1050 2191 1065 2232 ι

41 2309 54 2338 »
70 2277 162 2343 Fiant
173 2275 339 2340 luminaria
350 2274 383 2339 in
395 2273 595 2339 firmamento
606 2269 690 2346 coeli,
706 2272 747 2337 ad
759 2271 1019 2342 illuminationem
1035 2277 1065 2343 in

42 2420 55 2452 ι
72 2401 168 2459 terra,
184 2399 215 2452 et
227 2386 367 2451 dividant
380 2386 461 2451 inter
475 2383 616 2449 medium
628 2382 688 2448 diei
700 2394 732 2447 ει
744 2383 976 2450 intermedium
987 2410 1067 2453 noc-

8 2522 25 2564 :r
42 2527 56 2558 a
71 2498 125 2570 tis,
140 2493 288 2559 etsintin
300 2494 385 2582 signa
398 2503 429 2558 ει
441 2493 628 2581 intempore
643 2504 675 2557 at
687 2491 718 2556 in
732 2491 797 2556 dios
808 2505 840 2557 ot
853 2493 884 2558 in
896 2515 994 2558 annos
1009 2517 1017 2560 ι
1034 2507 1067 2560 ει

40 2636 54 2669 r
70 2607 133 2671 sint
143 2604 184 2668 ad
194 2601 454 2668 illuminationem
466 2603 497 2666 in
509 2601 710 2667 firmamento
721 2599 806 2677 omli,
824 2613 859 2666 ut
875 2601 1000 2668 luceant
1012 2627 1065 2668 su-

1 2746 20 2785 :o
42 2746 54 2777 u
70 2739 127 2804 per
134 2726 276 2780 terram:
294 2712 459 2778 etinctum
475 2724 521 2777 est
536 2712 590 2777 ito.
609 2713 649 2778 Et
664 2711 739 2777 seeit
754 2711 840 2776 Deus
856 2712 920 2778 duo
935 2711 1066 2777 lumina»

1 2860 21 2914 u
41 2826 114 2890 »ria
130 2847 256 2912 magna,
274 2820 428 2887 luminare
443 2843 608 2909 magnum,
625 2831 664 2885 ut
673 2832 827 2908 praeesset.
836 2820 911 2895 diei,
928 2833 959 2885 et
971 2819 1067 2886 lumi-

2 2972 21 3010 5¹-
42 2957 146 2999 »nare
168 2934 284 3006 minus,
308 2941 343 2995 ut
360 2941 507 3018 praeesset
525 2929 625 3004 nocti,
646 2939 678 2992 et
697 2926 811 2992 stellas.
834 2930 874 2993 Et
892 2935 998 3017 posuit
1015 2930 1065 2996 illa

1 3081 13 3122 ρ,
40 3075 54 3108 r
69 3044 155 3108 Deus
168 3041 199 3104 in
211 3039 411 3103 firmamento
423 3037 508 3112 aoeli,
523 3049 557 3100 ιιι
567 3036 694 3101 luceant
705 3049 937 3124 superterram,
949 3053 982 3104 et
993 3063 1071 3129 prae-

1 3188 5 3213 ι
43 3151 134 3216 »sint
149 3147 209 3212 diei
225 3159 257 3212 et
271 3147 371 3220 nocti,
387 3156 419 3210 et
435 3145 576 3211 dividant
592 3145 828 3212 intermedium
844 3145 922 3214 lueis
938 3161 969 3214 et
987 3151 1069 3216 inter

6 3281 9 3340 j
44 3291 57 3324 e
73 3258 212 3324 medium
224 3257 438 3320 tenebrarum.
457 3255 496 3319 Et
509 3253 585 3318 vidit
595 3254 681 3321 Deus
693 3256 778 3342 quod
788 3268 869 3321 esset
879 3259 1010 3324 bonum.
1029 3262 1070 3326 Et

41 3369 255 3434 »factumest
273 3385 400 3451 vespere
416 3362 585 3429 etinctum
603 3376 650 3428 εει
670 3387 761 3429 ιιιειιε
781 3365 848 3430 dies
867 3379 1007 3454 quartus.
1030 3373 1069 3437 Et

1 3532 8 3562 Ἴ.
40 3512 54 3544 ι
70 3478 149 3544 dixit
159 3476 242 3540 Deus
255 3498 262 3537 ε
281 3472 461 3538 Producant
475 3495 563 3560 nquae
575 3471 697 3561 reptilia
709 3473 884 3541 animorum
898 3477 1067 3546 viventium

1 3641 2 3670 ι
42 3601 102 3654 »ot
121 3611 192 3679 nvos
210 3583 349 3652 volantes
369 3595 600 3670 superterram
623 3585 681 3649 sub
703 3583 902 3650 firmamento
922 3587 1001 3653 eoeli.
1027 3591 1067 3656 Et

42 3731 55 3763 o
70 3701 189 3766 lactum
205 3704 254 3760 εει
267 3694 320 3759 ito.
340 3692 381 3758 Et
394 3693 469 3758 lecit
484 3693 568 3758 Deus
580 3704 649 3759 cete
664 3692 792 3781 grandia
807 3707 840 3760 et
856 3717 982 3762 omnem
998 3701 1066 3764 oni-

43 3843 55 3872 „
72 3831 156 3875 mam
174 3802 356 3870 animalium
368 3800 526 3890 reptilium
542 3827 612 3890 qun
627 3803 840 3891 produxerant
855 3829 942 3892 aqum
953 3831 1068 3875 seeun-

46 3951 58 3980 »
73 3919 149 3984 dum
167 3939 264 4004 genus
280 3935 385 3986 suum,
408 3924 439 3977 ot
456 3935 583 3979 omnem
601 3935 690 3978 avem
708 3923 876 4001 pennatam
895 3919 1069 3982 secundum
