2606 4620
305 201 370 286 474
602 223 715 294 sarcrr
738 223 861 266 rusrmr
883 223 1032 266 userius

303 327 423 416 justitia
444 339 552 394 autem
574 330 667 394 unius
686 329 781 396 snoint
803 343 838 394 ut
865 330 957 396 multi
978 329 1074 418 injusti
1092 327 1217 416 instilletur

307 435 415 514 Quum
431 437 526 524 igitur
548 438 702 524 superiori
722 449 866 527 tempore
884 439 1016 526 (hujus)
1033 459 1083 501 nos
1102 435 1162 522 liei)
1177 439 1221 500 orl

306 543 412 616 cisset,
429 567 494 612 non
514 567 606 632 posse
626 557 767 610 nostram
789 559 938 611 naturam
958 546 1051 610 vitam
1065 544 1222 628 consequen

307 661 413 715 autem
428 649 629 718 serratorum
645 652 844 726 ostendisset,
860 655 915 740 qui
929 674 1052 718 servare
1065 661 1150 738 posset
1159 664 1222 712 usn

308 781 377 842 quae
399 759 515 822 serrari
533 782 599 824 non
618 737 790 846 poterontf
809 761 971 847 utrimque
992 782 1048 823 nos
1064 755 1221 842 benignitatis

308 863 406 928 sidem
424 865 542 930 habere
557 864 668 941 voluit,
685 867 789 953 ipsum
803 859 986 930 existimore
1000 865 1131 938 altorem,
1143 882 1221 948 parom

309 969 506 1058 magistrum,
520 971 746 1045 consiliarium,
756 972 930 1047 medicum,
944 983 1094 1042 mentem,
1105 967 1224 1034 lucente

310 1099 390 1151 rem,
413 1075 557 1165 gloriam,
582 1081 692 1155 robur,
709 1079 821 1152 vitam;
845 1079 886 1146 de
902 1081 1023 1146 vestitu
1040 1090 1071 1144 et
1085 1077 1152 1142 victu
1166 1073 1225 1137 sollo

312 1208 377 1250 non
392 1199 469 1250 esse.

355 1291 398 1358 X.
423 1295 527 1382 Hujus
545 1296 640 1362 etiam
660 1309 696 1362 tu
716 1299 790 1363 fidei
805 1299 831 1362 si
852 1296 1014 1364 desiderio
1036 1289 1227 1364 reuerteris

310 1401 462 1490 accipias,
483 1405 623 1488 primum
643 1407 773 1492 quidem
793 1429 965 1493 cognosces
989 1407 1121 1471 Patrem.
1140 1402 1227 1465 Denso:

313 1508 457 1574 homines
469 1509 589 1584 dilexit,
602 1526 731 1600 propter
747 1537 825 1599 quos
837 1515 998 1578 mundum
1010 1513 1132 1584 creant,
1141 1509 1226 1594 quiue

313 1617 365 1682 nia
380 1618 602 1706 subjecitque
617 1621 650 1685 in
666 1621 786 1686 mundo
801 1633 890 1692 sunt;
914 1621 1035 1706 quibus
1049 1611 1227 1696 rationeinpl
1244 1647 1245 1720 p

315 1736 456 1789 montom
472 1725 559 1791 dedit
565 1749 576 1798 ;
596 1727 712 1813 quibus
728 1726 802 1792 solis
816 1727 858 1790 ad
872 1728 978 1815 ipsum
992 1723 1102 1791 oculos
1112 1719 1227 1790 attolus:tt

315 1833 399 1900 misit
405 1857 415 1906 ;
439 1857 517 1918 quos
533 1835 573 1900 od
588 1835 758 1923 imaginem
776 1858 866 1901 suom
886 1835 1055 1907 formavit3
1080 1833 1115 1898 sd
1128 1823 1227 1917 quello
1244 1853 1245 1898 l

315 1945 408 2006 suum
424 1941 619 2028 unigenitum
635 1943 737 2014 misit;
761 1943 875 2029 quibus
891 1942 1023 2009 celeste
1045 1961 1158 2029 regnum
1166 1950 1224 2020 poc*

315 2060 348 2114 et
370 2049 468 2140 (labit,
493 2049 578 2135 quod
600 2051 704 2137 ipsum
728 2048 902 2116 dilexerint.
931 2051 1106 2136 Postquam
1125 2033 1245 2108 flumin

317 2157 513 2244 cognoveris,
536 2167 652 2242 quanta
671 2169 704 2221 te
723 2155 889 2245 impletum
906 2156 944 2222 iri
966 2155 1079 2222 laetitia
1099 2145 1227 2218 existimo

317 2275 469 2355 quantum
484 2265 593 2354 diliges
608 2289 682 2358 eum
696 2267 749 2352 qui
765 2267 851 2353 prior
866 2277 897 2330 te
913 2267 956 2330 ita
974 2259 1191 2336 dilexeriuou
1201 2267 1227 2306 ³¹¹·

317 2387 384 2440 tem
398 2373 528 2462 diligere
542 2375 688 2462 coeperis,
705 2375 845 2440 imitator
860 2372 1068 2461 benignitatis
1078 2373 1141 2458 ejus
1150 2359 1231 2428 dolii

319 2482 458 2558 mireris,
479 2505 571 2571 posse
590 2483 752 2549 hominem
774 2507 841 2548 esse
861 2483 1057 2574 imitatorem
1075 2479 1137 2546 Dei.
1154 2473 1231 2537 llll*

226 2665 230 2671 ⁴
318 2589 452 2656 volente.
473 2591 542 2657 Non
557 2593 642 2657 enim
658 2594 825 2682 imperium
840 2593 873 2656 in
889 2593 1053 2681 proximos
1073 2587 1245 2689 obtusum

319 2699 398 2766 velle
411 2700 534 2789 potiore
549 2701 731 2766 conditione
747 2721 926 2787 essequam
944 2699 965 2764 ii
982 2700 1038 2785 qui
1059 2707 1128 2764 sunt
1140 2681 1231 2756 inlrffllt

321 2833 423 2898 neque
439 2809 567 2875 divitem
579 2832 658 2884 esse,
676 2821 708 2872 et
723 2810 787 2873 vim
801 2808 916 2872 inferre
933 2805 1140 2874 inferioribus,
1150 2793 1245 2862 erutis

319 2940 403 2990 essc;
419 2939 522 3004 neque
534 2918 567 2982 in
578 2917 628 2982 his
643 2917 747 2983 Deum
761 2918 875 2981 imitari
891 2917 1058 3004 quisquam
1073 2921 1171 3005 potest,
1183 2895 1234 2966 ttll

321 3034 408 3088 extro
424 3025 493 3112 ejus
507 3027 705 3112 majestatem
720 3035 805 3090 sunt.
824 3025 865 3091 Ar
880 3025 934 3113 qui
948 3025 1086 3114 proximi
1100 3039 1165 3087 onus
1176 3013 1219 3076 1'115‘
1244 3037 1245 3052 ¹

321 3132 411 3220 cipit,
428 3133 483 3218 qui
497 3156 561 3221 quo
575 3134 607 3198 in
624 3155 659 3198 re
674 3132 818 3220 superior
829 3143 889 3207 est,
901 3131 999 3196 olium
1013 3135 1067 3219 qui
1083 3141 1126 3196 est
1138 3117 1235 3190 intur

322 3239 436 3306 nelicio
447 3239 515 3306 vult
525 3240 668 3312 allicere;
685 3239 739 3326 qui
754 3262 963 3328 quecumque
975 3240 1084 3315 habet,
1096 3261 1112 3302 a
1122 3236 1174 3301 Deo
1181 3231 1245 3300 ΜΡ

321 3371 358 3414 ce
381 3349 516 3439 indiguis
535 3348 756 3437 suppeditans,
776 3349 862 3415 Deus
877 3349 913 3414 lit
927 3371 1040 3414 eorum
1055 3349 1106 3437 qui
1120 3335 1229 3423 ,cupiet

321 3455 379 3524 Dei
395 3468 443 3522 est
456 3458 604 3534 imitator.
620 3455 712 3522 Tunc
723 3456 906 3546 perspicies,
919 3456 952 3520 in
965 3468 1048 3521 terro
1059 3443 1228 3542 degenslltnl
1242 3404 1245 3549 l

323 3565 410 3630 coelis
430 3567 598 3643 mundum,
620 3564 706 3630 velut
727 3565 865 3654 aliquam
885 3563 1122 3655 rempublicam,
1141 3555 1232 3646 gnon

323 3681 400 3738 turne
413 3675 562 3760 mysterio
584 3675 642 3741 Dei
660 3673 745 3762 loqui
763 3675 893 3763 incipies
912 3698 919 3738 :
937 3681 1020 3740 'tunc
1034 3697 1088 3738 eos
1103 3668 1147 3758 qui
1163 3655 1239 3750 punc

320 3782 410 3869 quod
424 3782 580 3868 abnegare
594 3783 700 3849 Deum
714 3781 830 3858 nolint,
846 3795 879 3847 et
892 3779 1002 3869 diliges
1020 3793 1053 3848 et
1068 3765 1241 3846 micelenei
