2586 4642
412 355 534 402 carras
559 355 709 402 neumas.
1012 339 1075 420 543

38 462 158 536 bento:
181 461 263 532 Filio
285 486 359 530 vero
380 464 591 540 ministrante,
611 475 645 528 et
662 462 836 536 formator
861 462 979 554 Spiritu
1003 487 1078 530 vero

39 573 218 650 nutriente,
241 584 273 640 et
293 586 446 664 augentes
465 573 595 641 homine
611 595 686 639 vero
705 569 856 661 paulatim
875 573 1076 662 proliciente,

39 694 75 746 rt
86 682 290 770 perveniente
302 683 343 749 ad
354 683 546 774 perlectum,
558 682 591 748 id
602 693 662 758 est,
672 679 852 770 proximum
865 681 983 748 inlecto
993 681 1073 749 lieri.

37 789 206 857 Perfectus
227 793 311 859 euim
334 805 382 858 est
402 792 564 865 insectus:
588 790 642 856 laic
662 801 768 857 autem
784 803 832 856 est
850 791 946 856 Deus.
970 790 1077 881 Opor-

38 911 149 964 tuerat
168 913 276 965 autom
296 901 459 967 homiuem
478 900 582 989 primo
601 898 682 974 fieri,
705 911 739 964 et
760 899 878 966 factum
901 901 1022 991 augeri,
1046 914 1079 967 et

38 1021 176 1076 arsetam
189 1012 402 1086 corroborari,
420 1022 453 1076 et
465 1012 708 1078 corroboratum
720 1007 936 1098 multiplicari,
952 1024 984 1075 et
1000 1009 1079 1076 mul-

40 1117 223 1207 tiplicatum
246 1119 481 1196 convalescere,
507 1117 781 1186 convalescentem
800 1143 874 1186 aero
895 1119 1078 1210 glorificari,

39 1241 75 1292 ct
94 1225 305 1316 glorificatum
320 1229 427 1296 ridere
446 1253 539 1296 suum
557 1229 741 1294 Dominum.
760 1230 846 1296 Deus
861 1230 946 1296 enim
961 1243 1008 1296 ost
1024 1233 1078 1319 qni

40 1337 143 1403 habet
166 1337 264 1404 videri
292 1362 300 1403 :
324 1338 401 1404 visio
423 1347 531 1403 autem
550 1337 609 1403 Dei
630 1336 742 1404 efficax
762 1349 810 1404 est
831 1337 1075 1428 incorruptelae:

49 1473 63 1505 ι
86 1445 299 1536 incorruptela
317 1470 392 1513 vero
406 1447 588 1536 proximum
602 1443 678 1512 lacit
692 1469 760 1512 esse
776 1446 844 1512 Deo
861 1445 883 1510 ¹.
903 1477 917 1509 s

90 1553 144 1619 lV.
159 1553 394 1621 lrrationabiles
410 1554 506 1644 igitur
520 1554 607 1620 omni
620 1553 730 1630 modo,
746 1554 801 1642 qui
817 1577 881 1621 uon
897 1569 1082 1645 exspectant

41 1677 172 1752 tempus
194 1665 369 1753 augmenti,
386 1677 419 1730 et
438 1687 502 1730 suae
522 1675 643 1729 naturae
662 1662 878 1730 infirmitatem
894 1664 1081 1734 adscribant

40 1773 124 1839 Deo.
145 1773 253 1862 Neque
267 1774 370 1840 Deam
388 1795 492 1860 neque
510 1773 696 1861 semetipsos
719 1773 866 1848 scientes,
889 1772 1080 1842 insatiabiles

41 1891 77 1944 et
94 1881 220 1970 ingrati,
237 1879 380 1947 nolentes
395 1881 499 1969 primo
515 1903 582 1946 csse
599 1879 661 1946 hoc
675 1879 763 1968 quod
777 1892 811 1945 et
824 1879 899 1948 lacti
914 1895 1002 1959 sunt,
1018 1883 1080 1950 ho-

42 1988 148 2054 mines
168 1990 351 2078 passionum
368 2011 517 2079 capaces:
535 1989 591 2056 sed
607 1990 881 2078 supergredientes
897 1989 1000 2080 legem
1017 1993 1081 2059 hn-

42 2099 133 2165 meni
149 2101 285 2188 generis,
301 2113 333 2165 et
348 2113 518 2188 antequam
537 2099 616 2164 fiant
631 2099 776 2165 homines
789 2100 854 2187 jam
873 2099 982 2167 volunt
997 2102 1081 2170 simi·

43 2209 91 2276 les
102 2231 171 2276 esse
182 2210 293 2276 lectori
306 2211 386 2285 lleo,
402 2222 433 2275 et
449 2209 570 2298 unllam
585 2231 653 2275 esso
668 2208 880 2295 differentiam
896 2209 1004 2280 inlecti
1019 2211 1078 2278 Dei
1095 2265 1100 2274 .

42 2334 78 2386 et
90 2343 179 2387 nunc
189 2321 264 2388 sacti
277 2321 426 2395 hominis,
439 2320 492 2408 qui
502 2317 573 2409 plus
585 2318 781 2385 irrationales
793 2334 867 2386 sunt
881 2344 977 2412 quam
991 2333 1078 2390 muta

44 2429 204 2497 animalia.
223 2433 300 2499 llaec
319 2432 404 2498 enim
419 2454 484 2498 noa
500 2431 656 2520 imputant
669 2431 750 2507 Deo,
766 2432 917 2519 quoniam
934 2457 998 2500 non
1018 2434 1079 2500 lro-

44 2541 151 2615 mines
161 2540 236 2607 facit
246 2563 301 2614 eas
316 2541 372 2607 sed
385 2541 635 2630 unumquodque
646 2564 685 2606 oo
698 2541 786 2630 ,quod
799 2541 990 2617 factumest,
1003 2566 1080 2630 quo·

45 2651 133 2716 niam
155 2650 276 2717 laetum
300 2662 360 2728 est,
383 2651 498 2740 gratias
523 2653 596 2740 agit.
624 2651 695 2717 Non
715 2651 802 2716 enim
822 2651 1016 2739 imputamus
1036 2655 1078 2732 ei,
1185 2655 1192 2662 '

46 2761 199 2849 quoniam
215 2783 279 2826 aon
294 2762 334 2827 ab
354 2759 443 2826 initio
467 2761 510 2825 dii
526 2759 601 2825 lacti
620 2779 743 2829 sumus.
760 2757 816 2822 sed
831 2759 1079 2847 primoquidem

46 2869 206 2944 homines,
227 2881 304 2934 tunc
321 2867 450 2932 demum
467 2867 510 2931 dii
528 2890 536 2930 ε
555 2866 698 2953 quamvis
711 2865 797 2930 Deus
809 2867 987 2932 secundum
1001 2870 1079 2935 sim-

46 2975 222 3063 plicitatem
239 2975 389 3040 bonitatis
404 2995 468 3038 suae
483 2973 546 3039 hoc
557 2972 681 3048 lecerit,
693 2995 734 3038 ne
748 2973 818 3060 quis
834 2997 909 3040 eum
924 2987 1015 3064 putet
1031 2978 1080 3047 in-

48 3081 218 3156 vidiosum,
232 3092 287 3147 aut
301 3082 559 3170 impraestantem.
583 3081 690 3170 «Ego,
706 3081 821 3168 inquit.
838 3083 915 3159 dixi,
931 3084 982 3152 Dii
994 3088 1080 3163 estis,

48 3219 60 3252 ι
76 3203 110 3258 et
126 3189 182 3257 lilii
196 3189 319 3258 Excelsi
335 3213 445 3256 omnes
462 3188 485 3254 ¹.
504 3191 749 3258 »Nobisautem
764 3203 952 3280 potestatem
967 3195 1082 3261 divini-

48 3301 122 3366 tatis
133 3299 278 3389 bajulare
290 3323 354 3366 aon
366 3299 614 3366 sustinentibuss
632 3327 645 3359 ι
660 3297 724 3366 Vos
734 3313 855 3378 autem,
869 3303 983 3390 inquit,
999 3305 1082 3371 sicut

49 3410 220 3477 »homiues
237 3409 432 3482 moriemini3
453 3421 615 3497 »utraque
630 3408 781 3486 referens,
793 3423 825 3476 et
841 3409 919 3478 illud
934 3413 1020 3502 qaod
1034 3425 1083 3480 est

49 3521 224 3609 benignum
236 3541 300 3584 suae
311 3517 503 3593 donationis,
515 3529 549 3583 et
559 3515 776 3586 infirmitatem
786 3532 941 3596 nostram,
953 3533 986 3588 et
996 3523 1084 3609 quod

50 3652 191 3695 essemus
209 3641 325 3694 nostras
347 3627 520 3716 potestatis.
545 3626 733 3694 Secundum
752 3629 837 3696 euim
854 3631 1082 3721 benignitatem

50 3763 140 3806 suam
155 3742 238 3807 bene
254 3738 342 3805 dedit
356 3740 490 3812 bonum,
507 3751 540 3804 et
555 3737 672 3805 similes
688 3739 747 3806 sibi
764 3763 828 3806 sue
842 3742 1006 3831 potestatis
1021 3742 1082 3807 ho·

49 3850 151 3916 minos
167 3849 267 3916 fecit:
291 3846 469 3915 secundum
490 3857 598 3918 autem
616 3846 848 3936 providentiam
869 3850 962 3919 scivit
977 3849 1084 3916 laomi-

83 3979 92 4012 ¹
103 3977 163 4044 Sap.
177 3994 212 4038 ra,
225 3993 263 4044 19.
275 3993 313 4028 aa.
324 4005 354 4018 ·-
364 3977 376 4010 ²
386 3977 450 4028 l'sal.
465 3993 548 4038 taxas,
558 3977 585 4036 6,
595 3995 618 4043 7.
661 4025 662 4030 ,
770 4000 778 4024 ι
