2646 4596
240 293 391 338 utssocus
416 293 478 338 osu
500 291 664 336 rnrruors
686 289 803 334 sunno.
971 263 1033 348 457

27 413 108 462 :uon
127 397 281 484 iutootuti
298 419 415 467 nomen
432 394 572 464 meum¹.
589 424 602 458 ι
621 396 698 462 linc
717 395 802 460 enim
822 390 874 458 ills
893 396 969 479 gens
989 400 1038 454 est

26 529 111 592 quom
125 503 197 572 olim
210 505 297 572 Deus
311 505 472 595 pollicitus
486 515 535 572 est
549 504 697 580 Abrahae,
712 524 849 592 eumque
863 498 1040 566 multorum

27 614 157 702 gentium
169 625 288 703 petrem
303 636 367 678 nse
380 613 561 680 institutum
575 612 614 677 iri
628 611 785 701 promisit,
801 633 865 676 non
881 608 1037 684 ſtrabum,

28 743 84 784 nec
95 719 317 810 AEgyptiorum,
329 743 391 787 neo
402 721 616 786 lslumeorum
626 730 749 808 petrem
760 717 904 784 loturum
915 715 1034 782 diceus.

32 829 109 894 Nom
124 841 155 894 ot
171 829 275 898 lsmoel
294 843 386 920 poter
400 851 523 920 magnus
537 829 639 920 gentis
656 828 786 903 exstitit,
803 847 926 916 magne
943 825 1039 892 etism

36 938 114 1002 Essii
126 959 134 1004 ι
146 949 176 1002 st
184 937 428 1006 Ammonitnrum
440 960 553 1028 magns
566 959 653 1004 nunc
665 946 764 1002 exstet
775 933 957 1000 multitudo.
971 933 1040 1002 Noe

36 1057 136 1108 numm
147 1043 233 1132 ipsius
247 1047 342 1113 etism
357 1045 493 1114 Abrnhae
508 1055 612 1133 poter,
628 1063 666 1108 nc
681 1043 777 1108 totius
790 1064 919 1130 prorsus
933 1039 1038 1106 homi-

34 1175 106 1216 nnm
118 1153 231 1240 generis
244 1151 316 1226 luit3
335 1175 373 1218 no
388 1150 440 1218 slii
454 1151 589 1218 oliorum
604 1149 819 1241 progenitores
832 1148 932 1213 luere.
951 1146 1039 1226 Quid

34 1258 124 1345 igitur
134 1258 257 1348 amplius
266 1259 317 1326 hio
327 1259 463 1327 Abrehre
472 1257 668 1348 gratificetur
680 1255 846 1322 Christus?
858 1255 953 1334 Quod
964 1279 1039 1322 eum

37 1389 112 1430 roeo
128 1387 182 1454 per
197 1353 317 1432 similem
333 1367 531 1432 vocationem
550 1364 685 1439 vocavit,
706 1385 781 1430 cum
800 1385 819 1428 e
839 1374 923 1428 terro
943 1384 1040 1450 quom

35 1471 186 1540 incolebat
199 1474 275 1539 exire
287 1475 390 1561 jussit,
406 1496 445 1542 nc
459 1497 517 1538 nos
529 1496 640 1540 omnes
654 1495 712 1560 per
726 1471 814 1538 illem
826 1492 938 1537 vocem
950 1491 1042 1536 soon-

35 1580 86 1653 rit,
101 1581 220 1668 jamque
233 1579 380 1646 exivimus
395 1603 435 1646 ex
448 1579 502 1645 illo
517 1580 588 1646 vitoe
602 1601 730 1669 genere,
751 1579 784 1646 in
799 1563 861 1667 quo
876 1601 973 1666 prove
990 1601 1042 1644 se·

37 1688 164 1752 cundum
182 1709 379 1754 communem
400 1699 588 1754 ceterorum
607 1698 699 1752 terrae
720 1687 897 1755 incolarum
918 1691 1041 1754 morem

39 1797 237 1860 sersobomur:
253 1805 286 1858 et
301 1816 377 1860 cum
392 1793 573 1860 Abrnhnmo
588 1805 703 1860 sanotae
719 1805 811 1860 torre
826 1795 968 1862 haeretles
982 1795 1043 1860 eri-

40 1925 114 1978 mus,
132 1900 337 1974 humditntem
359 1901 391 1966 in
413 1899 573 1966 infinitum
595 1923 699 1968 aesum
722 1914 901 1977 cernentes,
923 1902 1042 1990 quippe

45 2034 110 2074 cum
127 2009 175 2076 nli
189 2010 317 2078 limbos
330 2022 462 2102 propter
476 2009 611 2076 similem
625 2009 723 2078 [idem
743 2011 851 2076 simus.
876 2009 1042 2090 Quemad-

45 2117 160 2182 modum
170 2119 245 2184 eoim
258 2117 311 2184 ille
325 2118 396 2184 voci
410 2118 469 2183 Dei
485 2117 631 2194 credidit,
647 2130 680 2184 et
695 2131 877 2208 reputatum
893 2131 940 2184 est
955 2119 985 2184 ei
999 2118 1041 2184 sd

43 2225 189 2310 justitiane
204 2225 245 2293 its
257 2239 291 2294 ot
305 2250 365 2294 nos
380 2240 546 2316 postquem
563 2227 631 2294 voci
644 2227 702 2292 Dei
719 2240 787 2294 tum
801 2251 859 2317 per
873 2228 1039 2315 Apostolos

43 2335 142 2402 Christi
152 2337 248 2402 denuo
258 2329 449 2426 praeslioele,
465 2348 533 2402 tum
545 2359 603 2425 per
613 2336 786 2426 Prophetas
801 2339 892 2404 nobis
903 2336 1041 2427 promul-

44 2457 109 2532 gate
124 2446 315 2523 cecidimus,
332 2427 373 2512 sit
388 2459 523 2512 mortem
535 2467 635 2534 usque
648 2447 796 2512 omnibus
810 2447 905 2512 rebus
920 2469 989 2534 qnae
1008 2447 1042 2512 iu

46 2555 147 2620 mundo
158 2567 223 2622 sunt
237 2557 496 2626 renuntiavimus.
520 2554 656 2622 Gentem
671 2557 767 2646 igitur
787 2555 894 2622 similis
914 2555 988 2622 fidei
1008 2569 1041 2622 et

44 2661 92 2726 Dei
104 2662 252 2732 cultricem
266 2677 298 2730 et
313 2666 443 2754 justum,
459 2687 593 2754 qunque
607 2676 731 2752 petrem
743 2688 836 2732 suum
846 2664 951 2730 laetitin
967 2687 1042 2754 per·

45 2770 148 2847 fundet,
162 2783 192 2840 st
206 2797 405 2864 nequaquem
422 2796 478 2840 vos
494 2774 523 2842 ei
538 2773 696 2862 meminit,
712 2774 770 2840 «in
786 2773 901 2860 quibus
915 2795 980 2840 non
995 2786 1043 2840 est

47 2907 55 2937 ι
67 2879 171 2947 lidesin
184 2883 255 2971 ipsis
263 2883 285 2948 '.
300 2911 314 2946 s

81 2987 167 3054 CXX.
182 2988 289 3062 Videte
302 2989 463 3078 quomodo
477 2989 590 3056 endem
604 3001 636 3055 et
649 2990 737 3058 lssoc
750 3001 782 3055 et
798 2989 899 3056 Jacob
912 2992 1041 3078 promit-

52 3103 98 3157 tat
114 3095 153 3160 lts
166 3099 242 3164 onim
261 3099 340 3165 dicit
355 3099 395 3164 nd
409 3100 518 3166 lsnee:
536 3099 601 3162 «Et
619 3097 851 3164 benedicentur
868 3099 901 3165 in
921 3101 1042 3168 semine

54 3213 123 3266 *tuo
134 3225 223 3272 omues
236 3219 347 3298 gentes
361 3205 485 3273 terrae⁸.
502 3234 516 3269 s
528 3207 568 3271 Et
582 3206 623 3271 nd
633 3205 736 3274 Jacob
750 3230 759 3270 ε
778 3209 841 3273 «ln
853 3209 1043 3276 benedicen-

50 3325 120 3376 »tur
131 3314 159 3379 in
173 3325 314 3384 teomnes
329 3318 431 3384 tribus
446 3330 538 3382 terre
558 3328 590 3382 et
608 3303 642 3383 in
658 3318 777 3383 semine
792 3330 848 3382 tuo
859 3317 880 3383 ⁶.
897 3347 909 3379 ι
925 3319 995 3385 Non
1010 3319 1044 3384 id

46 3421 102 3505 jem
114 3422 182 3490 lini
194 3439 243 3492 sut
257 3427 374 3494 Ruhen
389 3427 478 3502 dicit,
494 3436 548 3492 snt
563 3425 615 3492 ulii
631 3425 781 3514 cuipiam,
798 3428 855 3492 sed
870 3427 907 3492 iis
922 3451 962 3494 ex
976 3429 1043 3518 qui-

46 3527 95 3592 bus
108 3529 243 3612 Clrristus,
259 3535 438 3602 seeundum
450 3534 535 3600 illem
547 3558 586 3600 ex
598 3535 718 3624 virgine
729 3534 826 3600 lilerio
839 3536 1044 3624 dispensatio-

47 3655 116 3710 uon,
128 3640 252 3706 oriturus
264 3653 343 3708 erat.
364 3641 460 3720 Quod
476 3640 501 3706 si
516 3653 548 3706 et
563 3641 584 3706 J
586 3639 656 3706 udae
671 3641 928 3708 benedictionem
942 3646 1043 3712 consi-

45 3739 128 3819 deres,
140 3772 203 3840 que
213 3750 286 3817 slioo
297 3749 479 3839 perspicies.
497 3747 655 3816 Dividitur
667 3749 753 3816 enim
765 3772 874 3816 semen
888 3775 926 3818 ex
940 3753 1040 3822 Jacob

71 3871 977 3945 'natum1.-²neot.xun.-³nen.u==,18.-⁴uon.unn‚14.
