2640 4622
255 203 318 266 588
551 223 662 268 saacrr
684 223 803 266 susurru
826 221 982 267 uanrrms

252 355 313 420 que
324 332 477 406 actiones,
490 331 619 419 adquae
630 355 684 396 eos
696 329 749 395 ille
761 329 886 396 daemon
898 329 1102 418 impellebat,
1119 331 1187 396 ubi
1200 332 1286 396 cnei-2

251 451 320 504 tum
338 439 506 504 adoratum
524 451 691 514 venerunt,
711 437 869 512 deiecere,
889 449 925 502 ut
940 439 1161 504 manifestum
1178 455 1240 511 est,
1257 467 1279 503 a

249 570 300 623 ee,
317 569 386 635 quae
401 545 470 611 illos
486 557 521 608 ut
536 543 632 632 spolia
646 558 808 634 rapuerat,
823 557 993 632 potestate,
1009 569 1113 634 quam
1132 547 1232 626 nobis
1245 573 1281 610 ar-

250 679 329 723 cane
347 655 510 742 Scriptura
525 653 671 720 Damasci
687 653 830 720 habitare
845 655 973 720 indicat.
994 653 1091 720 Illam
1106 665 1227 720 autem
1239 681 1281 742 pc

248 777 407 839 testatem,
423 785 498 829 cum
512 764 673 852 peccatrix
690 774 722 827 et
740 763 845 850 iniqua
864 763 915 836 sit,
936 761 1096 850 praeclare
1113 763 1276 828 Samariae
1302 776 1303 795 ¹

248 898 306 966 per
320 871 556 938 similitudinem
571 869 718 960 appellat.
736 872 926 937 Damascum
942 883 1055 937 autem
1073 873 1229 938 Arabicae
1242 899 1277 936 re

247 984 348 1073 gionis
368 1005 435 1048 esse
456 992 490 1047 et
511 981 617 1056 fuisse,
638 981 780 1070 quamvis
802 1003 888 1046 nunc
908 981 937 1046 ei
957 1005 1030 1068 qum
1051 981 1274 1072 Syrophoenitr

247 1091 376 1166 dicitur,
392 1100 608 1166 accenseatur,
626 1113 666 1156 nc
681 1101 821 1154 restrum
834 1089 964 1177 quidem
977 1091 1164 1180 quisquam
1180 1117 1273 1180 negare

246 1201 353 1289 possit.
369 1201 587 1278 Quamobrem
600 1196 787 1288 praeclarum
798 1198 904 1276 fuerit,
916 1221 936 1262 o
948 1200 1022 1273 viri,
1036 1225 1115 1288 quae
1128 1203 1267 1267 minnan-

247 1306 396 1397 telligitis,
417 1331 454 1373 ea
474 1332 513 1373 ex
531 1308 580 1373 hia
595 1307 647 1394 qui
663 1307 796 1395 gratim
814 1329 831 1370 a
849 1304 917 1371 Deo
932 1322 1157 1395 acceperunt,
1179 1311 1209 1375 id
1227 1323 1266 1376 ca,

245 1441 285 1484 ex
299 1418 390 1484 uobis
402 1417 579 1483 christianis
591 1417 728 1488 discercr
747 1437 946 1504 nequaquam
958 1428 1074 1482 autem
1091 1419 1127 1484 in
1142 1423 1264 1484 omnibu>

245 1529 395 1595 dimicare
410 1537 442 1592 ct
458 1524 662 1602 contendere,
681 1539 715 1591 ut
729 1527 908 1592 doctrinam
921 1537 1065 1593 vestram
1084 1528 1197 1594 divina
1211 1552 1266 1592 ran·

244 1649 363 1726 tempta
375 1633 548 1701 stabiliatis.
565 1636 673 1713 Quare
683 1632 779 1698 etiem
791 1634 823 1699 in
835 1657 892 1699 nos
905 1631 1058 1698 translata
1074 1647 1130 1700 est
1143 1638 1265 1724 haege

244 1750 298 1823 tia,
317 1759 351 1812 ut
369 1747 412 1811 ait
430 1747 535 1811 Esaias
551 1745 600 1810 his
616 1743 740 1808 verbis:
760 1742 1026 1830 «Appropinquat
1046 1743 1136 1808 mihi
1154 1745 1264 1834 populu

244 1887 256 1916 a
271 1857 349 1920 iste:
368 1853 457 1919 labiis
474 1854 537 1918 suis
548 1852 707 1917 honorant
722 1871 786 1924 me,
803 1873 860 1914 cor
873 1861 980 1914 autem
993 1873 1118 1916 eorum
1133 1852 1221 1942 longe
1233 1867 1264 1916 rt

244 1993 256 2023 a
272 1988 290 2028 a
305 1986 355 2028 me
369 1984 376 2024 :
396 1961 451 2025 sed
467 1959 581 2024 frustra
592 1982 643 2023 me
655 1957 777 2032 colunt,
794 1970 950 2046 praecepta
965 1957 1146 2025 hominum
1158 1987 1194 2028 ac
1204 1965 1264 2026 dor-

243 2071 368 2135 rtrinas
384 2069 541 2134 docentes.
564 2066 733 2154 Propterea
752 2087 829 2130 ecce
847 2088 905 2153 ego
922 2065 1077 2150 adjiciam
1096 2082 1134 2132 ut
1150 2073 1264 2135 transir-

244 2201 339 2243 »ram
358 2177 510 2266 populum
528 2176 639 2246 istum:
662 2187 694 2238 et
714 2173 899 2238 transieram
918 2195 982 2238 eos.
1005 2174 1050 2238 Et
1068 2179 1205 2244 auferam
1218 2203 1259 2242 sa-

242 2317 254 2348 »
269 2286 420 2376 pientiam
435 2286 622 2372 sapientium
640 2284 793 2371 ipsorum,
812 2293 844 2346 et
859 2282 1067 2370 prudentiam
1083 2287 1250 2373 prudentum

241 2424 254 2458 s
269 2392 435 2460 aboleb0¹.
451 2421 464 2453 ι

285 2499 434 2566 LXXIX.
463 2501 523 2566 Hic
544 2501 675 2590 Trypho
697 2501 895 2565 subirascens
917 2501 1063 2587 quidem,
1088 2505 1150 2568 scd
1170 2516 1258 2568 umen

241 2613 418 2701 Scripturas
436 2611 600 2684 reveritus,
623 2623 657 2674 ut
674 2633 713 2674 ex
730 2611 799 2697 ejus
815 2607 903 2674 vultu
920 2610 1064 2696 patebat,
1082 2613 1130 2675 ita
1147 2613 1218 2678 dixit
1232 2615 1260 2676 ad
1305 2663 1306 2670 ,

241 2743 314 2788 me:
332 2721 448 2786 Sancta
464 2719 592 2807 quidem
606 2717 730 2803 eloquia
745 2717 802 2781 Dei
810 2741 819 2790 ;
839 2715 893 2780 sed
908 2726 1019 2780 vestrae
1034 2717 1263 2806 interpretatio·

240 2854 308 2905 nes,
321 2841 356 2894 ut
367 2830 415 2894 vei
427 2853 467 2894 ex
478 2828 608 2914 hisquae
619 2849 637 2889 a
649 2837 680 2891 tc
697 2825 835 2912 exposita
853 2835 926 2888 sunt
940 2835 1085 2911 apparet,
1103 2839 1176 2892 arte
1194 2853 1264 2892 cour

239 2941 361 3030 positae,
373 2937 421 3003 vei
434 2938 538 3026 potius
550 2937 662 3024 impiae.
679 2932 815 3022 Angelos
826 2933 911 2997 enim
922 2932 1068 3019 improbe
1081 2958 1117 2999 se
1131 2939 1264 3024 gessise,

239 3060 300 3114 eta
314 3048 381 3112 Deo
393 3047 543 3112 defecisse
556 3045 643 3109 dicis.

282 3156 366 3222 Tum
378 3179 436 3244 ego
449 3154 618 3220 remissiori
630 3175 720 3227 voce,
735 3164 769 3216 nt
780 3174 855 3216 eum
866 3151 906 3215 ad
918 3173 969 3215 me
981 3151 1183 3221 audiendum
1196 3179 1266 3244 pra-

237 3289 396 3356 parnrem‚
410 3269 449 3330 ita
463 3263 632 3352 respondi:
650 3261 810 3335 Admiror‚
828 3259 970 3348 Trypho,
987 3271 1075 3324 tunm
1093 3260 1183 3328 illam
1203 3265 1267 3330 reii-

239 3376 378 3464 gionem,
394 3387 488 3461 teque
498 3373 611 3440 eodem
624 3373 729 3436 animo
742 3369 825 3435 affici
837 3391 950 3458 precor
965 3370 996 3434 in
1007 3393 1096 3445 eum,
1110 3373 1167 3436 eui
1179 3375 1268 3461 scrip

239 3493 307 3546 tum
320 3492 366 3550 est
377 3479 504 3570 angelos
516 3479 708 3552 ministram
725 3475 992 3564 quemadmodum
1003 3477 1047 3541 ait
1056 3477 1187 3555 Daniel,
1200 3505 1268 3546 eum

239 3603 390 3675 tanquam
402 3587 503 3653 filium
514 3587 649 3653 hominis
665 3585 706 3650 ad
717 3585 882 3672 antiquum
895 3585 1017 3649 dierum
1029 3585 1165 3662 adduci,
1181 3592 1269 3677 eique

239 3717 372 3783 regnum
384 3717 477 3758 omne
489 3693 556 3758 dari
568 3695 600 3759 in
612 3691 761 3760 saeculum
773 3690 888 3756 seculi.
905 3691 1007 3776 Atque
1019 3702 1053 3754 ut
1065 3707 1269 3781 perspectum

274 3817 315 3866 ¹13
354 3837 440 3880 arra,
454 3822 488 3870 ιδ.
