2516 4636
336 347 459 391 couraa
482 343 632 390 nauseas.
937 325 1000 390 585

0 477 63 520 res
85 453 324 542 scripturarum
349 451 574 530 intellectores,
601 465 634 518 et
664 452 829 541 utriusque
855 450 1002 542 loquelae,

1 565 166 654 ptaaginta
178 564 317 630 seniores
328 564 483 632 miserunt
493 563 676 640 Ptolemaeo,
688 563 828 630 facturos
839 562 903 630 hoc
917 563 1003 651 quod

1 696 37 738 se
51 671 211 739 voluisset.
230 671 286 739 Illa
298 683 406 740 autern
420 672 674 762 experimentum
688 695 800 739 eorum
812 695 939 740 sumere
953 697 1006 740 vo-

9 805 52 857 vs,
64 792 97 847 et
112 792 257 848 metucns
268 803 309 846 ne
320 779 402 848 torta
413 781 658 858 eonsentientes,
671 804 742 848 eam
752 783 918 850 veritatem
935 805 1006 874 quse

1 898 54 954 set
77 889 108 955 in
128 887 302 978 Scripturis
317 890 551 957 absconderent
566 913 623 980 per
639 891 946 981 interpretationem,
961 917 1009 959 so-

0 1021 86 1064 rans
99 1019 154 1064 eos
169 999 209 1064 ab
226 997 375 1075 invicem,
397 999 489 1088 jussit
508 1021 620 1064 omnes
642 1000 788 1066 camdem
806 1001 1008 1091 interpretari

18 1107 194 1196 riptnram:
212 1118 245 1171 et
255 1107 319 1174 hoc
329 1107 521 1174 inomnibua
535 1105 623 1174 libris
639 1106 724 1174 feeit.
740 1107 1009 1177 Conveniantibus

16 1228 82 1282 tem
103 1216 177 1305 ipsis
197 1215 230 1282 in
245 1239 346 1284 unum
360 1217 448 1307 apud
463 1215 682 1293 Ptolemaeum,
699 1229 732 1283 ct
753 1221 1011 1306 comparantibus

0 1349 47 1392 as
68 1326 355 1416 interpretationes,
381 1326 467 1395 Deus
486 1325 680 1416 glorificatus
701 1339 762 1404 cat,
785 1335 818 1393 et
840 1327 1011 1419 Scriptura)

2 1433 172 1501 redivina
185 1435 312 1528 credite
321 1447 407 1512 sunt,
421 1436 569 1502 omnibus
580 1436 706 1512 eadem
718 1447 752 1502 et
761 1435 1011 1514 eisdem-verbis,

23 1543 144 1610 eisdem
156 1545 351 1620 nominibus,
363 1545 570 1612 recitantibus
586 1546 626 1610 ab
638 1545 729 1612 initio
740 1568 841 1634 usque
853 1544 1012 1622 adfinem,

14 1653 24 1719 i
45 1665 78 1720 et
98 1667 267 1744 presentes
289 1655 407 1722 Gentes
428 1667 658 1746 cognoscerent
676 1644 827 1744 qnoniam
849 1679 909 1746 per
928 1659 1015 1748 aspi-

0 1763 136 1830 ·tionem
150 1764 208 1830 Dei
222 1763 437 1853 interpretata
452 1775 527 1830 sunt
542 1763 725 1852 Scriptura.
744 1767 785 1831 Et
800 1787 865 1832 non
880 1789 948 1832 esse
959 1767 1017 1831 mi-

0 1873 79 1940 bile
89 1875 193 1940 Βοιιιιι
208 1875 272 1940 hoo
287 1875 321 1940 in
332 1875 377 1939 eis
393 1885 573 1963 operatum,
589 1875 718 1961 quando
733 1875 765 1941 in
781 1897 818 1940 ea
835 1875 1017 1965 captivitate

2 1983 91 2072 opnii
107 2003 177 2072 quse
193 1979 275 2049 iacta
291 1995 340 2050 est
361 2007 379 2048 u
395 1981 704 2060 Nabuchodonosor,
727 1987 886 2074 corruptis
907 1985 1018 2076 Scrip-

20 2093 76 2170 ris,
91 2104 125 2159 at
143 2105 215 2182 post
233 2095 431 2183 septuaginta
447 2115 547 2160 annos
567 2094 686 2161 Judaeis
701 2093 968 2162 descendentibus
985 2097 1017 2160 in

5 2205 146 2294 gionem
165 2227 269 2280 suam,
285 2216 357 2293 post
374 2205 492 2272 deinde
506 2204 701 2293 temporibus
713 2203 893 2271 Artaxerxis
908 2203 1020 2271 Parsa*

23 2337 56 2382 m
75 2313 164 2403 regia
176 2313 339 2404 inspiravit
355 2311 465 2379 Esdrae
482 2311 638 2379 sacerdoti
654 2313 756 2380 tribus
770 2313 859 2389 Levi,
879 2315 1019 2404 praeteri·

4 2445 93 2488 rum
108 2423 340 2512 Prophetarum
355 2445 465 2487 omncs
481 2443 694 2486 rememorare
713 2443 888 2498 sermones,
908 2433 941 2488 et
958 2446 1021 2488 res·

0 2546 102 2599 tuere
118 2531 238 2622 populo
253 2555 324 2598 eam
338 2528 440 2621 legem
461 2548 532 2619 qua·
548 2530 620 2596 datu
635 2535 684 2596 e'st
697 2553 754 2618 per
773 2529 927 2618 Moysem.

32 2643 115 2708 Cum
130 2651 217 2708 tanta
232 2641 327 2731 igitur
339 2640 471 2708 ueritate
486 2651 519 2706 et
534 2640 634 2730 gratio
650 2639 708 2705 Dei
729 2639 944 2729 interpretatae
959 2642 1023 2707 siut
1134 2715 1138 2722 ,

0 2753 173 2842 criptum,
188 2752 355 2842 exquibus
370 2751 558 2841 preparavit
576 2761 608 2816 et
625 2749 808 2815 reformavit
821 2749 908 2814 Deus
926 2748 1023 2815 fidem

8 2875 129 2928 ostram
145 2885 217 2950 quae
230 2861 264 2928 in
279 2859 439 2927 Filium'
408 2883 480 2948 equs
496 2869 557 2934 est,
570 2869 603 2922 et
617 2858 751 2923 servavit
763 2857 855 2924 uobis
864 2855 1025 2954 simplices

0 3018 2 3029 ι
32 2974 170 3060 ripturas
192 2973 226 3037 in
245 2969 425 3059 AEgypto,
417 2991 449 3032 vn
473 2989 536 3055 qua
563 2965 701 3032 adolevit
723 2978 757 3031 et
776 2966 891 3033 domus
909 2967 1024 3042 Jacob,
1036 3049 1044 3060 Α

9 3297 190 3372 bHerodc;
202 3309 234 3363 et
243 3293 311 3363 hac
327 3316 437 3364 earum
449 3294 687 3385 scripturarum
699 3297 918 3387 interpretatio
929 3299 1028 3386 prius-

0 3433 91 3497 uam
105 3408 261 3476 Dominus
280 3417 388 3474 noster
403 3406 610 3473 descenderet
630 3405 712 3474 sacta
733 3407 786 3484 sit,
807 3418 840 3474 et
858 3418 1029 3495 antequam

9 3519 167 3588 thristiani
191 3518 433 3586 ostenderentur
455 3519 660 3608 interpretata
681 3518 721 3584 sit
745 3518 855 3606 (natus
876 3527 924 3586 est
942 3519 1028 3586 enim

1 3633 152 3698 tominus
172 3643 281 3700 noster
303 3630 386 3698 circa
401 3629 541 3720 primum
562 3636 595 3694 et
616 3629 893 3720 quadragesimum
909 3651 1028 3696 annum

4 3742 132 3831 Ιιιςιιιῑί
154 3741 292 3832 imperii,
319 3735 421 3806 multo
443 3750 552 3806 autem
571 3739 726 3804 vetustior
747 3737 807 3806 fuit
826 3737 1026 3816 Ptolomeus,

0 3854 58 3917 nb
74 3873 138 3939 quo
155 3851 367 3941 interpretatae
379 3860 454 3914 sunt
468 3847 641 3938 Scripturas
653 3850 682 3938 );
701 3871 775 3916 vere
794 3847 984 3940 impudorati
996 3861 1029 3914 et

19 3957 136 4024 udaces
161 3957 384 4033 ostenduntur,
406 3956 460 4043 qui
483 3979 570 4022 nuno
593 3953 702 4022 volunt
723 3955 814 4023 aliter
841 3959 1030 4047 interpretu-
