2684 4638
418 299 542 344 CONTRA
565 299 716 348 MUSES·

518 433 540 522 3
565 435 609 501 n.

279 586 321 630 DE
337 585 582 631 GONFUTATIONE
605 585 844 631 nnnnntoonntt.

92 708 145 776 Ut
168 701 358 776 haereticos
379 701 560 792 confutet,
592 725 629 776 1⁰
655 704 801 777 illorum
827 701 1079 787 deliramenta,

43 809 1082 912 expositisargumentationumabsurdisexplodi1320haec

44 923 196 1020 insuper
220 947 241 994 a
259 947 485 1022 paganorum
506 921 691 996 erroribus
711 938 894 1022 assumpta
913 921 1080 993 demons-

44 1041 132 1114 trat3
157 1026 190 1092 3ο
208 1026 396 1100 debellatis
416 1029 602 1102 erroribus
625 1033 834 1129 praecipuis,
856 1028 902 1100 ab
926 1028 1079 1099 aliorum

44 1132 295 1214 confutatione
314 1135 570 1208 abstinendum
586 1135 783 1233 prudenter
800 1148 961 1206 annotat.

96 1251 135 1312 1⁰
155 1243 263 1332 Quod
285 1243 330 1314 ad
351 1241 508 1344 absurda
529 1243 687 1340 pertinet
709 1242 851 1314 silentio
870 1241 1079 1340 praetermit-

42 1348 197 1435 tendum
215 1347 400 1440 duximus,
420 1374 503 1422 curn
523 1353 583 1420 vix
598 1363 672 1420 tarn
691 1349 843 1422 ridicula
859 1345 1003 1421 defendi
1017 1369 1079 1442 po·

43 1458 155 1528 tuisse
171 1471 208 1528 et
222 1456 403 1530 confutari
419 1461 513 1532 serio
530 1455 733 1530 videantur.

90 1581 128 1635 2⁰
142 1568 199 1638 Sic
216 1581 338 1638 antem
357 1564 650 1644 Valentinianam
662 1559 857 1662 horesius
869 1563 1077 1664 paganismo

46 1673 141 1746 male
154 1671 383 1774 desumptam
399 1676 542 1772 arguit:
633 1769 638 1777 1

89 1819 190 1888 Multo
201 1822 211 1858 ¹
223 1821 422 1890 verisimilius
433 1833 465 1889 et
475 1823 593 1913 gratius
602 1821 643 1888 de
654 1821 875 1889 universorum
886 1816 992 1908 genesi
1001 1815 1078 1880 dtxo

43 1953 129 1998 unns
147 1932 188 1998 de
209 1931 369 2002 veteribus
387 1934 532 2010 comicis,
547 1932 745 2021 Antiphanes
760 1931 793 1998 in
808 1928 1000 2018 Theogonis.
1021 1923 1079 1992 Ille

41 2040 131 2106 enim
151 2040 191 2106 de
206 2040 308 2108 Nocte
322 2051 356 2108 et
370 2039 504 2108 Silentio
517 2042 621 2108 Chaos
632 2042 785 2108 emissum
799 2040 890 2114 dicit,
907 2038 1023 2104 dehine
1037 2035 1078 2100 de

42 2149 133 2217 Chao
139 2163 171 2218 et
178 2150 279 2218 Nocte
288 2152 494 2241 Cupidinem,
503 2163 536 2218 et
542 2175 580 2218 ex
587 2153 649 2220 hoo
657 2152 792 2229 Lumen,
801 2147 1078 2236 dehinoreliquam

40 2260 219 2328 secundnm
234 2283 310 2326 eum
325 2262 462 2350 primam
476 2261 617 2340 Deorum
632 2261 773 2350 genesin.
788 2261 862 2328 Post
877 2281 956 2348 quos
969 2279 1077 2322 rursus

40 2369 215 2436 secundam
229 2371 372 2437 Deorum
387 2373 624 2462 generationem
641 2371 776 2448 inducit,
792 2385 825 2437 et
845 2369 956 2436 mundi
978 2367 1077 2434 inbri-

40 2481 215 2555 cationems
234 2483 352 2551 dehine
367 2484 407 2550 de
423 2483 571 2551 secundis
593 2485 659 2551 Diis
680 2496 788 2551 narrat
807 2483 974 2550 hominnm
990 2478 1077 2568 plns·

37 2591 225 2657 mationem.
246 2591 336 2660 Unde
350 2593 411 2683 ipsi
426 2605 624 2660 assumentes
640 2595 699 2661 sihi
714 2592 869 2667 fabulam,
887 2589 975 2681 quasi
987 2599 1077 2654 natu·

37 2697 96 2764 raii
118 2699 330 2788 disputatione
350 2701 524 2768 commenti
546 2713 634 2779 aunt,
655 2701 856 2770 solummodo
877 2700 1076 2766 demutantes

37 2831 151 2875 eornm
170 2809 312 2886 nomina,
335 2809 474 2899 idipsum
497 2823 605 2877 autem
625 2812 846 2878 universorum
866 2805 1077 2898 generationis

36 2917 165 2982 initium
181 2930 214 2983 et
228 2919 430 2985 emissionem
445 2919 671 2986 ostendentes:
689 2943 749 3009 pro
765 2919 866 2987 Noote
880 2928 912 2982 et
928 2915 1074 2990 Silentio,

36 3024 182 3112 Bythum
204 3037 236 3092 et
257 3025 354 3116 Sigen
375 3028 593 3101 nominantes}
612 3050 671 3116 pro
687 3028 776 3096 Chao
797 3037 918 3101 antem,
935 3025 1023 3098 Nun:
1043 3035 1076 3090 et

35 3156 100 3224 pro
117 3133 272 3223 Cupidine
288 3135 364 3227 (per
378 3161 487 3224 quam,
503 3139 546 3203 ait
563 3137 725 3214 Cominus,
742 3139 870 3225 reliqua
886 3137 1000 3204 omnio
1012 3136 1075 3202 dis-

31 3244 144 3333 posita
154 3245 181 3332 ),
197 3243 230 3311 hi
246 3243 390 3312 Verbum
405 3259 617 3322 attraxerunts
631 3260 665 3315 ot
679 3271 738 3338 pro
753 3247 914 3338 priminae
928 3244 1073 3311 maximis

31 3352 117 3429 Diis,
133 3351 251 3420 AEonns
266 3353 501 3429 formaverunts
521 3367 553 3423 et
568 3379 627 3446 pro
642 3357 790 3426 secundis
806 3356 885 3432 Diis,
901 3377 986 3430 eam,
1003 3376 1073 3442 qnae

33 3475 83 3529 est
100 3473 188 3529 extra
204 3462 362 3540 Pleroma,
375 3463 482 3530 Matris
498 3467 640 3554 ipsorum
654 3478 804 3534 enarrant
820 3465 1073 3554 dispositionem,

32 3574 212 3641 seeundum
226 3575 392 3664 ogdoaden
408 3589 557 3643 vocantes
572 3599 660 3651 oam;
678 3601 719 3644 ex
732 3599 793 3666 qua
815 3575 925 3643 mundi
940 3575 1075 3642 fabrice·

31 3684 169 3760 tionem,
192 3695 225 3750 et
246 3684 489 3774 plasmationem
517 3686 697 3764 hominnm,
720 3685 863 3753 similiter
890 3696 986 3773 utque
1007 3679 1072 3760 ille,

33 3793 246 3874 annuntient,
272 3795 493 3864 inenarrabilia
520 3809 552 3863 et
578 3796 738 3888 incognito
759 3796 909 3885 mysterio
935 3792 1018 3862 solos
1039 3816 1074 3860 so

70 3922 153 3988 ¹Cap.
170 3939 220 3973 tu.
