<?xml version="1.0" encoding="UTF-8"?>
<!DOCTYPE html PUBLIC "-//W3C//DTD XHTML 1.0 Transitional//EN"
    "http://www.w3.org/TR/xhtml1/DTD/xhtml1-transitional.dtd">
<html xmlns="http://www.w3.org/1999/xhtml" xml:lang="en" lang="en">
 <head>
  <title>
</title>
<meta http-equiv="Content-Type" content="text/html;charset=utf-8" />
  <meta name='ocr-system' content='tesseract 3.04.00' />
  <meta name='ocr-capabilities' content='ocr_page ocr_carea ocr_par ocr_line ocrx_word'/>
</head>
<body>
  <div class='ocr_page' id='page_1' title='image "./collectioselect02guilgoog_0935.png"; bbox 0 0 2648 4634; ppageno 0'>
   <div class='ocr_carea' id='block_1_1' title="bbox 202 255 919 333">
    <p class='ocr_par' dir='ltr' id='par_1_1' title="bbox 202 255 919 333">
     <span class='ocr_line' id='line_1_1' title="bbox 202 255 919 333; baseline 0 -15"><span class='ocrx_word' id='word_1_1' title='bbox 202 255 267 333; x_wconf 67' lang='grc'>456</span> <span class='ocrx_word' id='word_1_2' title='bbox 525 276 637 319; x_wconf 78' lang='lat' dir='ltr'>saucrr</span> <span class='ocrx_word' id='word_1_3' title='bbox 661 275 774 319; x_wconf 70' lang='lat' dir='ltr'>annuns</span> <span class='ocrx_word' id='word_1_4' title='bbox 799 275 859 318; x_wconf 79' lang='lat' dir='ltr'>nm.</span> <span class='ocrx_word' id='word_1_5' title='bbox 887 276 919 318; x_wconf 71' lang='grc' dir='ltr'>ιν</span> 
     </span>
    </p>
   </div>
   <div class='ocr_carea' id='block_1_2' title="bbox 203 381 1240 582">
    <p class='ocr_par' dir='ltr' id='par_1_2' title="bbox 203 381 1240 582">
     <span class='ocr_line' id='line_1_2' title="bbox 204 381 1237 473; baseline 0.001 -25"><span class='ocrx_word' id='word_1_6' title='bbox 204 382 317 454; x_wconf 73' lang='lat' dir='ltr'>cordes</span> <span class='ocrx_word' id='word_1_7' title='bbox 334 381 451 450; x_wconf 86' lang='lat' dir='ltr'>dehinc</span> <span class='ocrx_word' id='word_1_8' title='bbox 462 381 564 448; x_wconf 86' lang='lat' dir='ltr'>simile</span> <span class='ocrx_word' id='word_1_9' title='bbox 576 381 632 458; x_wconf 76' lang='lat' dir='ltr'>illi,</span> <span class='ocrx_word' id='word_1_10' title='bbox 645 382 773 473; x_wconf 87' lang='lat' dir='ltr'>diligere</span> <span class='ocrx_word' id='word_1_11' title='bbox 789 386 972 473; x_wconf 79' lang='lat' dir='ltr'>proximum</span> <span class='ocrx_word' id='word_1_12' title='bbox 985 383 1070 451; x_wconf 86' lang='lat' dir='ltr'>sieut</span> <span class='ocrx_word' id='word_1_13' title='bbox 1081 383 1215 472; x_wconf 82' lang='lat' dir='ltr'>seipsum</span> <span class='ocrx_word' id='word_1_14' title='bbox 1229 411 1237 448; x_wconf 80' lang='lat' dir='ltr'><strong><em>z</em></strong></span> 
     </span>
     <span class='ocr_line' id='line_1_3' title="bbox 203 489 1240 582; baseline 0.002 -26"><span class='ocrx_word' id='word_1_15' title='bbox 203 513 287 558; x_wconf 89' lang='lat' dir='ltr'>unus</span> <span class='ocrx_word' id='word_1_16' title='bbox 302 503 333 555; x_wconf 88' lang='lat' dir='ltr'>et</span> <span class='ocrx_word' id='word_1_17' title='bbox 349 489 431 557; x_wconf 87' lang='lat' dir='ltr'>idem</span> <span class='ocrx_word' id='word_1_18' title='bbox 448 491 627 558; x_wconf 78' lang='lat' dir='ltr'><strong>ostenditur</strong></span> <span class='ocrx_word' id='word_1_19' title='bbox 640 489 731 580; x_wconf 82' lang='lat' dir='ltr'>Legis</span> <span class='ocrx_word' id='word_1_20' title='bbox 746 505 778 558; x_wconf 87' lang='lat' dir='ltr'>et</span> <span class='ocrx_word' id='word_1_21' title='bbox 794 490 955 582; x_wconf 80' lang='lat' dir='ltr'>Evangelii</span> <span class='ocrx_word' id='word_1_22' title='bbox 972 491 1134 560; x_wconf 83' lang='lat' dir='ltr'>conditer.</span> <span class='ocrx_word' id='word_1_23' title='bbox 1155 493 1240 560; x_wconf 84' lang='lat' dir='ltr'>Cen-</span> 
     </span>
    </p>
   </div>
   <div class='ocr_carea' id='block_1_3' title="bbox 203 599 1243 798">
    <p class='ocr_par' dir='ltr' id='par_1_3' title="bbox 203 599 1243 798">
     <span class='ocr_line' id='line_1_4' title="bbox 204 599 1243 689; baseline 0.001 -21"><span class='ocrx_word' id='word_1_24' title='bbox 204 613 367 668; x_wconf 80' lang='lat' dir='ltr'>summatae</span> <span class='ocrx_word' id='word_1_25' title='bbox 384 600 471 668; x_wconf 89' lang='lat' dir='ltr'>enim</span> <span class='ocrx_word' id='word_1_26' title='bbox 488 600 561 666; x_wconf 83' lang='lat' dir='ltr'>ritae</span> <span class='ocrx_word' id='word_1_27' title='bbox 576 611 734 689; x_wconf 76' lang='lat' dir='ltr'>precepta</span> <span class='ocrx_word' id='word_1_28' title='bbox 750 600 782 666; x_wconf 89' lang='lat' dir='ltr'>ia</span> <span class='ocrx_word' id='word_1_29' title='bbox 798 612 935 689; x_wconf 86' lang='lat' dir='ltr'>utroque</span> <span class='ocrx_word' id='word_1_30' title='bbox 946 599 1157 669; x_wconf 71' lang='lat' dir='ltr'>Testamento</span> <span class='ocrx_word' id='word_1_31' title='bbox 1171 623 1243 669; x_wconf 88' lang='lat' dir='ltr'>oum</span> 
     </span>
     <span class='ocr_line' id='line_1_5' title="bbox 203 705 1241 798; baseline -0.002 -22"><span class='ocrx_word' id='word_1_32' title='bbox 203 709 265 776; x_wconf 84' lang='lat' dir='ltr'>sint</span> <span class='ocrx_word' id='word_1_33' title='bbox 279 709 404 782; x_wconf 86' lang='lat' dir='ltr'>eadem,</span> <span class='ocrx_word' id='word_1_34' title='bbox 422 707 574 774; x_wconf 86' lang='lat' dir='ltr'>eumdem</span> <span class='ocrx_word' id='word_1_35' title='bbox 590 705 798 774; x_wconf 84' lang='lat' dir='ltr'>ostenderunt</span> <span class='ocrx_word' id='word_1_36' title='bbox 814 707 917 774; x_wconf 86' lang='lat' dir='ltr'>Deum</span> <span class='ocrx_word' id='word_1_37' title='bbox 937 733 945 774; x_wconf 92' lang='lat'><strong>:</strong></span> <span class='ocrx_word' id='word_1_38' title='bbox 965 710 1020 797; x_wconf 89' lang='lat' dir='ltr'>qui</span> <span class='ocrx_word' id='word_1_39' title='bbox 1038 707 1241 798; x_wconf 78' lang='lat' dir='ltr'>particularia</span> 
     </span>
    </p>
   </div>
   <div class='ocr_carea' id='block_1_4' title="bbox 200 817 1244 2464">
    <p class='ocr_par' dir='ltr' id='par_1_4' title="bbox 201 817 1242 1104">
     <span class='ocr_line' id='line_1_6' title="bbox 202 817 1237 908; baseline 0 -25"><span class='ocrx_word' id='word_1_40' title='bbox 202 818 329 906; x_wconf 82' lang='lat' dir='ltr'>quidem</span> <span class='ocrx_word' id='word_1_41' title='bbox 344 829 503 906; x_wconf 73' lang='lat' dir='ltr'>precepta</span> <span class='ocrx_word' id='word_1_42' title='bbox 515 829 587 906; x_wconf 87' lang='lat' dir='ltr'>apta</span> <span class='ocrx_word' id='word_1_43' title='bbox 607 817 749 904; x_wconf 87' lang='lat' dir='ltr'>utrisque</span> <span class='ocrx_word' id='word_1_44' title='bbox 765 817 934 908; x_wconf 72' lang='lat' dir='ltr'>praeoepitr</span> <span class='ocrx_word' id='word_1_45' title='bbox 949 818 1006 884; x_wconf 88' lang='lat' dir='ltr'>sed</span> <span class='ocrx_word' id='word_1_46' title='bbox 1024 819 1237 886; x_wconf 87' lang='lat' dir='ltr'>eminentiora</span> 
     </span>
     <span class='ocr_line' id='line_1_7' title="bbox 201 927 1242 1017; baseline 0 -23"><span class='ocrx_word' id='word_1_47' title='bbox 201 941 234 994; x_wconf 94' lang='lat' dir='ltr'>et</span> <span class='ocrx_word' id='word_1_48' title='bbox 247 949 384 1002; x_wconf 78' lang='lat' dir='ltr'>summe,</span> <span class='ocrx_word' id='word_1_49' title='bbox 406 928 474 994; x_wconf 91' lang='lat' dir='ltr'>siue</span> <span class='ocrx_word' id='word_1_50' title='bbox 493 928 610 1017; x_wconf 88' lang='lat' dir='ltr'>quibus</span> <span class='ocrx_word' id='word_1_51' title='bbox 629 927 740 996; x_wconf 87' lang='lat' dir='ltr'>salvari</span> <span class='ocrx_word' id='word_1_52' title='bbox 756 950 821 996; x_wconf 90' lang='lat' dir='ltr'>non</span> <span class='ocrx_word' id='word_1_53' title='bbox 835 940 896 1005; x_wconf 85' lang='lat' dir='ltr'>est,</span> <span class='ocrx_word' id='word_1_54' title='bbox 916 928 951 996; x_wconf 92' lang='lat' dir='ltr'>in</span> <span class='ocrx_word' id='word_1_55' title='bbox 973 941 1116 1016; x_wconf 85' lang='lat' dir='ltr'>utroque</span> <span class='ocrx_word' id='word_1_56' title='bbox 1133 929 1242 994; x_wconf 79' lang='lat' dir='ltr'>eadem</span> 
     </span>
     <span class='ocr_line' id='line_1_8' title="bbox 201 1039 312 1104; baseline -0.009 0"><span class='ocrx_word' id='word_1_57' title='bbox 201 1039 312 1104; x_wconf 82' lang='lat' dir='ltr'>sunsit.</span> 
     </span>
    </p>

    <p class='ocr_par' dir='ltr' id='par_1_5' title="bbox 200 1146 1244 2464">
     <span class='ocr_line' id='line_1_9' title="bbox 244 1146 1243 1228; baseline 0.003 -14"><span class='ocrx_word' id='word_1_58' title='bbox 244 1146 297 1216; x_wconf 85' lang='lat' dir='ltr'>lv.</span> <span class='ocrx_word' id='word_1_59' title='bbox 318 1148 424 1228; x_wconf 89' lang='lat' dir='ltr'>Quem</span> <span class='ocrx_word' id='word_1_60' title='bbox 451 1162 559 1216; x_wconf 88' lang='lat' dir='ltr'>autem</span> <span class='ocrx_word' id='word_1_61' title='bbox 581 1171 645 1216; x_wconf 92' lang='lat' dir='ltr'>non</span> <span class='ocrx_word' id='word_1_62' title='bbox 672 1147 848 1219; x_wconf 83' lang='lat' dir='ltr'>oenfundat</span> <span class='ocrx_word' id='word_1_63' title='bbox 873 1149 1045 1225; x_wconf 77' lang='lat' dir='ltr'>Dominus.</span> <span class='ocrx_word' id='word_1_64' title='bbox 1072 1149 1243 1217; x_wconf 81' lang='lat' dir='ltr'>ostendens</span> 
     </span>
     <span class='ocr_line' id='line_1_10' title="bbox 200 1256 1244 1350; baseline 0.001 -24"><span class='ocrx_word' id='word_1_65' title='bbox 200 1281 266 1326; x_wconf 89' lang='lat' dir='ltr'>non</span> <span class='ocrx_word' id='word_1_66' title='bbox 281 1259 321 1324; x_wconf 88' lang='lat' dir='ltr'>ab</span> <span class='ocrx_word' id='word_1_67' title='bbox 337 1256 437 1324; x_wconf 82' lang='lat' dir='ltr'>altero</span> <span class='ocrx_word' id='word_1_68' title='bbox 449 1258 516 1326; x_wconf 86' lang='lat' dir='ltr'>Deo</span> <span class='ocrx_word' id='word_1_69' title='bbox 527 1281 596 1326; x_wconf 87' lang='lat' dir='ltr'>esse</span> <span class='ocrx_word' id='word_1_70' title='bbox 610 1258 742 1350; x_wconf 80' lang='lat' dir='ltr'>Legem,</span> <span class='ocrx_word' id='word_1_71' title='bbox 756 1261 803 1328; x_wconf 85' lang='lat' dir='ltr'>sie</span> <span class='ocrx_word' id='word_1_72' title='bbox 818 1261 928 1328; x_wconf 88' lang='lat' dir='ltr'>dioens</span> <span class='ocrx_word' id='word_1_73' title='bbox 943 1259 988 1325; x_wconf 89' lang='lat' dir='ltr'>eis</span> <span class='ocrx_word' id='word_1_74' title='bbox 1005 1261 1061 1348; x_wconf 91' lang='lat' dir='ltr'>qui</span> <span class='ocrx_word' id='word_1_75' title='bbox 1078 1283 1097 1326; x_wconf 88' lang='lat' dir='ltr'>a</span> <span class='ocrx_word' id='word_1_76' title='bbox 1110 1283 1147 1326; x_wconf 83' lang='lat' dir='ltr'>se</span> <span class='ocrx_word' id='word_1_77' title='bbox 1158 1258 1244 1327; x_wconf 77' lang='lat' dir='ltr'>dooe</span> 
     </span>
     <span class='ocr_line' id='line_1_11' title="bbox 201 1368 1243 1461; baseline 0 -25"><span class='ocrx_word' id='word_1_78' title='bbox 201 1372 332 1446; x_wconf 85' lang='lat' dir='ltr'>bantur,</span> <span class='ocrx_word' id='word_1_79' title='bbox 351 1371 453 1438; x_wconf 69' lang='lat' dir='ltr'>turbon</span> <span class='ocrx_word' id='word_1_80' title='bbox 468 1382 500 1435; x_wconf 89' lang='lat' dir='ltr'>et</span> <span class='ocrx_word' id='word_1_81' title='bbox 514 1368 680 1459; x_wconf 68' lang='lat' dir='ltr'><strong>discipulis</strong></span> <span class='ocrx_word' id='word_1_82' title='bbox 698 1395 706 1435; x_wconf 70' lang='grc' dir='ltr'><strong>ι</strong></span> <span class='ocrx_word' id='word_1_83' title='bbox 726 1370 859 1461; x_wconf 78' lang='lat' dir='ltr'>«Super</span> <span class='ocrx_word' id='word_1_84' title='bbox 873 1368 1064 1436; x_wconf 73' lang='lat' dir='ltr'>cathedram</span> <span class='ocrx_word' id='word_1_85' title='bbox 1080 1369 1185 1457; x_wconf 78' lang='lat' dir='ltr'>Moysi</span> <span class='ocrx_word' id='word_1_86' title='bbox 1196 1394 1243 1436; x_wconf 83' lang='lat' dir='ltr'>se·</span> 
     </span>
     <span class='ocr_line' id='line_1_12' title="bbox 202 1477 1244 1568; baseline 0.003 -28"><span class='ocrx_word' id='word_1_87' title='bbox 202 1480 346 1546; x_wconf 78' lang='lat' dir='ltr'>»derunt</span> <span class='ocrx_word' id='word_1_88' title='bbox 359 1477 482 1546; x_wconf 62' lang='lat' dir='ltr'>,Serihae</span> <span class='ocrx_word' id='word_1_89' title='bbox 497 1491 529 1546; x_wconf 85' lang='lat' dir='ltr'>et</span> <span class='ocrx_word' id='word_1_90' title='bbox 544 1478 703 1548; x_wconf 77' lang='lat' dir='ltr'>Phariraet</span> <span class='ocrx_word' id='word_1_91' title='bbox 720 1479 836 1546; x_wconf 85' lang='lat' dir='ltr'>Omnia</span> <span class='ocrx_word' id='word_1_92' title='bbox 856 1480 964 1568; x_wconf 86' lang='lat' dir='ltr'>itaque</span> <span class='ocrx_word' id='word_1_93' title='bbox 975 1499 1194 1568; x_wconf 64' lang='lat' dir='ltr'>meumque</span> <span class='ocrx_word' id='word_1_94' title='bbox 1205 1479 1244 1544; x_wconf 75' lang='lat' dir='ltr'>di</span> 
     </span>
     <span class='ocr_line' id='line_1_13' title="bbox 203 1587 1242 1678; baseline 0.005 -27"><span class='ocrx_word' id='word_1_95' title='bbox 203 1590 334 1656; x_wconf 73' lang='lat' dir='ltr'>»serint</span> <span class='ocrx_word' id='word_1_96' title='bbox 353 1589 453 1665; x_wconf 81' lang='lat' dir='ltr'>vehis,</span> <span class='ocrx_word' id='word_1_97' title='bbox 475 1589 630 1656; x_wconf 79' lang='lat' dir='ltr'>custodite</span> <span class='ocrx_word' id='word_1_98' title='bbox 648 1602 682 1656; x_wconf 87' lang='lat' dir='ltr'>et</span> <span class='ocrx_word' id='word_1_99' title='bbox 697 1587 809 1663; x_wconf 73' lang='lat' dir='ltr'>leuiter</span> <span class='ocrx_word' id='word_1_100' title='bbox 827 1589 1003 1656; x_wconf 89' lang='lat' dir='ltr'>seeundum</span> <span class='ocrx_word' id='word_1_101' title='bbox 1019 1601 1134 1656; x_wconf 88' lang='lat' dir='ltr'>autem</span> <span class='ocrx_word' id='word_1_102' title='bbox 1154 1612 1242 1678; x_wconf 79' lang='lat' dir='ltr'>opera</span> 
     </span>
     <span class='ocr_line' id='line_1_14' title="bbox 202 1694 1241 1788; baseline 0.005 -28"><span class='ocrx_word' id='word_1_103' title='bbox 202 1725 216 1760; x_wconf 73' lang='lat' dir='ltr'>r</span> <span class='ocrx_word' id='word_1_104' title='bbox 230 1719 342 1764; x_wconf 90' lang='lat' dir='ltr'>eorum</span> <span class='ocrx_word' id='word_1_105' title='bbox 356 1694 454 1762; x_wconf 88' lang='lat' dir='ltr'>nolite</span> <span class='ocrx_word' id='word_1_106' title='bbox 468 1695 573 1763; x_wconf 81' lang='lat' dir='ltr'>fecere</span> <span class='ocrx_word' id='word_1_107' title='bbox 586 1721 595 1761; x_wconf 78' lang='grc' dir='ltr'><strong><em>ε</em></strong></span> <span class='ocrx_word' id='word_1_108' title='bbox 610 1696 722 1765; x_wconf 76' lang='lat' dir='ltr'>dauns</span> <span class='ocrx_word' id='word_1_109' title='bbox 733 1699 820 1764; x_wconf 91' lang='lat' dir='ltr'>enim</span> <span class='ocrx_word' id='word_1_110' title='bbox 831 1710 865 1764; x_wconf 90' lang='lat' dir='ltr'>et</span> <span class='ocrx_word' id='word_1_111' title='bbox 875 1719 939 1764; x_wconf 90' lang='lat' dir='ltr'>non</span> <span class='ocrx_word' id='word_1_112' title='bbox 956 1696 1093 1765; x_wconf 81' lang='lat' dir='ltr'>iaciunt.</span> <span class='ocrx_word' id='word_1_113' title='bbox 1109 1697 1241 1788; x_wconf 75' lang='lat' dir='ltr'>diligant</span> 
     </span>
     <span class='ocr_line' id='line_1_15' title="bbox 202 1807 1240 1898; baseline 0.006 -28"><span class='ocrx_word' id='word_1_114' title='bbox 202 1809 316 1878; x_wconf 80' lang='lat' dir='ltr'>»enim</span> <span class='ocrx_word' id='word_1_115' title='bbox 334 1807 471 1874; x_wconf 84' lang='lat' dir='ltr'>sarcinas</span> <span class='ocrx_word' id='word_1_116' title='bbox 486 1829 610 1896; x_wconf 64' lang='lat' dir='ltr'>graves</span> <span class='ocrx_word' id='word_1_117' title='bbox 625 1819 658 1873; x_wconf 85' lang='lat' dir='ltr'>et</span> <span class='ocrx_word' id='word_1_118' title='bbox 671 1809 842 1898; x_wconf 88' lang='lat' dir='ltr'>imponunt</span> <span class='ocrx_word' id='word_1_119' title='bbox 856 1831 952 1898; x_wconf 84' lang='lat' dir='ltr'>super</span> <span class='ocrx_word' id='word_1_120' title='bbox 966 1807 1126 1874; x_wconf 86' lang='lat' dir='ltr'>humeros</span> <span class='ocrx_word' id='word_1_121' title='bbox 1142 1809 1240 1876; x_wconf 87' lang='lat' dir='ltr'>homi-</span> 
     </span>
     <span class='ocr_line' id='line_1_16' title="bbox 203 1915 1234 2006; baseline 0.005 -26"><span class='ocrx_word' id='word_1_122' title='bbox 203 1938 324 1990; x_wconf 71' lang='lat' dir='ltr'>rnum3</span> <span class='ocrx_word' id='word_1_123' title='bbox 339 1915 397 2003; x_wconf 89' lang='lat' dir='ltr'>ipsi</span> <span class='ocrx_word' id='word_1_124' title='bbox 408 1927 517 1982; x_wconf 86' lang='lat' dir='ltr'>sutem</span> <span class='ocrx_word' id='word_1_125' title='bbox 529 1936 588 1983; x_wconf 88' lang='lat' dir='ltr'>aee</span> <span class='ocrx_word' id='word_1_126' title='bbox 603 1915 702 2006; x_wconf 85' lang='lat' dir='ltr'>digito</span> <span class='ocrx_word' id='word_1_127' title='bbox 717 1917 848 2006; x_wconf 85' lang='lat' dir='ltr'>quidem</span> <span class='ocrx_word' id='word_1_128' title='bbox 860 1915 970 1983; x_wconf 82' lang='lat' dir='ltr'>volunt</span> <span class='ocrx_word' id='word_1_129' title='bbox 982 1941 1037 1984; x_wconf 83' lang='lat' dir='ltr'>eas</span> <span class='ocrx_word' id='word_1_130' title='bbox 1052 1919 1234 1985; x_wconf 78' lang='lat' dir='ltr'>morere¹.»</span> 
     </span>
     <span class='ocr_line' id='line_1_17' title="bbox 205 2023 1238 2115; baseline 0 -23"><span class='ocrx_word' id='word_1_131' title='bbox 205 2023 276 2092; x_wconf 89' lang='lat' dir='ltr'>Non</span> <span class='ocrx_word' id='word_1_132' title='bbox 288 2047 364 2115; x_wconf 89' lang='lat' dir='ltr'>ergo</span> <span class='ocrx_word' id='word_1_133' title='bbox 381 2046 452 2090; x_wconf 84' lang='lat' dir='ltr'>eam</span> <span class='ocrx_word' id='word_1_134' title='bbox 463 2023 581 2114; x_wconf 82' lang='lat' dir='ltr'>Legem</span> <span class='ocrx_word' id='word_1_135' title='bbox 595 2047 666 2113; x_wconf 81' lang='lat' dir='ltr'>quae</span> <span class='ocrx_word' id='word_1_136' title='bbox 680 2036 729 2092; x_wconf 85' lang='lat' dir='ltr'>est</span> <span class='ocrx_word' id='word_1_137' title='bbox 744 2047 802 2114; x_wconf 82' lang='lat' dir='ltr'>per</span> <span class='ocrx_word' id='word_1_138' title='bbox 817 2025 959 2115; x_wconf 82' lang='lat' dir='ltr'>Moysem</span> <span class='ocrx_word' id='word_1_139' title='bbox 975 2027 1050 2093; x_wconf 86' lang='lat' dir='ltr'>data</span> <span class='ocrx_word' id='word_1_140' title='bbox 1066 2028 1238 2102; x_wconf 78' lang='lat' dir='ltr'>incusabat,</span> 
     </span>
     <span class='ocr_line' id='line_1_18' title="bbox 203 2130 1239 2222; baseline 0.004 -24"><span class='ocrx_word' id='word_1_141' title='bbox 203 2156 299 2221; x_wconf 90' lang='lat' dir='ltr'>quam</span> <span class='ocrx_word' id='word_1_142' title='bbox 319 2133 425 2200; x_wconf 89' lang='lat' dir='ltr'>adhue</span> <span class='ocrx_word' id='word_1_143' title='bbox 446 2130 538 2200; x_wconf 81' lang='lat' dir='ltr'>salvis</span> <span class='ocrx_word' id='word_1_144' title='bbox 561 2131 786 2222; x_wconf 80' lang='lat' dir='ltr'>Hierosolymis</span> <span class='ocrx_word' id='word_1_145' title='bbox 808 2133 963 2202; x_wconf 77' lang='lat' dir='ltr'>suadebat</span> <span class='ocrx_word' id='word_1_146' title='bbox 987 2134 1079 2210; x_wconf 69' lang='lat' dir='ltr'>lieris</span> <span class='ocrx_word' id='word_1_147' title='bbox 1098 2137 1157 2204; x_wconf 87' lang='lat' dir='ltr'>sed</span> <span class='ocrx_word' id='word_1_148' title='bbox 1177 2136 1239 2202; x_wconf 85' lang='lat' dir='ltr'>illos</span> 
     </span>
     <span class='ocr_line' id='line_1_19' title="bbox 202 2243 1241 2340; baseline 0.004 -31"><span class='ocrx_word' id='word_1_149' title='bbox 202 2245 425 2333; x_wconf 79' lang='lat' dir='ltr'>redarguebat,</span> <span class='ocrx_word' id='word_1_150' title='bbox 439 2243 525 2332; x_wconf 88' lang='lat' dir='ltr'>quod</span> <span class='ocrx_word' id='word_1_151' title='bbox 541 2243 637 2340; x_wconf 75' lang='lat' dir='ltr'>verba</span> <span class='ocrx_word' id='word_1_152' title='bbox 652 2244 782 2335; x_wconf 87' lang='lat' dir='ltr'>quidem</span> <span class='ocrx_word' id='word_1_153' title='bbox 796 2243 887 2335; x_wconf 85' lang='lat' dir='ltr'>Legis</span> <span class='ocrx_word' id='word_1_154' title='bbox 902 2245 1127 2323; x_wconf 85' lang='lat' dir='ltr'>enuntiarent.</span> <span class='ocrx_word' id='word_1_155' title='bbox 1142 2261 1241 2314; x_wconf 80' lang='lat' dir='ltr'>essent</span> 
     </span>
     <span class='ocr_line' id='line_1_20' title="bbox 201 2350 1239 2464; baseline 0.004 -46"><span class='ocrx_word' id='word_1_156' title='bbox 201 2363 308 2418; x_wconf 84' lang='lat' dir='ltr'>sutem</span> <span class='ocrx_word' id='word_1_157' title='bbox 338 2351 405 2420; x_wconf 89' lang='lat' dir='ltr'>sine</span> <span class='ocrx_word' id='word_1_158' title='bbox 432 2350 604 2420; x_wconf 85' lang='lat' dir='ltr'>dilectione</span> <span class='ocrx_word' id='word_1_159' title='bbox 626 2375 644 2430; x_wconf 48' lang='lat'>=¹</span> <span class='ocrx_word' id='word_1_160' title='bbox 660 2365 694 2419; x_wconf 87' lang='lat' dir='ltr'>et</span> <span class='ocrx_word' id='word_1_161' title='bbox 714 2365 844 2443; x_wconf 84' lang='lat' dir='ltr'>propter</span> <span class='ocrx_word' id='word_1_162' title='bbox 866 2353 928 2421; x_wconf 88' lang='lat' dir='ltr'>hoo</span> <span class='ocrx_word' id='word_1_163' title='bbox 947 2354 1065 2464; x_wconf 70' lang='lat' dir='ltr'>injusti</span> <span class='ocrx_word' id='word_1_164' title='bbox 1086 2357 1120 2422; x_wconf 88' lang='lat' dir='ltr'>in</span> <span class='ocrx_word' id='word_1_165' title='bbox 1143 2356 1239 2422; x_wconf 81' lang='lat' dir='ltr'>Deum</span> 
     </span>
    </p>
   </div>
   <div class='ocr_carea' id='block_1_5' title="bbox 200 2461 1317 2757">
    <p class='ocr_par' dir='ltr' id='par_1_6' title="bbox 200 2461 1317 2757">
     <span class='ocr_line' id='line_1_21' title="bbox 200 2461 1317 2550; baseline 0.003 -24"><span class='ocrx_word' id='word_1_166' title='bbox 200 2473 234 2526; x_wconf 88' lang='lat' dir='ltr'>et</span> <span class='ocrx_word' id='word_1_167' title='bbox 247 2462 280 2527; x_wconf 90' lang='lat' dir='ltr'>in</span> <span class='ocrx_word' id='word_1_168' title='bbox 296 2463 455 2550; x_wconf 78' lang='lat' dir='ltr'>proximos</span> <span class='ocrx_word' id='word_1_169' title='bbox 469 2462 669 2530; x_wconf 87' lang='lat' dir='ltr'>exstiterunt.</span> <span class='ocrx_word' id='word_1_170' title='bbox 689 2461 969 2542; x_wconf 88' lang='lat' dir='ltr'>Quemadmodum</span> <span class='ocrx_word' id='word_1_171' title='bbox 990 2476 1024 2530; x_wconf 92' lang='lat' dir='ltr'>et</span> <span class='ocrx_word' id='word_1_172' title='bbox 1046 2465 1156 2530; x_wconf 76' lang='lat' dir='ltr'>Esaias</span> <span class='ocrx_word' id='word_1_173' title='bbox 1171 2465 1213 2531; x_wconf 86' lang='lat' dir='ltr'>sit</span> <span class='ocrx_word' id='word_1_174' title='bbox 1228 2487 1235 2529; x_wconf 73' lang='grc' dir='ltr'><strong><em>ε</em></strong></span> <span class='ocrx_word' id='word_1_175' title='bbox 1316 2475 1317 2502; x_wconf 54' lang='lat' dir='ltr'>t</span> 
     </span>
     <span class='ocr_line' id='line_1_22' title="bbox 212 2567 1317 2662; baseline 0.007 -26"><span class='ocrx_word' id='word_1_176' title='bbox 212 2567 379 2660; x_wconf 75' lang='lat' dir='ltr'>«Populus</span> <span class='ocrx_word' id='word_1_177' title='bbox 394 2569 448 2637; x_wconf 86' lang='lat' dir='ltr'>hio</span> <span class='ocrx_word' id='word_1_178' title='bbox 461 2567 553 2639; x_wconf 88' lang='lat' dir='ltr'>labiis</span> <span class='ocrx_word' id='word_1_179' title='bbox 573 2591 625 2636; x_wconf 89' lang='lat' dir='ltr'>me</span> <span class='ocrx_word' id='word_1_180' title='bbox 648 2568 797 2645; x_wconf 83' lang='lat' dir='ltr'>honorat,</span> <span class='ocrx_word' id='word_1_181' title='bbox 812 2593 869 2638; x_wconf 86' lang='lat' dir='ltr'>eor</span> <span class='ocrx_word' id='word_1_182' title='bbox 891 2583 1000 2638; x_wconf 89' lang='lat' dir='ltr'>autem</span> <span class='ocrx_word' id='word_1_183' title='bbox 1020 2595 1137 2640; x_wconf 90' lang='lat' dir='ltr'>eorum</span> <span class='ocrx_word' id='word_1_184' title='bbox 1152 2573 1236 2662; x_wconf 79' lang='lat' dir='ltr'>longe</span> <span class='ocrx_word' id='word_1_185' title='bbox 1316 2603 1317 2644; x_wconf 72' lang='lat' dir='ltr'>l</span> 
     </span>
     <span class='ocr_line' id='line_1_23' title="bbox 202 2677 1317 2757; baseline 0.008 -15"><span class='ocrx_word' id='word_1_186' title='bbox 202 2690 310 2748; x_wconf 70' lang='lat' dir='ltr'>resta</span> <span class='ocrx_word' id='word_1_187' title='bbox 332 2703 394 2747; x_wconf 91' lang='lat' dir='ltr'>me.</span> <span class='ocrx_word' id='word_1_188' title='bbox 418 2679 549 2746; x_wconf 79' lang='lat' dir='ltr'>Frustra</span> <span class='ocrx_word' id='word_1_189' title='bbox 566 2691 681 2746; x_wconf 86' lang='lat' dir='ltr'>autem</span> <span class='ocrx_word' id='word_1_190' title='bbox 698 2677 810 2748; x_wconf 83' lang='lat' dir='ltr'>colunt</span> <span class='ocrx_word' id='word_1_191' title='bbox 825 2691 890 2757; x_wconf 84' lang='lat' dir='ltr'>me,</span> <span class='ocrx_word' id='word_1_192' title='bbox 908 2679 1062 2748; x_wconf 80' lang='lat' dir='ltr'>decentes</span> <span class='ocrx_word' id='word_1_193' title='bbox 1081 2683 1239 2750; x_wconf 79' lang='lat' dir='ltr'>doetrinae</span> <span class='ocrx_word' id='word_1_194' title='bbox 1316 2693 1317 2700; x_wconf 75' lang='grc'>’</span> 
     </span>
    </p>
   </div>
   <div class='ocr_carea' id='block_1_6' title="bbox 202 2751 1317 2884">
    <p class='ocr_par' dir='ltr' id='par_1_7' title="bbox 202 2751 1317 2884">
     <span class='ocr_line' id='line_1_24' title="bbox 202 2751 1317 2884; baseline 0.006 -32"><span class='ocrx_word' id='word_1_195' title='bbox 202 2818 215 2852; x_wconf 76' lang='grc' dir='ltr'>ι</span> <span class='ocrx_word' id='word_1_196' title='bbox 229 2802 261 2856; x_wconf 91' lang='lat' dir='ltr'>et</span> <span class='ocrx_word' id='word_1_197' title='bbox 275 2801 432 2879; x_wconf 68' lang='lat' dir='ltr'>precepta</span> <span class='ocrx_word' id='word_1_198' title='bbox 445 2788 613 2857; x_wconf 89' lang='lat' dir='ltr'>hominum</span> <span class='ocrx_word' id='word_1_199' title='bbox 622 2786 645 2854; x_wconf 83' lang='lat'>².</span> <span class='ocrx_word' id='word_1_200' title='bbox 664 2788 761 2884; x_wconf 74' lang='lat' dir='ltr'>»Non</span> <span class='ocrx_word' id='word_1_201' title='bbox 775 2810 833 2879; x_wconf 88' lang='lat' dir='ltr'>per</span> <span class='ocrx_word' id='word_1_202' title='bbox 847 2787 990 2877; x_wconf 84' lang='lat' dir='ltr'>Moysem</span> <span class='ocrx_word' id='word_1_203' title='bbox 1006 2790 1117 2858; x_wconf 80' lang='lat' dir='ltr'>datum</span> <span class='ocrx_word' id='word_1_204' title='bbox 1127 2792 1240 2882; x_wconf 83' lang='lat' dir='ltr'>Legem</span> <span class='ocrx_word' id='word_1_205' title='bbox 1316 2751 1317 2826; x_wconf 80' lang='lat' dir='ltr'>l</span> 
     </span>
    </p>
   </div>
   <div class='ocr_carea' id='block_1_7' title="bbox 202 2895 1236 2990">
    <p class='ocr_par' dir='ltr' id='par_1_8' title="bbox 202 2895 1236 2990">
     <span class='ocr_line' id='line_1_25' title="bbox 202 2895 1236 2990; baseline 0.002 -26"><span class='ocrx_word' id='word_1_206' title='bbox 202 2898 311 2964; x_wconf 78' lang='lat' dir='ltr'>dicens</span> <span class='ocrx_word' id='word_1_207' title='bbox 326 2909 483 2987; x_wconf 79' lang='lat' dir='ltr'>praeeepts</span> <span class='ocrx_word' id='word_1_208' title='bbox 500 2897 681 2974; x_wconf 84' lang='lat' dir='ltr'>hominum,</span> <span class='ocrx_word' id='word_1_209' title='bbox 698 2895 754 2964; x_wconf 85' lang='lat' dir='ltr'>sed</span> <span class='ocrx_word' id='word_1_210' title='bbox 775 2897 960 2966; x_wconf 85' lang='lat' dir='ltr'>traditiones</span> <span class='ocrx_word' id='word_1_211' title='bbox 975 2901 1236 2990; x_wconf 82' lang='lat' dir='ltr'>presbyterorum</span> 
     </span>
    </p>
   </div>
   <div class='ocr_carea' id='block_1_8' title="bbox 201 3005 1317 3100">
    <p class='ocr_par' dir='ltr' id='par_1_9' title="bbox 201 3005 1317 3100">
     <span class='ocr_line' id='line_1_26' title="bbox 201 3005 1317 3100; baseline 0.006 -28"><span class='ocrx_word' id='word_1_212' title='bbox 201 3007 447 3096; x_wconf 87' lang='lat' dir='ltr'>ipsorum‚quas</span> <span class='ocrx_word' id='word_1_213' title='bbox 459 3005 630 3083; x_wconf 77' lang='lat' dir='ltr'>finxerunt,</span> <span class='ocrx_word' id='word_1_214' title='bbox 643 3029 721 3095; x_wconf 86' lang='lat' dir='ltr'>quas</span> <span class='ocrx_word' id='word_1_215' title='bbox 733 3005 929 3076; x_wconf 79' lang='lat' dir='ltr'>vindicantes</span> <span class='ocrx_word' id='word_1_216' title='bbox 939 3007 1239 3078; x_wconf 74' lang='lat' dir='ltr'>frustrabantane</span> <span class='ocrx_word' id='word_1_217' title='bbox 1316 3097 1317 3100; x_wconf 8' lang='grc' dir='ltr'><strong>Ἴ</strong></span> 
     </span>
    </p>
   </div>
   <div class='ocr_carea' id='block_1_9' title="bbox 203 3115 1240 3208">
    <p class='ocr_par' dir='ltr' id='par_1_10' title="bbox 203 3115 1240 3208">
     <span class='ocr_line' id='line_1_27' title="bbox 203 3115 1240 3208; baseline 0.004 -24"><span class='ocrx_word' id='word_1_218' title='bbox 203 3140 276 3208; x_wconf 89' lang='lat' dir='ltr'>gem</span> <span class='ocrx_word' id='word_1_219' title='bbox 292 3115 363 3192; x_wconf 87' lang='lat' dir='ltr'>Dei,</span> <span class='ocrx_word' id='word_1_220' title='bbox 379 3127 413 3182; x_wconf 90' lang='lat' dir='ltr'>et</span> <span class='ocrx_word' id='word_1_221' title='bbox 426 3130 556 3206; x_wconf 76' lang='lat' dir='ltr'>propter</span> <span class='ocrx_word' id='word_1_222' title='bbox 572 3117 635 3184; x_wconf 88' lang='lat' dir='ltr'>hoo</span> <span class='ocrx_word' id='word_1_223' title='bbox 649 3139 711 3184; x_wconf 88' lang='lat' dir='ltr'>nee</span> <span class='ocrx_word' id='word_1_224' title='bbox 721 3115 829 3186; x_wconf 86' lang='lat' dir='ltr'>Verbo</span> <span class='ocrx_word' id='word_1_225' title='bbox 840 3120 910 3208; x_wconf 84' lang='lat' dir='ltr'>ejus</span> <span class='ocrx_word' id='word_1_226' title='bbox 923 3120 1062 3207; x_wconf 82' lang='lat' dir='ltr'>subjecti</span> <span class='ocrx_word' id='word_1_227' title='bbox 1073 3135 1161 3187; x_wconf 87' lang='lat' dir='ltr'>sunt.</span> <span class='ocrx_word' id='word_1_228' title='bbox 1177 3123 1240 3188; x_wconf 83' lang='lat' dir='ltr'>llos</span> 
     </span>
    </p>
   </div>
   <div class='ocr_carea' id='block_1_10' title="bbox 204 3224 1317 3320">
    <p class='ocr_par' dir='ltr' id='par_1_11' title="bbox 204 3224 1317 3320">
     <span class='ocr_line' id='line_1_28' title="bbox 204 3224 1317 3320; baseline 0.004 -26"><span class='ocrx_word' id='word_1_229' title='bbox 204 3227 290 3294; x_wconf 89' lang='lat' dir='ltr'>enim</span> <span class='ocrx_word' id='word_1_230' title='bbox 307 3238 355 3292; x_wconf 86' lang='lat' dir='ltr'>est</span> <span class='ocrx_word' id='word_1_231' title='bbox 370 3225 457 3315; x_wconf 88' lang='lat' dir='ltr'>qued</span> <span class='ocrx_word' id='word_1_232' title='bbox 466 3239 499 3292; x_wconf 86' lang='lat' dir='ltr'>et</span> <span class='ocrx_word' id='word_1_233' title='bbox 510 3249 527 3290; x_wconf 85' lang='lat' dir='ltr'>s</span> <span class='ocrx_word' id='word_1_234' title='bbox 539 3224 637 3292; x_wconf 85' lang='lat' dir='ltr'>Paule</span> <span class='ocrx_word' id='word_1_235' title='bbox 650 3224 768 3296; x_wconf 87' lang='lat' dir='ltr'>dicitur</span> <span class='ocrx_word' id='word_1_236' title='bbox 779 3227 819 3294; x_wconf 91' lang='lat' dir='ltr'>de</span> <span class='ocrx_word' id='word_1_237' title='bbox 832 3228 898 3294; x_wconf 89' lang='lat' dir='ltr'>istis</span> <span class='ocrx_word' id='word_1_238' title='bbox 910 3251 919 3294; x_wconf 90' lang='lat'><strong>:</strong></span> <span class='ocrx_word' id='word_1_239' title='bbox 933 3227 1147 3320; x_wconf 77' lang='lat' dir='ltr'>«ignorantes</span> <span class='ocrx_word' id='word_1_240' title='bbox 1156 3233 1241 3298; x_wconf 81' lang='lat' dir='ltr'>enim</span> <span class='ocrx_word' id='word_1_241' title='bbox 1316 3247 1317 3276; x_wconf 63' lang='lat'>¹</span> 
     </span>
    </p>
   </div>
   <div class='ocr_carea' id='block_1_11' title="bbox 204 3336 1243 3867">
    <p class='ocr_par' dir='ltr' id='par_1_12' title="bbox 204 3336 1243 3867">
     <span class='ocr_line' id='line_1_29' title="bbox 205 3336 1241 3430; baseline 0.008 -30"><span class='ocrx_word' id='word_1_242' title='bbox 205 3367 217 3400; x_wconf 76' lang='grc' dir='ltr'><strong>ι</strong></span> <span class='ocrx_word' id='word_1_243' title='bbox 233 3337 389 3426; x_wconf 75' lang='lat' dir='ltr'>justitiam</span> <span class='ocrx_word' id='word_1_244' title='bbox 398 3336 472 3412; x_wconf 83' lang='lat' dir='ltr'>Dei,</span> <span class='ocrx_word' id='word_1_245' title='bbox 484 3349 517 3402; x_wconf 89' lang='lat' dir='ltr'>et</span> <span class='ocrx_word' id='word_1_246' title='bbox 527 3357 617 3404; x_wconf 83' lang='lat' dir='ltr'>susm</span> <span class='ocrx_word' id='word_1_247' title='bbox 630 3336 784 3423; x_wconf 84' lang='lat' dir='ltr'>justitiam</span> <span class='ocrx_word' id='word_1_248' title='bbox 795 3336 938 3404; x_wconf 81' lang='lat' dir='ltr'>volentes</span> <span class='ocrx_word' id='word_1_249' title='bbox 947 3350 1099 3416; x_wconf 88' lang='lat' dir='ltr'>statuero,</span> <span class='ocrx_word' id='word_1_250' title='bbox 1113 3340 1241 3430; x_wconf 80' lang='lat' dir='ltr'>justitie</span> 
     </span>
     <span class='ocr_line' id='line_1_30' title="bbox 205 3445 1243 3538; baseline 0.006 -28"><span class='ocrx_word' id='word_1_251' title='bbox 205 3475 218 3510; x_wconf 78' lang='lat' dir='ltr'>r</span> <span class='ocrx_word' id='word_1_252' title='bbox 233 3447 290 3514; x_wconf 85' lang='lat' dir='ltr'>Dei</span> <span class='ocrx_word' id='word_1_253' title='bbox 306 3469 370 3514; x_wconf 91' lang='lat' dir='ltr'>non</span> <span class='ocrx_word' id='word_1_254' title='bbox 387 3457 459 3514; x_wconf 88' lang='lat' dir='ltr'>sunt</span> <span class='ocrx_word' id='word_1_255' title='bbox 474 3446 621 3533; x_wconf 86' lang='lat' dir='ltr'>subjecti.</span> <span class='ocrx_word' id='word_1_256' title='bbox 640 3445 728 3514; x_wconf 84' lang='lat' dir='ltr'>Finis</span> <span class='ocrx_word' id='word_1_257' title='bbox 743 3447 828 3514; x_wconf 90' lang='lat' dir='ltr'>enim</span> <span class='ocrx_word' id='word_1_258' title='bbox 840 3447 933 3537; x_wconf 88' lang='lat' dir='ltr'>Legis</span> <span class='ocrx_word' id='word_1_259' title='bbox 948 3445 1108 3526; x_wconf 83' lang='lat' dir='ltr'>Christus,</span> <span class='ocrx_word' id='word_1_260' title='bbox 1125 3451 1166 3516; x_wconf 90' lang='lat' dir='ltr'>ad</span> <span class='ocrx_word' id='word_1_261' title='bbox 1182 3451 1243 3538; x_wconf 88' lang='lat' dir='ltr'>jus·</span> 
     </span>
     <span class='ocr_line' id='line_1_31' title="bbox 206 3555 1241 3649; baseline 0.004 -27"><span class='ocrx_word' id='word_1_262' title='bbox 206 3589 218 3621; x_wconf 72' lang='lat' dir='ltr'>s</span> <span class='ocrx_word' id='word_1_263' title='bbox 234 3559 337 3638; x_wconf 77' lang='lat' dir='ltr'>titiam</span> <span class='ocrx_word' id='word_1_264' title='bbox 352 3557 439 3624; x_wconf 89' lang='lat' dir='ltr'>omni</span> <span class='ocrx_word' id='word_1_265' title='bbox 451 3555 595 3623; x_wconf 87' lang='lat' dir='ltr'>eredenti</span> <span class='ocrx_word' id='word_1_266' title='bbox 605 3556 628 3622; x_wconf 61' lang='lat' dir='ltr'>&#39;a</span> <span class='ocrx_word' id='word_1_267' title='bbox 646 3557 708 3623; x_wconf 72' lang='lat' dir='ltr'>»Et</span> <span class='ocrx_word' id='word_1_268' title='bbox 724 3557 885 3646; x_wconf 89' lang='lat' dir='ltr'>quomodo</span> <span class='ocrx_word' id='word_1_269' title='bbox 895 3555 969 3624; x_wconf 85' lang='lat' dir='ltr'>finis</span> <span class='ocrx_word' id='word_1_270' title='bbox 979 3558 1071 3649; x_wconf 86' lang='lat' dir='ltr'>Legis</span> <span class='ocrx_word' id='word_1_271' title='bbox 1083 3559 1241 3633; x_wconf 84' lang='lat' dir='ltr'>Christus,</span> 
     </span>
     <span class='ocr_line' id='line_1_32' title="bbox 204 3661 1241 3753; baseline -0.005 -17"><span class='ocrx_word' id='word_1_272' title='bbox 204 3670 231 3736; x_wconf 88' lang='lat' dir='ltr'>si</span> <span class='ocrx_word' id='word_1_273' title='bbox 245 3691 310 3734; x_wconf 90' lang='lat' dir='ltr'>non</span> <span class='ocrx_word' id='word_1_274' title='bbox 326 3679 359 3733; x_wconf 88' lang='lat' dir='ltr'>et</span> <span class='ocrx_word' id='word_1_275' title='bbox 374 3666 497 3734; x_wconf 87' lang='lat' dir='ltr'>initium</span> <span class='ocrx_word' id='word_1_276' title='bbox 513 3666 582 3753; x_wconf 87' lang='lat' dir='ltr'>ejus</span> <span class='ocrx_word' id='word_1_277' title='bbox 597 3665 699 3732; x_wconf 81' lang='lat' dir='ltr'>esseti&#39;</span> <span class='ocrx_word' id='word_1_278' title='bbox 712 3661 777 3746; x_wconf 84' lang='lat' dir='ltr'>Qui</span> <span class='ocrx_word' id='word_1_279' title='bbox 791 3667 877 3734; x_wconf 89' lang='lat' dir='ltr'>enim</span> <span class='ocrx_word' id='word_1_280' title='bbox 893 3665 990 3734; x_wconf 85' lang='lat' dir='ltr'>linem</span> <span class='ocrx_word' id='word_1_281' title='bbox 1007 3665 1126 3743; x_wconf 85' lang='lat' dir='ltr'>intulit,</span> <span class='ocrx_word' id='word_1_282' title='bbox 1143 3668 1241 3736; x_wconf 85' lang='lat' dir='ltr'>hicet</span> 
     </span>
     <span class='ocr_line' id='line_1_33' title="bbox 205 3775 1238 3867; baseline -0.004 -21"><span class='ocrx_word' id='word_1_283' title='bbox 205 3779 331 3848; x_wconf 85' lang='lat' dir='ltr'>initium</span> <span class='ocrx_word' id='word_1_284' title='bbox 347 3788 493 3867; x_wconf 79' lang='lat' dir='ltr'>oporatur</span> <span class='ocrx_word' id='word_1_285' title='bbox 508 3787 574 3850; x_wconf 68' lang='lat' dir='ltr'>ests</span> <span class='ocrx_word' id='word_1_286' title='bbox 593 3776 707 3866; x_wconf 84' lang='lat' dir='ltr'>etipse</span> <span class='ocrx_word' id='word_1_287' title='bbox 722 3788 770 3841; x_wconf 88' lang='lat' dir='ltr'>est</span> <span class='ocrx_word' id='word_1_288' title='bbox 785 3777 837 3864; x_wconf 91' lang='lat' dir='ltr'>qui</span> <span class='ocrx_word' id='word_1_289' title='bbox 854 3776 932 3844; x_wconf 88' lang='lat' dir='ltr'>dioit</span> <span class='ocrx_word' id='word_1_290' title='bbox 947 3775 1046 3865; x_wconf 86' lang='lat' dir='ltr'>Moysi</span> <span class='ocrx_word' id='word_1_291' title='bbox 1064 3799 1073 3841; x_wconf 79' lang='lat' dir='ltr'>s</span> <span class='ocrx_word' id='word_1_292' title='bbox 1093 3803 1106 3838; x_wconf 85' lang='grc' dir='ltr'>ι</span> <span class='ocrx_word' id='word_1_293' title='bbox 1120 3775 1238 3844; x_wconf 82' lang='lat' dir='ltr'>Videas</span> 
     </span>
    </p>
   </div>
   <div class='ocr_carea' id='block_1_12' title="bbox 235 3905 1127 3974">
    <p class='ocr_par' dir='ltr' id='par_1_13' title="bbox 235 3905 1127 3974">
     <span class='ocr_line' id='line_1_34' title="bbox 235 3905 1127 3974; baseline -0.01 -12"><span class='ocrx_word' id='word_1_294' title='bbox 235 3909 351 3962; x_wconf 79' lang='lat' dir='ltr'>¹llattlr.</span> <span class='ocrx_word' id='word_1_295' title='bbox 365 3925 437 3968; x_wconf 82' lang='lat' dir='ltr'>nau,</span> <span class='ocrx_word' id='word_1_296' title='bbox 452 3917 500 3958; x_wconf 75' lang='lat' dir='ltr'>aet</span> <span class='ocrx_word' id='word_1_297' title='bbox 513 3923 586 3974; x_wconf 82' lang='lat' dir='ltr'>seqq.</span> <span class='ocrx_word' id='word_1_298' title='bbox 599 3935 630 3946; x_wconf 83' lang='lat'>-</span> <span class='ocrx_word' id='word_1_299' title='bbox 641 3905 652 3942; x_wconf 87' lang='lat'>²</span> <span class='ocrx_word' id='word_1_300' title='bbox 665 3906 732 3958; x_wconf 76' lang='lat' dir='ltr'>Emi.</span> <span class='ocrx_word' id='word_1_301' title='bbox 747 3921 813 3968; x_wconf 72' lang='lat' dir='ltr'>xxix,</span> <span class='ocrx_word' id='word_1_302' title='bbox 830 3907 868 3956; x_wconf 75' lang='lat' dir='ltr'>rs.</span> <span class='ocrx_word' id='word_1_303' title='bbox 878 3905 927 3946; x_wconf 74' lang='grc' dir='ltr'>-ι</span> <span class='ocrx_word' id='word_1_304' title='bbox 941 3907 1015 3956; x_wconf 82' lang='lat' dir='ltr'>liena.</span> <span class='ocrx_word' id='word_1_305' title='bbox 1029 3923 1054 3966; x_wconf 79' lang='lat' dir='ltr'>x,</span> <span class='ocrx_word' id='word_1_306' title='bbox 1065 3905 1090 3966; x_wconf 73' lang='lat'>3,</span> <span class='ocrx_word' id='word_1_307' title='bbox 1102 3905 1127 3964; x_wconf 66' lang='grc'>4.</span> 
     </span>
    </p>
   </div>
   <div class='ocr_carea' id='block_1_13' title="bbox 0 0 1328 4634">
    <p class='ocr_par' dir='ltr' id='par_1_14' title="bbox 0 0 1328 4634">
     <span class='ocr_line' id='line_1_35' title="bbox 0 0 1328 4634; baseline 0 0"><span class='ocrx_word' id='word_1_308' title='bbox 0 0 1328 4634; x_wconf 95' lang='lat' dir='ltr'> </span> 
     </span>
    </p>
   </div>
  </div>
 </body>
</html>
