2646 4628
398 251 522 301 coenas
545 253 696 300 nauseas»
1000 248 1060 322 r9t

36 371 174 428 estatem
192 361 292 438 Deus,
312 373 345 428 et
364 363 506 430 subdidit
523 375 638 431 nostrae
656 362 808 439 scientie,
830 361 900 429 hec
917 375 1067 453 prompte

36 471 246 548 reditabitur,
265 483 299 537 et
318 472 352 538 in
372 472 446 562 ipsis
464 471 622 562 proficiet,
643 473 797 539 diuturno
815 472 920 540 studio
940 472 1066 540 facilem

36 581 193 648 :lentiam
205 603 317 646 eorum
328 579 480 648 elliciens.
499 581 581 648 Sunt
596 593 703 648 nutem
718 582 800 658 baec,
817 601 889 671 quse
905 593 979 648 ante
990 605 1067 670 ocu·

36 682 71 755 rs
91 703 216 757 nostros
232 704 419 770 occurrunt,
435 705 467 758 et
485 711 694 786 quaecumque
713 703 821 784 aperte
836 703 870 760 et
884 694 951 762 sinc
966 695 1066 762 ambi·

39 823 92 865 uo
108 799 183 890 ipsis
201 799 393 870 dictionibus
409 802 511 891 posita
527 815 601 869 sunt
618 803 650 869 in
667 801 850 893 scripturis.
868 805 909 870 Et
925 804 998 871 ideo
1014 827 1068 894 pa·

36 905 147 974 abolea
174 907 292 976 debent
312 931 379 976 non
401 911 558 1001 ambiguis
581 909 754 1001 adapteris
780 913 826 980 sic
849 915 936 980 enim
957 925 990 980 st
1013 915 1069 1004 qul

37 1015 176 1094 bsolvit,
198 1017 265 1084 sino
287 1018 430 1108 periendo
452 1018 602 1097 absolvit,
623 1032 656 1086 et
679 1019 838 1110 parabolas
858 1024 897 1088 ab
920 1023 1068 1092 omnibus

36 1126 175 1194 imiliter
188 1127 423 1197 absolutionem
439 1130 613 1220 accipients
631 1142 665 1196 et
681 1153 698 1195 a
715 1131 846 1198 scritate
858 1153 973 1222 corpus
985 1135 1069 1200 iussa

36 1261 136 1313 rum,
152 1248 184 1304 et
199 1237 293 1306 simili
304 1239 466 1328 aptatione
481 1239 715 1315 membrorum,
730 1246 764 1308 et
779 1240 846 1306 sine
861 1243 1070 1310 concussione

36 1361 221 1415 esserunt.
236 1349 302 1416 Sed
314 1373 383 1440 qum
395 1373 460 1417 non
472 1361 582 1440 aparte
593 1349 678 1417 dicta
690 1363 777 1427 suut,
789 1366 894 1439 neque
906 1363 981 1420 ante
994 1373 1070 1420 ocu·-

36 1483 76 1524 ns
88 1460 203 1548 posita,
215 1459 366 1549 copulare
376 1458 629 1528 absolutionibus
640 1459 876 1549 parabolarum,
887 1483 965 1551 quas
976 1483 1070 1529 uuuss

36 1569 165 1657 [uisque
176 1573 273 1660 prosit
285 1568 353 1636 vult
363 1570 535 1638 adinvenis
551 1569 703 1636 Sicenim
718 1570 806 1660 apud
816 1568 941 1637 nullum
952 1572 1013 1637 erit
1023 1595 1071 1638 res

36 1676 104 1756 :ula
124 1679 279 1754 veritatisr
297 1678 355 1746 sed
370 1679 480 1766 quanti
495 1678 614 1746 luerint
628 1678 683 1767 qui
705 1677 872 1746 absolvent
890 1679 1069 1770 parabolus,

36 1799 128 1856 untae
151 1788 345 1855 videbuntur
366 1789 516 1855 veritates
541 1801 719 1878 pugnantes
743 1799 844 1856 semet
865 1790 1016 1868 invicem,
1039 1801 1072 1859 et

36 1899 192 1964 eontraria
212 1899 339 1965 sibimet
358 1890 507 1988 dogmata
529 1910 717 1976 statuentes,
739 1901 822 1988 sicut
843 1914 876 1967 et
896 1901 1071 1970 Gentilium

36 2005 298 2098 philosophorum
313 2007 514 2096 quaestiones.

75 2117 188 2205 Itaque
204 2117 380 2184 secuudum
396 2117 664 2195 honorationem,
686 2117 783 2184 bomo
801 2120 931 2208 quidem
946 2141 1072 2210 semper

36 2228 187 2316 nquiret,
203 2249 369 2317 nunquam
386 2239 495 2295 autern
510 2229 660 2304 inveniet,
681 2251 720 2294 eo
735 2228 823 2317 quod
841 2229 942 2320 ipsam
960 2231 1073 2298 iuven—

36 2337 129 2408 ionis
144 2338 302 2426 abjecerit
312 2335 522 2427 disciplinam.
541 2340 669 2404 Etcum
682 2339 803 2403 venerit
814 2361 960 2428 sponsus,
977 2340 1003 2407 is
1019 2342 1073 2432 qui

36 2457 223 2534 mperatum
238 2447 336 2512 habet
352 2444 543 2534 lampadem,
563 2443 650 2510 nulla
665 2441 822 2511 manifesti
838 2445 966 2516 luminis
982 2449 1074 2517 claris

36 2566 100 2620 ate
118 2553 306 2645 fulgentem,
322 2554 460 2622 recurrit
473 2555 514 2621 ad
532 2577 588 2621 eos
604 2556 659 2644 qui
674 2553 889 2624 absolutiones
903 2559 1074 2647 parabola·
1144 2627 1148 2638 ,

36 2687 106 2729 ·um
123 2663 156 2730 in
171 2663 310 2730 tenebris
325 2663 519 2740 distrahunt,
535 2662 721 2753 relinquens
736 2663 811 2731 eum
827 2667 880 2754 qui
896 2689 954 2756 per
969 2669 1073 2736 mani·

36 2776 147 2841 'estam
166 2771 425 2862 predicationem
444 2774 541 2864 gratis
561 2773 660 2840 donat
678 2774 719 2839 ad
736 2791 811 2839 eum
830 2775 1020 2863 ingressum,
1041 2787 1074 2844 et

36 2884 216 2952 excluditur
226 2909 244 2950 a
256 2883 397 2952 tbalamo
408 2885 488 2973 ejus.
504 2883 588 2950 (lum
599 2883 706 2971 itaque
718 2884 872 2950 universe
884 2883 1071 2974 Scripturas,

36 3008 62 3062 st
79 2993 274 3082 Prophetiae,
289 3002 322 3058 et
336 2990 507 3080 Evangelia
526 2991 559 3057 in
579 3003 702 3080 aperto,
720 3001 752 3058 ct
769 2991 837 3058 siue
853 2994 1072 3084 ambiguitate,

36 3117 64 3170 st
82 3099 228 3167 similiter
242 3103 283 3167 ab
295 3101 443 3166 omnibus
457 3097 562 3164 audiri
576 3100 710 3189 possint,
726 3099 785 3167 etsi
800 3123 865 3168 non
881 3125 991 3172 omues
1007 3128 1074 3173 ore²

36 3215 133 3285 luntr
153 3233 253 3278 uuum
269 3223 302 3277 et
317 3209 553 3286 solemnem,
569 3210 611 3278 ad
625 3208 840 3280 excludendos
851 3212 942 3290 alios,
958 3217 1075 3306 praedi-

36 3333 111 3391 cent
131 3321 239 3388 omnia
259 3319 370 3388 fecisse
388 3343 446 3408 per
464 3319 608 3389 Verbum
627 3343 733 3400 suum,
758 3323 822 3390 sive
844 3324 987 3404 visibilia,
1010 3327 1075 3394 sive

36 3429 216 3508 invisibilia,
238 3431 303 3497 sive
321 3427 474 3507 scelestis,
494 3429 559 3497 sive
577 3442 718 3509 terrena,
741 3433 806 3500 sive
824 3434 986 3523 aquatilia,
1008 3437 1072 3504 sive

36 3543 255 3616 subterranea,
278 3539 360 3606 sicut
381 3539 666 3607 demonstravimus
685 3563 724 3607 ex
745 3540 817 3631 ipsis
836 3541 1074 3634 Scripturarum

36 3652 245 3726 dictionibuss
267 3664 300 3718 et
320 3652 385 3742 ipsa
402 3663 510 3717 autem
524 3664 669 3719 creature
689 3654 722 3719 in
742 3677 940 3742 quesumus,
961 3679 1019 3747 per
1034 3681 1071 3725 ea

36 3788 107 3854 qum
126 3765 158 3830 in
175 3775 340 3854 aspectum
355 3761 498 3838 veniunt,
519 3761 582 3830 boo
599 3763 702 3853 ipsum
719 3774 868 3841 testante,
887 3789 988 3833 unum
1005 3791 1074 3835 esse

36 3877 90 3966 qui
106 3898 177 3944 eam
191 3875 303 3945 lecerit
318 3886 351 3944 et
361 3883 449 3965 regat
464 3897 472 3940 τ
490 3870 583 3942 valde
597 3871 728 3944 hebetes
747 3875 946 3966 apparebunt
961 3879 1016 3970 qui
1033 3879 1074 3946 ad

844 4010 891 4076 19.
