<?xml version="1.0" encoding="UTF-8"?>
<!DOCTYPE html PUBLIC "-//W3C//DTD XHTML 1.0 Transitional//EN"
    "http://www.w3.org/TR/xhtml1/DTD/xhtml1-transitional.dtd">
<html xmlns="http://www.w3.org/1999/xhtml" xml:lang="en" lang="en">
 <head>
  <title>
</title>
<meta http-equiv="Content-Type" content="text/html;charset=utf-8" />
  <meta name='ocr-system' content='tesseract 3.04.00' />
  <meta name='ocr-capabilities' content='ocr_page ocr_carea ocr_par ocr_line ocrx_word'/>
</head>
<body>
  <div class='ocr_page' id='page_1' title='image "./collectioselect02guilgoog_0986.png"; bbox 0 0 2586 4642; ppageno 0'>
   <div class='ocr_carea' id='block_1_1' title="bbox 412 268 1072 353">
    <p class='ocr_par' dir='ltr' id='par_1_1' title="bbox 412 268 1072 353">
     <span class='ocr_line' id='line_1_1' title="bbox 412 268 1072 353; baseline 0 -21"><span class='ocrx_word' id='word_1_1' title='bbox 412 283 535 332; x_wconf 78' lang='lat' dir='ltr'><strong>cossas</strong></span> <span class='ocrx_word' id='word_1_2' title='bbox 558 285 708 332; x_wconf 76' lang='lat' dir='ltr'><strong>marsna.</strong></span> <span class='ocrx_word' id='word_1_3' title='bbox 1009 268 1072 353; x_wconf 71' lang='lat'><strong>²⁵⁸7</strong></span> 
     </span>
    </p>
   </div>
   <div class='ocr_carea' id='block_1_2' title="bbox 24 383 1200 704">
    <p class='ocr_par' dir='ltr' id='par_1_2' title="bbox 24 383 1200 704">
     <span class='ocr_line' id='line_1_2' title="bbox 25 383 1076 530; baseline 0.008 -78"><span class='ocrx_word' id='word_1_4' title='bbox 25 383 205 530; x_wconf 46' lang='lat' dir='ltr'><strong>solonius,</strong></span> <span class='ocrx_word' id='word_1_5' title='bbox 229 392 375 461; x_wconf 77' lang='lat' dir='ltr'><strong>eumdem</strong></span> <span class='ocrx_word' id='word_1_6' title='bbox 395 417 491 482; x_wconf 84' lang='lat' dir='ltr'><strong>quam</strong></span> <span class='ocrx_word' id='word_1_7' title='bbox 513 393 706 463; x_wconf 76' lang='lat' dir='ltr'><strong>Hieroboam</strong></span> <span class='ocrx_word' id='word_1_8' title='bbox 722 417 849 486; x_wconf 81' lang='lat' dir='ltr'><strong>poensm</strong></span> <span class='ocrx_word' id='word_1_9' title='bbox 865 396 1076 486; x_wconf 71' lang='lat' dir='ltr'><strong>percipiuntur</strong></span> 
     </span>
     <span class='ocr_line' id='line_1_3' title="bbox 24 516 130 563; baseline 0.057 -6"><span class='ocrx_word' id='word_1_10' title='bbox 24 516 74 560; x_wconf 71' lang='lat' dir='ltr'><strong>so</strong></span> <span class='ocrx_word' id='word_1_11' title='bbox 114 545 130 563; x_wconf 94' lang='lat'>.</span> 
     </span>
     <span class='ocr_line' id='line_1_4' title="bbox 37 585 1200 704; baseline 0.008 -31"><span class='ocrx_word' id='word_1_12' title='bbox 37 603 131 675; x_wconf 91' lang='lat'>111.</span> <span class='ocrx_word' id='word_1_13' title='bbox 165 611 234 691; x_wconf 89' lang='lat' dir='ltr'><strong>Qui</strong></span> <span class='ocrx_word' id='word_1_14' title='bbox 248 635 322 678; x_wconf 82' lang='lat' dir='ltr'><strong>vero</strong></span> <span class='ocrx_word' id='word_1_15' title='bbox 336 611 448 680; x_wconf 85' lang='lat' dir='ltr'><strong>crediti</strong></span> <span class='ocrx_word' id='word_1_16' title='bbox 463 612 593 702; x_wconf 84' lang='lat' dir='ltr'><strong>quidem</strong></span> <span class='ocrx_word' id='word_1_17' title='bbox 610 624 715 680; x_wconf 87' lang='lat' dir='ltr'><strong>sunta</strong></span> <span class='ocrx_word' id='word_1_18' title='bbox 735 613 843 682; x_wconf 87' lang='lat' dir='ltr'><strong>multis</strong></span> <span class='ocrx_word' id='word_1_19' title='bbox 861 637 929 682; x_wconf 86' lang='lat' dir='ltr'><strong>esse</strong></span> <span class='ocrx_word' id='word_1_20' title='bbox 944 615 1077 704; x_wconf 82' lang='lat' dir='ltr'><strong>presby·</strong></span> <span class='ocrx_word' id='word_1_21' title='bbox 1117 585 1122 592; x_wconf 24' lang='grc' dir='ltr'><strong><em>ι</em></strong></span> <span class='ocrx_word' id='word_1_22' title='bbox 1178 633 1200 644; x_wconf 68' lang='grc'><strong>’·</strong></span> 
     </span>
    </p>
   </div>
   <div class='ocr_carea' id='block_1_3' title="bbox 16 717 1081 1904">
    <p class='ocr_par' dir='ltr' id='par_1_3' title="bbox 19 717 1081 1360">
     <span class='ocr_line' id='line_1_5' title="bbox 25 717 1078 814; baseline -0.001 -24"><span class='ocrx_word' id='word_1_23' title='bbox 25 717 87 794; x_wconf 69' lang='grc' dir='ltr'><strong>Γί,</strong></span> <span class='ocrx_word' id='word_1_24' title='bbox 125 724 280 790; x_wconf 81' lang='lat' dir='ltr'><strong>serviunt</strong></span> <span class='ocrx_word' id='word_1_25' title='bbox 298 735 407 790; x_wconf 86' lang='lat' dir='ltr'><strong>autem</strong></span> <span class='ocrx_word' id='word_1_26' title='bbox 427 724 490 790; x_wconf 89' lang='lat' dir='ltr'><strong>suis</strong></span> <span class='ocrx_word' id='word_1_27' title='bbox 508 722 734 813; x_wconf 84' lang='lat' dir='ltr'><strong>voluptatibus,</strong></span> <span class='ocrx_word' id='word_1_28' title='bbox 753 737 786 790; x_wconf 84' lang='lat' dir='ltr'><strong>et</strong></span> <span class='ocrx_word' id='word_1_29' title='bbox 804 747 869 792; x_wconf 91' lang='lat' dir='ltr'><strong>non</strong></span> <span class='ocrx_word' id='word_1_30' title='bbox 888 736 1078 814; x_wconf 68' lang='lat' dir='ltr'><strong>praeponunt</strong></span> 
     </span>
     <span class='ocr_line' id='line_1_6' title="bbox 20 832 1079 926; baseline 0.005 -32"><span class='ocrx_word' id='word_1_31' title='bbox 20 851 192 898; x_wconf 72' lang='lat' dir='ltr'><strong>momm</strong></span> <span class='ocrx_word' id='word_1_32' title='bbox 208 832 266 900; x_wconf 86' lang='lat' dir='ltr'><strong>Dei</strong></span> <span class='ocrx_word' id='word_1_33' title='bbox 284 834 317 899; x_wconf 93' lang='lat' dir='ltr'><strong>in</strong></span> <span class='ocrx_word' id='word_1_34' title='bbox 337 833 486 900; x_wconf 76' lang='lat' dir='ltr'><strong>cordibus</strong></span> <span class='ocrx_word' id='word_1_35' title='bbox 501 833 578 911; x_wconf 87' lang='lat' dir='ltr'><strong>suis,</strong></span> <span class='ocrx_word' id='word_1_36' title='bbox 599 833 655 900; x_wconf 90' lang='lat' dir='ltr'><strong>sed</strong></span> <span class='ocrx_word' id='word_1_37' title='bbox 674 833 873 912; x_wconf 84' lang='lat' dir='ltr'><strong>contumeliis</strong></span> <span class='ocrx_word' id='word_1_38' title='bbox 891 845 989 926; x_wconf 83' lang='lat' dir='ltr'><strong>egunt</strong></span> <span class='ocrx_word' id='word_1_39' title='bbox 1004 832 1079 900; x_wconf 85' lang='lat' dir='ltr'><strong>reli-</strong></span> 
     </span>
     <span class='ocr_line' id='line_1_7' title="bbox 20 939 1080 1032; baseline 0.008 -31"><span class='ocrx_word' id='word_1_40' title='bbox 20 961 126 1017; x_wconf 62' lang='grc' dir='ltr'><strong>που,</strong></span> <span class='ocrx_word' id='word_1_41' title='bbox 153 954 192 1008; x_wconf 86' lang='lat' dir='ltr'><strong>et</strong></span> <span class='ocrx_word' id='word_1_42' title='bbox 209 939 388 1032; x_wconf 76' lang='lat' dir='ltr'><strong>principalis</strong></span> <span class='ocrx_word' id='word_1_43' title='bbox 410 942 623 1010; x_wconf 73' lang='lat' dir='ltr'><strong>concessionis</strong></span> <span class='ocrx_word' id='word_1_44' title='bbox 643 954 770 1010; x_wconf 86' lang='lat' dir='ltr'><strong>tumore</strong></span> <span class='ocrx_word' id='word_1_45' title='bbox 790 942 864 1011; x_wconf 84' lang='lat' dir='ltr'><strong>eloti</strong></span> <span class='ocrx_word' id='word_1_46' title='bbox 885 954 972 1021; x_wconf 83' lang='lat' dir='ltr'><strong>sunt,</strong></span> <span class='ocrx_word' id='word_1_47' title='bbox 993 944 1080 1010; x_wconf 86' lang='lat' dir='ltr'><strong>etin</strong></span> 
     </span>
     <span class='ocr_line' id='line_1_8' title="bbox 19 1051 1081 1142; baseline 0.008 -28"><span class='ocrx_word' id='word_1_48' title='bbox 19 1052 207 1119; x_wconf 79' lang='lat' dir='ltr'><strong>tssoonsis</strong></span> <span class='ocrx_word' id='word_1_49' title='bbox 217 1064 314 1142; x_wconf 80' lang='lat' dir='ltr'><strong>agunt</strong></span> <span class='ocrx_word' id='word_1_50' title='bbox 325 1051 420 1130; x_wconf 84' lang='lat' dir='ltr'><strong>mala,</strong></span> <span class='ocrx_word' id='word_1_51' title='bbox 436 1065 469 1118; x_wconf 84' lang='lat' dir='ltr'><strong>et</strong></span> <span class='ocrx_word' id='word_1_52' title='bbox 480 1052 604 1129; x_wconf 84' lang='lat' dir='ltr'><strong>dicunt,</strong></span> <span class='ocrx_word' id='word_1_53' title='bbox 615 1079 629 1114; x_wconf 83' lang='lat' dir='ltr'><strong>r</strong></span> <span class='ocrx_word' id='word_1_54' title='bbox 640 1053 741 1121; x_wconf 84' lang='lat' dir='ltr'><strong>Nemo</strong></span> <span class='ocrx_word' id='word_1_55' title='bbox 751 1076 810 1120; x_wconf 90' lang='lat' dir='ltr'><strong>nos</strong></span> <span class='ocrx_word' id='word_1_56' title='bbox 823 1053 939 1130; x_wconf 83' lang='lat' dir='ltr'><strong>videt²,</strong></span> <span class='ocrx_word' id='word_1_57' title='bbox 951 1083 964 1116; x_wconf 77' lang='grc' dir='ltr'><strong>ι</strong></span> <span class='ocrx_word' id='word_1_58' title='bbox 975 1053 1081 1122; x_wconf 87' lang='lat' dir='ltr'><strong>redar-</strong></span> 
     </span>
     <span class='ocr_line' id='line_1_9' title="bbox 19 1158 1079 1250; baseline 0.004 -28"><span class='ocrx_word' id='word_1_59' title='bbox 19 1174 183 1226; x_wconf 81' lang='lat' dir='ltr'><strong>uentur</strong></span> <span class='ocrx_word' id='word_1_60' title='bbox 204 1184 222 1226; x_wconf 83' lang='lat' dir='ltr'><strong>a</strong></span> <span class='ocrx_word' id='word_1_61' title='bbox 241 1158 361 1240; x_wconf 85' lang='lat' dir='ltr'><strong>Verbo,</strong></span> <span class='ocrx_word' id='word_1_62' title='bbox 378 1160 433 1250; x_wconf 89' lang='lat' dir='ltr'><strong>qui</strong></span> <span class='ocrx_word' id='word_1_63' title='bbox 451 1183 516 1228; x_wconf 88' lang='lat' dir='ltr'><strong>non</strong></span> <span class='ocrx_word' id='word_1_64' title='bbox 532 1159 711 1228; x_wconf 89' lang='lat' dir='ltr'><strong>secundum</strong></span> <span class='ocrx_word' id='word_1_65' title='bbox 725 1159 856 1250; x_wconf 80' lang='lat' dir='ltr'><strong>gloriam</strong></span> <span class='ocrx_word' id='word_1_66' title='bbox 871 1159 1004 1250; x_wconf 80' lang='lat' dir='ltr'><strong>judicet,</strong></span> <span class='ocrx_word' id='word_1_67' title='bbox 1021 1182 1079 1227; x_wconf 85' lang='lat' dir='ltr'><strong>no—</strong></span> 
     </span>
     <span class='ocr_line' id='line_1_10' title="bbox 22 1269 1079 1360; baseline 0.003 -26"><span class='ocrx_word' id='word_1_68' title='bbox 22 1293 82 1335; x_wconf 77' lang='lat' dir='ltr'><strong>ue</strong></span> <span class='ocrx_word' id='word_1_69' title='bbox 115 1269 243 1338; x_wconf 78' lang='lat' dir='ltr'><strong>faciem</strong></span> <span class='ocrx_word' id='word_1_70' title='bbox 262 1269 410 1348; x_wconf 85' lang='lat' dir='ltr'><strong>attendit,</strong></span> <span class='ocrx_word' id='word_1_71' title='bbox 433 1270 541 1337; x_wconf 86' lang='lat' dir='ltr'><strong>sedin</strong></span> <span class='ocrx_word' id='word_1_72' title='bbox 560 1293 631 1345; x_wconf 71' lang='lat' dir='ltr'><strong>cor:</strong></span> <span class='ocrx_word' id='word_1_73' title='bbox 650 1281 683 1337; x_wconf 87' lang='lat' dir='ltr'><strong>et</strong></span> <span class='ocrx_word' id='word_1_74' title='bbox 697 1270 828 1338; x_wconf 84' lang='lat' dir='ltr'><strong>audient</strong></span> <span class='ocrx_word' id='word_1_75' title='bbox 842 1293 896 1337; x_wconf 85' lang='lat' dir='ltr'><strong>eas</strong></span> <span class='ocrx_word' id='word_1_76' title='bbox 912 1278 985 1360; x_wconf 77' lang='lat' dir='ltr'><strong>&#39;quae</strong></span> <span class='ocrx_word' id='word_1_77' title='bbox 1004 1282 1079 1338; x_wconf 85' lang='lat' dir='ltr'><strong>runt</strong></span> 
     </span>
    </p>

    <p class='ocr_par' dir='ltr' id='par_1_4' title="bbox 16 1374 1081 1904">
     <span class='ocr_line' id='line_1_11' title="bbox 40 1374 1077 1467; baseline 0.003 -25"><span class='ocrx_word' id='word_1_78' title='bbox 40 1374 212 1443; x_wconf 79' lang='lat' dir='ltr'><strong>Daniele</strong></span> <span class='ocrx_word' id='word_1_79' title='bbox 225 1377 379 1467; x_wconf 85' lang='lat' dir='ltr'><strong>propheta</strong></span> <span class='ocrx_word' id='word_1_80' title='bbox 392 1398 506 1444; x_wconf 83' lang='lat' dir='ltr'><strong>rocos:</strong></span> <span class='ocrx_word' id='word_1_81' title='bbox 524 1375 665 1443; x_wconf 80' lang='lat' dir='ltr'><strong>«Semen</strong></span> <span class='ocrx_word' id='word_1_82' title='bbox 677 1375 843 1452; x_wconf 84' lang='lat' dir='ltr'><strong>Chanaan,</strong></span> <span class='ocrx_word' id='word_1_83' title='bbox 856 1387 888 1444; x_wconf 88' lang='lat' dir='ltr'><strong>et</strong></span> <span class='ocrx_word' id='word_1_84' title='bbox 900 1400 964 1444; x_wconf 91' lang='lat' dir='ltr'><strong>non</strong></span> <span class='ocrx_word' id='word_1_85' title='bbox 978 1376 999 1445; x_wconf 83' lang='lat' dir='ltr'>J</span> <span class='ocrx_word' id='word_1_86' title='bbox 1002 1377 1077 1455; x_wconf 82' lang='lat' dir='ltr'><strong>uda,</strong></span> 
     </span>
     <span class='ocr_line' id='line_1_12' title="bbox 36 1486 1076 1576; baseline 0.004 -25"><span class='ocrx_word' id='word_1_87' title='bbox 36 1487 194 1576; x_wconf 85' lang='lat' dir='ltr'><strong>species</strong></span> <span class='ocrx_word' id='word_1_88' title='bbox 211 1486 334 1553; x_wconf 84' lang='lat' dir='ltr'><strong>seduxit</strong></span> <span class='ocrx_word' id='word_1_89' title='bbox 353 1499 397 1563; x_wconf 85' lang='lat' dir='ltr'><strong>to,</strong></span> <span class='ocrx_word' id='word_1_90' title='bbox 417 1497 449 1553; x_wconf 89' lang='lat' dir='ltr'><strong>ot</strong></span> <span class='ocrx_word' id='word_1_91' title='bbox 467 1486 726 1576; x_wconf 86' lang='lat' dir='ltr'><strong>concupiscentia</strong></span> <span class='ocrx_word' id='word_1_92' title='bbox 742 1486 855 1554; x_wconf 86' lang='lat' dir='ltr'><strong>evertit</strong></span> <span class='ocrx_word' id='word_1_93' title='bbox 868 1507 926 1554; x_wconf 91' lang='lat' dir='ltr'><strong>cor</strong></span> <span class='ocrx_word' id='word_1_94' title='bbox 939 1487 1076 1555; x_wconf 76' lang='lat' dir='ltr'><strong>tuum⁸z</strong></span> 
     </span>
     <span class='ocr_line' id='line_1_13' title="bbox 17 1592 1078 1684; baseline 0.002 -24"><span class='ocrx_word' id='word_1_95' title='bbox 17 1633 19 1648; x_wconf 88' lang='lat'><em>·</em></span> <span class='ocrx_word' id='word_1_96' title='bbox 38 1595 245 1680; x_wconf 80' lang='lat' dir='ltr'><strong>inveterate</strong></span> <span class='ocrx_word' id='word_1_97' title='bbox 255 1595 379 1661; x_wconf 90' lang='lat' dir='ltr'><strong>dierum</strong></span> <span class='ocrx_word' id='word_1_98' title='bbox 391 1592 561 1670; x_wconf 84' lang='lat' dir='ltr'><strong>mulorum,</strong></span> <span class='ocrx_word' id='word_1_99' title='bbox 573 1614 662 1660; x_wconf 90' lang='lat' dir='ltr'><strong>nunc</strong></span> <span class='ocrx_word' id='word_1_100' title='bbox 673 1592 870 1660; x_wconf 82' lang='lat' dir='ltr'><strong>advenerunt</strong></span> <span class='ocrx_word' id='word_1_101' title='bbox 879 1607 1013 1684; x_wconf 16' lang='lat' dir='ltr'><strong>*peccata</strong></span> <span class='ocrx_word' id='word_1_102' title='bbox 1024 1606 1078 1662; x_wconf 88' lang='lat' dir='ltr'><strong>tua</strong></span> 
     </span>
     <span class='ocr_line' id='line_1_14' title="bbox 17 1702 1081 1796; baseline 0 -24"><span class='ocrx_word' id='word_1_103' title='bbox 17 1739 20 1762; x_wconf 65' lang='grc' dir='ltr'><strong>ι</strong></span> <span class='ocrx_word' id='word_1_104' title='bbox 42 1729 138 1796; x_wconf 80' lang='lat' dir='ltr'><strong>quae</strong></span> <span class='ocrx_word' id='word_1_105' title='bbox 156 1705 295 1772; x_wconf 83' lang='lat' dir='ltr'><strong>faciebas</strong></span> <span class='ocrx_word' id='word_1_106' title='bbox 310 1715 415 1780; x_wconf 68' lang='lat' dir='ltr'><strong>sums,</strong></span> <span class='ocrx_word' id='word_1_107' title='bbox 430 1702 576 1793; x_wconf 79' lang='lat' dir='ltr'><strong>judicans</strong></span> <span class='ocrx_word' id='word_1_108' title='bbox 591 1702 711 1792; x_wconf 84' lang='lat' dir='ltr'><strong>judicia</strong></span> <span class='ocrx_word' id='word_1_109' title='bbox 727 1702 842 1792; x_wconf 85' lang='lat' dir='ltr'><strong>injusta</strong></span> <span class='ocrx_word' id='word_1_110' title='bbox 858 1727 867 1770; x_wconf 75' lang='lat' dir='ltr'><strong>r</strong></span> <span class='ocrx_word' id='word_1_111' title='bbox 884 1715 917 1770; x_wconf 85' lang='lat' dir='ltr'><strong>ot</strong></span> <span class='ocrx_word' id='word_1_112' title='bbox 931 1703 1081 1772; x_wconf 83' lang='lat' dir='ltr'><strong>innocen·</strong></span> 
     </span>
     <span class='ocr_line' id='line_1_15' title="bbox 16 1811 1081 1904; baseline 0.007 -28"><span class='ocrx_word' id='word_1_113' title='bbox 16 1845 24 1876; x_wconf 76' lang='grc' dir='ltr'>ι</span> <span class='ocrx_word' id='word_1_114' title='bbox 47 1828 111 1883; x_wconf 78' lang='lat' dir='ltr'><strong>tes</strong></span> <span class='ocrx_word' id='word_1_115' title='bbox 129 1815 265 1904; x_wconf 89' lang='lat' dir='ltr'><strong>quidem</strong></span> <span class='ocrx_word' id='word_1_116' title='bbox 281 1813 466 1889; x_wconf 70' lang='lat' dir='ltr'><strong>dammim,</strong></span> <span class='ocrx_word' id='word_1_117' title='bbox 485 1811 666 1880; x_wconf 77' lang='lat' dir='ltr'><strong>dimittebas</strong></span> <span class='ocrx_word' id='word_1_118' title='bbox 684 1835 758 1880; x_wconf 82' lang='lat' dir='ltr'><strong>voro</strong></span> <span class='ocrx_word' id='word_1_119' title='bbox 772 1825 938 1891; x_wconf 75' lang='lat' dir='ltr'><strong>nocentes,</strong></span> <span class='ocrx_word' id='word_1_120' title='bbox 954 1815 1081 1883; x_wconf 87' lang='lat' dir='ltr'><strong>dicente</strong></span> 
     </span>
    </p>
   </div>
   <div class='ocr_carea' id='block_1_4' title="bbox 16 1923 1149 2016">
    <p class='ocr_par' dir='ltr' id='par_1_5' title="bbox 16 1923 1149 2016">
     <span class='ocr_line' id='line_1_16' title="bbox 16 1923 1149 2016; baseline -0.001 -25"><span class='ocrx_word' id='word_1_121' title='bbox 16 1959 28 1991; x_wconf 75' lang='grc' dir='ltr'>ι</span> <span class='ocrx_word' id='word_1_122' title='bbox 45 1927 233 1995; x_wconf 83' lang='lat' dir='ltr'><strong>Domino:</strong></span> <span class='ocrx_word' id='word_1_123' title='bbox 250 1927 458 1993; x_wconf 85' lang='lat' dir='ltr'><strong>innocentem</strong></span> <span class='ocrx_word' id='word_1_124' title='bbox 477 1935 509 1990; x_wconf 87' lang='lat' dir='ltr'><strong>et</strong></span> <span class='ocrx_word' id='word_1_125' title='bbox 523 1923 645 2013; x_wconf 82' lang='lat' dir='ltr'><strong>justum</strong></span> <span class='ocrx_word' id='word_1_126' title='bbox 660 1947 725 1994; x_wconf 88' lang='lat' dir='ltr'><strong>non</strong></span> <span class='ocrx_word' id='word_1_127' title='bbox 741 1924 869 1992; x_wconf 87' lang='lat' dir='ltr'><strong>occides</strong></span> <span class='ocrx_word' id='word_1_128' title='bbox 879 1924 902 1991; x_wconf 85' lang='lat'><strong>⁴.</strong></span> <span class='ocrx_word' id='word_1_129' title='bbox 918 1953 931 1988; x_wconf 73' lang='grc' dir='ltr'><strong>ι</strong></span> <span class='ocrx_word' id='word_1_130' title='bbox 946 1923 994 1992; x_wconf 91' lang='lat' dir='ltr'><strong>De</strong></span> <span class='ocrx_word' id='word_1_131' title='bbox 1008 1927 1080 2016; x_wconf 81' lang='lat' dir='ltr'><strong>qui·</strong></span> <span class='ocrx_word' id='word_1_132' title='bbox 1146 2006 1149 2014; x_wconf 71' lang='lat'><em>,</em></span> 
     </span>
    </p>
   </div>
   <div class='ocr_carea' id='block_1_5' title="bbox 15 2031 1085 3105">
    <p class='ocr_par' dir='ltr' id='par_1_6' title="bbox 15 2031 1085 3105">
     <span class='ocr_line' id='line_1_17' title="bbox 15 2031 1080 2104; baseline -0.002 1"><span class='ocrx_word' id='word_1_133' title='bbox 15 2039 95 2104; x_wconf 84' lang='lat' dir='ltr'><strong>bus</strong></span> <span class='ocrx_word' id='word_1_134' title='bbox 116 2036 204 2104; x_wconf 81' lang='lat' dir='ltr'><strong>dixit</strong></span> <span class='ocrx_word' id='word_1_135' title='bbox 219 2048 251 2102; x_wconf 86' lang='lat' dir='ltr'><strong>et</strong></span> <span class='ocrx_word' id='word_1_136' title='bbox 270 2033 446 2101; x_wconf 79' lang='lat' dir='ltr'><strong>Dominusr</strong></span> <span class='ocrx_word' id='word_1_137' title='bbox 464 2031 523 2099; x_wconf 78' lang='lat' dir='ltr'><strong>«si</strong></span> <span class='ocrx_word' id='word_1_138' title='bbox 540 2043 650 2100; x_wconf 84' lang='lat' dir='ltr'><strong>autem</strong></span> <span class='ocrx_word' id='word_1_139' title='bbox 668 2031 781 2100; x_wconf 83' lang='lat' dir='ltr'><strong>dixerit</strong></span> <span class='ocrx_word' id='word_1_140' title='bbox 799 2032 902 2100; x_wconf 86' lang='lat' dir='ltr'><strong>malus</strong></span> <span class='ocrx_word' id='word_1_141' title='bbox 920 2057 1028 2101; x_wconf 82' lang='lat' dir='ltr'><strong>servus</strong></span> <span class='ocrx_word' id='word_1_142' title='bbox 1047 2035 1080 2104; x_wconf 87' lang='lat' dir='ltr'><strong>in</strong></span> 
     </span>
     <span class='ocr_line' id='line_1_18' title="bbox 16 2141 1083 2232; baseline 0 -22"><span class='ocrx_word' id='word_1_143' title='bbox 16 2177 33 2210; x_wconf 76' lang='grc' dir='ltr'><strong><em>ι</em></strong></span> <span class='ocrx_word' id='word_1_144' title='bbox 55 2145 173 2216; x_wconf 84' lang='lat' dir='ltr'><strong>corde</strong></span> <span class='ocrx_word' id='word_1_145' title='bbox 187 2167 257 2220; x_wconf 90' lang='lat' dir='ltr'><strong>suo,</strong></span> <span class='ocrx_word' id='word_1_146' title='bbox 271 2142 390 2209; x_wconf 84' lang='lat' dir='ltr'><strong>Tardst</strong></span> <span class='ocrx_word' id='word_1_147' title='bbox 403 2141 553 2209; x_wconf 90' lang='lat' dir='ltr'><strong>dominus</strong></span> <span class='ocrx_word' id='word_1_148' title='bbox 567 2163 670 2218; x_wconf 83' lang='lat' dir='ltr'><strong>meus,</strong></span> <span class='ocrx_word' id='word_1_149' title='bbox 686 2153 719 2208; x_wconf 88' lang='lat' dir='ltr'><strong>et</strong></span> <span class='ocrx_word' id='word_1_150' title='bbox 737 2142 868 2232; x_wconf 87' lang='lat' dir='ltr'><strong>incipiat</strong></span> <span class='ocrx_word' id='word_1_151' title='bbox 882 2142 1005 2213; x_wconf 66' lang='lat' dir='ltr'><strong>eredere</strong></span> <span class='ocrx_word' id='word_1_152' title='bbox 1018 2167 1083 2211; x_wconf 83' lang='lat' dir='ltr'><strong>ser-</strong></span> 
     </span>
     <span class='ocr_line' id='line_1_19' title="bbox 19 2250 1081 2329; baseline -0.001 -7"><span class='ocrx_word' id='word_1_153' title='bbox 19 2287 37 2322; x_wconf 77' lang='lat'><strong>»</strong></span> <span class='ocrx_word' id='word_1_154' title='bbox 58 2281 126 2324; x_wconf 82' lang='lat' dir='ltr'><strong>vos</strong></span> <span class='ocrx_word' id='word_1_155' title='bbox 143 2267 179 2322; x_wconf 88' lang='lat' dir='ltr'><strong>et</strong></span> <span class='ocrx_word' id='word_1_156' title='bbox 193 2250 334 2329; x_wconf 84' lang='lat' dir='ltr'><strong>ancillas,</strong></span> <span class='ocrx_word' id='word_1_157' title='bbox 349 2263 381 2318; x_wconf 86' lang='lat' dir='ltr'><strong>ct</strong></span> <span class='ocrx_word' id='word_1_158' title='bbox 396 2251 604 2328; x_wconf 74' lang='lat' dir='ltr'><strong>manducare,</strong></span> <span class='ocrx_word' id='word_1_159' title='bbox 616 2261 649 2316; x_wconf 92' lang='lat' dir='ltr'><strong>et</strong></span> <span class='ocrx_word' id='word_1_160' title='bbox 663 2250 787 2327; x_wconf 87' lang='lat' dir='ltr'><strong>bibere,</strong></span> <span class='ocrx_word' id='word_1_161' title='bbox 803 2264 836 2318; x_wconf 90' lang='lat' dir='ltr'><strong>et</strong></span> <span class='ocrx_word' id='word_1_162' title='bbox 846 2252 995 2319; x_wconf 84' lang='lat' dir='ltr'><strong>inebriari</strong></span> <span class='ocrx_word' id='word_1_163' title='bbox 1001 2278 1012 2329; x_wconf 68' lang='grc' dir='ltr'><strong><em>ς</em></strong></span> <span class='ocrx_word' id='word_1_164' title='bbox 1026 2263 1081 2322; x_wconf 81' lang='lat' dir='ltr'><strong>&#39;re-</strong></span> 
     </span>
     <span class='ocr_line' id='line_1_20' title="bbox 23 2356 1083 2452; baseline 0.001 -24"><span class='ocrx_word' id='word_1_165' title='bbox 23 2395 41 2428; x_wconf 77' lang='grc' dir='ltr'>ι</span> <span class='ocrx_word' id='word_1_166' title='bbox 62 2365 141 2432; x_wconf 81' lang='lat' dir='ltr'><strong>niet</strong></span> <span class='ocrx_word' id='word_1_167' title='bbox 163 2361 309 2430; x_wconf 88' lang='lat' dir='ltr'><strong>dominus</strong></span> <span class='ocrx_word' id='word_1_168' title='bbox 331 2359 413 2426; x_wconf 81' lang='lat' dir='ltr'><strong>servi</strong></span> <span class='ocrx_word' id='word_1_169' title='bbox 434 2356 517 2426; x_wconf 88' lang='lat' dir='ltr'><strong>iliius</strong></span> <span class='ocrx_word' id='word_1_170' title='bbox 538 2359 571 2424; x_wconf 87' lang='lat' dir='ltr'><strong>ia</strong></span> <span class='ocrx_word' id='word_1_171' title='bbox 589 2357 640 2424; x_wconf 91' lang='lat' dir='ltr'><strong>die</strong></span> <span class='ocrx_word' id='word_1_172' title='bbox 659 2381 721 2446; x_wconf 83' lang='lat' dir='ltr'><strong>qua</strong></span> <span class='ocrx_word' id='word_1_173' title='bbox 740 2359 853 2438; x_wconf 81' lang='lat' dir='ltr'><strong>nescit,</strong></span> <span class='ocrx_word' id='word_1_174' title='bbox 875 2374 907 2427; x_wconf 84' lang='lat' dir='ltr'><strong>et</strong></span> <span class='ocrx_word' id='word_1_175' title='bbox 924 2361 1003 2428; x_wconf 84' lang='lat' dir='ltr'><strong>horu</strong></span> <span class='ocrx_word' id='word_1_176' title='bbox 1020 2386 1083 2452; x_wconf 83' lang='lat' dir='ltr'><strong>qua</strong></span> 
     </span>
     <span class='ocr_line' id='line_1_21' title="bbox 29 2469 1082 2564; baseline -0.002 -25"><span class='ocrx_word' id='word_1_177' title='bbox 29 2505 48 2539; x_wconf 76' lang='grc' dir='ltr'><strong>ι</strong></span> <span class='ocrx_word' id='word_1_178' title='bbox 67 2497 142 2541; x_wconf 82' lang='grc' dir='ltr'><strong>ιιοιι</strong></span> <span class='ocrx_word' id='word_1_179' title='bbox 154 2484 270 2564; x_wconf 80' lang='lat' dir='ltr'><strong>sperat,</strong></span> <span class='ocrx_word' id='word_1_180' title='bbox 282 2482 315 2538; x_wconf 84' lang='lat' dir='ltr'><strong>et</strong></span> <span class='ocrx_word' id='word_1_181' title='bbox 325 2469 444 2537; x_wconf 83' lang='lat' dir='ltr'><strong>diridet</strong></span> <span class='ocrx_word' id='word_1_182' title='bbox 456 2491 543 2547; x_wconf 90' lang='lat' dir='ltr'><strong>eum,</strong></span> <span class='ocrx_word' id='word_1_183' title='bbox 556 2480 589 2536; x_wconf 91' lang='lat' dir='ltr'><strong>ct</strong></span> <span class='ocrx_word' id='word_1_184' title='bbox 599 2478 723 2558; x_wconf 75' lang='lat' dir='ltr'><strong>portem</strong></span> <span class='ocrx_word' id='word_1_185' title='bbox 734 2469 804 2560; x_wconf 80' lang='lat' dir='ltr'><strong>ojus</strong></span> <span class='ocrx_word' id='word_1_186' title='bbox 815 2491 891 2539; x_wconf 89' lang='lat' dir='ltr'><strong>cum</strong></span> <span class='ocrx_word' id='word_1_187' title='bbox 902 2469 1082 2540; x_wconf 83' lang='lat' dir='ltr'><strong>infidelibus</strong></span> 
     </span>
     <span class='ocr_line' id='line_1_22' title="bbox 37 2583 233 2676; baseline -0.015 -25"><span class='ocrx_word' id='word_1_188' title='bbox 37 2617 54 2651; x_wconf 79' lang='grc' dir='ltr'>ι</span> <span class='ocrx_word' id='word_1_189' title='bbox 70 2596 176 2676; x_wconf 83' lang='lat' dir='ltr'><strong>ponet</strong></span> <span class='ocrx_word' id='word_1_190' title='bbox 185 2583 233 2650; x_wconf 71' lang='grc' dir='ltr'><strong>’.ι</strong></span> 
     </span>
     <span class='ocr_line' id='line_1_23' title="bbox 90 2690 1082 2784; baseline -0.006 -22"><span class='ocrx_word' id='word_1_191' title='bbox 90 2695 148 2764; x_wconf 80' lang='lat' dir='ltr'><strong>tv.</strong></span> <span class='ocrx_word' id='word_1_192' title='bbox 176 2696 225 2763; x_wconf 77' lang='lat' dir='ltr'><strong>Ab</strong></span> <span class='ocrx_word' id='word_1_193' title='bbox 251 2693 398 2763; x_wconf 91' lang='lat' dir='ltr'><strong>omnibus</strong></span> <span class='ocrx_word' id='word_1_194' title='bbox 423 2692 518 2784; x_wconf 73' lang='lat' dir='ltr'><strong>igitur</strong></span> <span class='ocrx_word' id='word_1_195' title='bbox 542 2691 656 2760; x_wconf 84' lang='lat' dir='ltr'><strong>talibus</strong></span> <span class='ocrx_word' id='word_1_196' title='bbox 681 2691 833 2760; x_wconf 81' lang='lat' dir='ltr'><strong>absistere</strong></span> <span class='ocrx_word' id='word_1_197' title='bbox 855 2701 996 2778; x_wconf 63' lang='lat' dir='ltr'><strong>oportun</strong></span> <span class='ocrx_word' id='word_1_198' title='bbox 1023 2690 1082 2757; x_wconf 89' lang='lat' dir='ltr'><strong>ad-</strong></span> 
     </span>
     <span class='ocr_line' id='line_1_24' title="bbox 35 2799 1084 2892; baseline -0.008 -18"><span class='ocrx_word' id='word_1_199' title='bbox 35 2811 171 2875; x_wconf 76' lang='lat' dir='ltr'><strong>haerere</strong></span> <span class='ocrx_word' id='word_1_200' title='bbox 182 2827 257 2872; x_wconf 86' lang='lat' dir='ltr'><strong>vero</strong></span> <span class='ocrx_word' id='word_1_201' title='bbox 267 2804 316 2871; x_wconf 88' lang='lat' dir='ltr'><strong>his</strong></span> <span class='ocrx_word' id='word_1_202' title='bbox 328 2803 382 2892; x_wconf 79' lang='lat' dir='ltr'><strong>qui</strong></span> <span class='ocrx_word' id='word_1_203' title='bbox 394 2814 427 2868; x_wconf 85' lang='lat' dir='ltr'><strong>et</strong></span> <span class='ocrx_word' id='word_1_204' title='bbox 438 2800 677 2891; x_wconf 78' lang='lat' dir='ltr'><strong>Apostolorum,</strong></span> <span class='ocrx_word' id='word_1_205' title='bbox 689 2801 772 2867; x_wconf 87' lang='lat' dir='ltr'><strong>sicut</strong></span> <span class='ocrx_word' id='word_1_206' title='bbox 782 2799 997 2889; x_wconf 69' lang='lat' dir='ltr'><strong>prediximus,</strong></span> <span class='ocrx_word' id='word_1_207' title='bbox 1010 2799 1084 2870; x_wconf 85' lang='lat' dir='ltr'><strong>doc</strong></span> 
     </span>
     <span class='ocr_line' id='line_1_25' title="bbox 37 2907 1084 2998; baseline -0.005 -16"><span class='ocrx_word' id='word_1_208' title='bbox 37 2915 167 2982; x_wconf 80' lang='lat' dir='ltr'><strong>trinam</strong></span> <span class='ocrx_word' id='word_1_209' title='bbox 188 2909 403 2987; x_wconf 81' lang='lat' dir='ltr'><strong>custodiunt‘,</strong></span> <span class='ocrx_word' id='word_1_210' title='bbox 426 2920 459 2976; x_wconf 86' lang='lat' dir='ltr'><strong>ct</strong></span> <span class='ocrx_word' id='word_1_211' title='bbox 477 2932 552 2977; x_wconf 93' lang='lat' dir='ltr'><strong>cum</strong></span> <span class='ocrx_word' id='word_1_212' title='bbox 570 2907 758 2998; x_wconf 82' lang='lat' dir='ltr'><strong>presbyterii</strong></span> <span class='ocrx_word' id='word_1_213' title='bbox 773 2907 885 2975; x_wconf 90' lang='lat' dir='ltr'><strong>ordine</strong></span> <span class='ocrx_word' id='word_1_214' title='bbox 903 2930 1084 2978; x_wconf 86' lang='lat' dir='ltr'><strong>sermonem</strong></span> 
     </span>
     <span class='ocr_line' id='line_1_26' title="bbox 43 3013 1085 3105; baseline -0.006 -14"><span class='ocrx_word' id='word_1_215' title='bbox 43 3045 166 3090; x_wconf 84' lang='lat' dir='ltr'><strong>sanam</strong></span> <span class='ocrx_word' id='word_1_216' title='bbox 184 3033 216 3089; x_wconf 83' lang='lat' dir='ltr'><strong>st</strong></span> <span class='ocrx_word' id='word_1_217' title='bbox 234 3018 506 3089; x_wconf 76' lang='lat' dir='ltr'><strong>conversationem</strong></span> <span class='ocrx_word' id='word_1_218' title='bbox 521 3016 589 3082; x_wconf 87' lang='lat' dir='ltr'><strong>sine</strong></span> <span class='ocrx_word' id='word_1_219' title='bbox 599 3013 718 3082; x_wconf 80' lang='lat' dir='ltr'><strong>offensa</strong></span> <span class='ocrx_word' id='word_1_220' title='bbox 729 3025 893 3105; x_wconf 69' lang='lat' dir='ltr'><strong>prostant,</strong></span> <span class='ocrx_word' id='word_1_221' title='bbox 909 3018 950 3084; x_wconf 88' lang='lat' dir='ltr'><strong>ad</strong></span> <span class='ocrx_word' id='word_1_222' title='bbox 964 3015 1085 3086; x_wconf 84' lang='lat' dir='ltr'><strong>contir-</strong></span> 
     </span>
    </p>
   </div>
   <div class='ocr_carea' id='block_1_6' title="bbox 40 3124 1188 3217">
    <p class='ocr_par' dir='ltr' id='par_1_7' title="bbox 40 3124 1188 3217">
     <span class='ocr_line' id='line_1_27' title="bbox 40 3124 1188 3217; baseline -0.003 -19"><span class='ocrx_word' id='word_1_223' title='bbox 40 3132 224 3204; x_wconf 85' lang='lat' dir='ltr'><strong>mationem</strong></span> <span class='ocrx_word' id='word_1_224' title='bbox 241 3142 274 3196; x_wconf 85' lang='lat' dir='ltr'><strong>et</strong></span> <span class='ocrx_word' id='word_1_225' title='bbox 291 3126 525 3217; x_wconf 80' lang='lat' dir='ltr'><strong>correptionem</strong></span> <span class='ocrx_word' id='word_1_226' title='bbox 549 3124 747 3213; x_wconf 86' lang='lat' dir='ltr'><strong>reliquorum</strong></span> <span class='ocrx_word' id='word_1_227' title='bbox 756 3124 778 3192; x_wconf 88' lang='lat'><strong>⁷.</strong></span> <span class='ocrx_word' id='word_1_228' title='bbox 804 3125 1084 3206; x_wconf 82' lang='lat' dir='ltr'><strong>Quemadmodum</strong></span> <span class='ocrx_word' id='word_1_229' title='bbox 1185 3194 1188 3202; x_wconf 77' lang='grc'>,</span> 
     </span>
    </p>
   </div>
   <div class='ocr_carea' id='block_1_7' title="bbox 39 3227 1086 3666">
    <p class='ocr_par' dir='ltr' id='par_1_8' title="bbox 39 3227 1086 3666">
     <span class='ocr_line' id='line_1_28' title="bbox 39 3227 1083 3329; baseline -0.004 -21"><span class='ocrx_word' id='word_1_230' title='bbox 39 3241 187 3329; x_wconf 75' lang='lat' dir='ltr'><strong>Moyses,</strong></span> <span class='ocrx_word' id='word_1_231' title='bbox 207 3238 258 3306; x_wconf 87' lang='lat' dir='ltr'><strong>cui</strong></span> <span class='ocrx_word' id='word_1_232' title='bbox 277 3248 384 3304; x_wconf 86' lang='lat' dir='ltr'><strong>tantus</strong></span> <span class='ocrx_word' id='word_1_233' title='bbox 402 3235 537 3302; x_wconf 78' lang='lat' dir='ltr'><strong>ducatus</strong></span> <span class='ocrx_word' id='word_1_234' title='bbox 556 3246 604 3300; x_wconf 85' lang='lat' dir='ltr'><strong>est</strong></span> <span class='ocrx_word' id='word_1_235' title='bbox 618 3234 771 3313; x_wconf 76' lang='lat' dir='ltr'><strong>creditus,</strong></span> <span class='ocrx_word' id='word_1_236' title='bbox 788 3227 872 3303; x_wconf 84' lang='lat' dir='ltr'><strong>hona</strong></span> <span class='ocrx_word' id='word_1_237' title='bbox 891 3238 1083 3304; x_wconf 80' lang='lat' dir='ltr'><strong>conscicntia</strong></span> 
     </span>
     <span class='ocr_line' id='line_1_29' title="bbox 43 3345 1085 3439; baseline 0 -23"><span class='ocrx_word' id='word_1_238' title='bbox 43 3351 162 3426; x_wconf 76' lang='lat' dir='ltr'><strong>fretus,</strong></span> <span class='ocrx_word' id='word_1_239' title='bbox 184 3349 339 3438; x_wconf 70' lang='lat' dir='ltr'><strong>purgabat</strong></span> <span class='ocrx_word' id='word_1_240' title='bbox 357 3369 391 3414; x_wconf 91' lang='lat' dir='ltr'><strong>se</strong></span> <span class='ocrx_word' id='word_1_241' title='bbox 412 3345 499 3436; x_wconf 78' lang='lat' dir='ltr'><strong>apud</strong></span> <span class='ocrx_word' id='word_1_242' title='bbox 516 3346 634 3422; x_wconf 83' lang='lat' dir='ltr'><strong>Deum,</strong></span> <span class='ocrx_word' id='word_1_243' title='bbox 654 3345 787 3414; x_wconf 86' lang='lat' dir='ltr'><strong>diceus:</strong></span> <span class='ocrx_word' id='word_1_244' title='bbox 804 3348 900 3416; x_wconf 80' lang='lat' dir='ltr'><strong>«Non</strong></span> <span class='ocrx_word' id='word_1_245' title='bbox 921 3349 1085 3439; x_wconf 86' lang='lat' dir='ltr'><strong>concupis-</strong></span> 
     </span>
     <span class='ocr_line' id='line_1_30' title="bbox 45 3455 1084 3546; baseline 0.004 -22"><span class='ocrx_word' id='word_1_246' title='bbox 45 3490 60 3524; x_wconf 78' lang='lat'><strong>»</strong></span> <span class='ocrx_word' id='word_1_247' title='bbox 76 3481 155 3526; x_wconf 80' lang='lat' dir='ltr'><strong>cem</strong></span> <span class='ocrx_word' id='word_1_248' title='bbox 171 3456 305 3546; x_wconf 84' lang='lat' dir='ltr'><strong>alicujus</strong></span> <span class='ocrx_word' id='word_1_249' title='bbox 321 3455 449 3522; x_wconf 91' lang='lat' dir='ltr'><strong>illorum</strong></span> <span class='ocrx_word' id='word_1_250' title='bbox 465 3455 543 3544; x_wconf 85' lang='lat' dir='ltr'><strong>quid</strong></span> <span class='ocrx_word' id='word_1_251' title='bbox 556 3455 680 3544; x_wconf 84' lang='lat' dir='ltr'><strong>accepi,</strong></span> <span class='ocrx_word' id='word_1_252' title='bbox 701 3479 804 3545; x_wconf 85' lang='lat' dir='ltr'><strong>neque</strong></span> <span class='ocrx_word' id='word_1_253' title='bbox 817 3456 901 3524; x_wconf 85' lang='lat' dir='ltr'><strong>male</strong></span> <span class='ocrx_word' id='word_1_254' title='bbox 915 3456 976 3525; x_wconf 80' lang='lat' dir='ltr'><strong>ieci</strong></span> <span class='ocrx_word' id='word_1_255' title='bbox 990 3457 1084 3528; x_wconf 85' lang='lat' dir='ltr'><strong>aiicui</strong></span> 
     </span>
     <span class='ocr_line' id='line_1_31' title="bbox 47 3555 1086 3666; baseline 0 -30"><span class='ocrx_word' id='word_1_256' title='bbox 47 3555 191 3636; x_wconf 75' lang='lat' dir='ltr'><strong>aeorum</strong></span> <span class='ocrx_word' id='word_1_257' title='bbox 200 3564 222 3632; x_wconf 87' lang='lat'><strong>¹.</strong></span> <span class='ocrx_word' id='word_1_258' title='bbox 235 3595 248 3630; x_wconf 78' lang='lat' dir='ltr'><strong>s</strong></span> <span class='ocrx_word' id='word_1_259' title='bbox 263 3563 546 3646; x_wconf 77' lang='lat' dir='ltr'><strong>Quemadmodum</strong></span> <span class='ocrx_word' id='word_1_260' title='bbox 561 3561 690 3630; x_wconf 81' lang='lat' dir='ltr'><strong>Samuel</strong></span> <span class='ocrx_word' id='word_1_261' title='bbox 705 3575 753 3630; x_wconf 89' lang='lat' dir='ltr'><strong>tot</strong></span> <span class='ocrx_word' id='word_1_262' title='bbox 767 3566 857 3632; x_wconf 87' lang='lat' dir='ltr'><strong>annis</strong></span> <span class='ocrx_word' id='word_1_263' title='bbox 871 3565 1017 3655; x_wconf 78' lang='lat' dir='ltr'><strong>judicans</strong></span> <span class='ocrx_word' id='word_1_264' title='bbox 1030 3591 1086 3666; x_wconf 87' lang='lat' dir='ltr'><strong>po·</strong></span> 
     </span>
    </p>
   </div>
   <div class='ocr_carea' id='block_1_8' title="bbox 45 3727 1089 3966">
    <p class='ocr_par' dir='ltr' id='par_1_9' title="bbox 45 3727 1089 3966">
     <span class='ocr_line' id='line_1_32' title="bbox 82 3727 1088 3800; baseline -0.003 -15"><span class='ocrx_word' id='word_1_265' title='bbox 82 3737 191 3800; x_wconf 57' lang='lat' dir='ltr'><strong>sonsa.</strong></span> <span class='ocrx_word' id='word_1_266' title='bbox 202 3749 255 3796; x_wconf 82' lang='lat' dir='ltr'><strong>xrs,</strong></span> <span class='ocrx_word' id='word_1_267' title='bbox 269 3742 330 3786; x_wconf 80' lang='lat' dir='ltr'><strong>root</strong></span> <span class='ocrx_word' id='word_1_268' title='bbox 343 3749 417 3800; x_wconf 81' lang='lat' dir='ltr'><strong>seqq.</strong></span> <span class='ocrx_word' id='word_1_269' title='bbox 432 3729 484 3770; x_wconf 73' lang='lat'><strong>-2</strong></span> <span class='ocrx_word' id='word_1_270' title='bbox 500 3732 563 3781; x_wconf 81' lang='lat' dir='ltr'><strong>Dan.</strong></span> <span class='ocrx_word' id='word_1_271' title='bbox 579 3747 635 3790; x_wconf 79' lang='lat' dir='ltr'><strong>sus.</strong></span> <span class='ocrx_word' id='word_1_272' title='bbox 656 3727 833 3780; x_wconf 78' lang='lat' dir='ltr'><strong>so.··-⁸1tid.</strong></span> <span class='ocrx_word' id='word_1_273' title='bbox 852 3731 891 3781; x_wconf 78' lang='lat'><strong>⁵6.</strong></span> <span class='ocrx_word' id='word_1_274' title='bbox 905 3759 937 3770; x_wconf 92' lang='lat'><em>-</em></span> <span class='ocrx_word' id='word_1_275' title='bbox 948 3730 1029 3782; x_wconf 63' lang='lat'><strong>⁴1⁶5«.</strong></span> <span class='ocrx_word' id='word_1_276' title='bbox 1045 3735 1088 3796; x_wconf 76' lang='lat'><strong>⁵2,</strong></span> 
     </span>
     <span class='ocr_line' id='line_1_33' title="bbox 45 3813 1089 3883; baseline -0.011 -13"><span class='ocrx_word' id='word_1_277' title='bbox 45 3825 91 3874; x_wconf 73' lang='lat'><strong>53.</strong></span> <span class='ocrx_word' id='word_1_278' title='bbox 104 3817 254 3868; x_wconf 75' lang='lat' dir='ltr'><strong>-⁵ssarrh.</strong></span> <span class='ocrx_word' id='word_1_279' title='bbox 271 3835 339 3880; x_wconf 76' lang='lat' dir='ltr'><strong>sarr,</strong></span> <span class='ocrx_word' id='word_1_280' title='bbox 354 3817 387 3878; x_wconf 67' lang='grc'><strong>48</strong></span> <span class='ocrx_word' id='word_1_281' title='bbox 405 3825 431 3868; x_wconf 84' lang='lat' dir='ltr'><strong>ct</strong></span> <span class='ocrx_word' id='word_1_282' title='bbox 451 3814 585 3883; x_wconf 83' lang='lat' dir='ltr'><strong>scqq.-⁸</strong></span> <span class='ocrx_word' id='word_1_283' title='bbox 596 3814 677 3864; x_wconf 82' lang='lat' dir='ltr'><strong>aGor.</strong></span> <span class='ocrx_word' id='word_1_284' title='bbox 700 3831 729 3874; x_wconf 83' lang='lat' dir='ltr'><strong>rr,</strong></span> <span class='ocrx_word' id='word_1_285' title='bbox 752 3813 846 3880; x_wconf 57' lang='lat' dir='ltr'><strong>aya-²</strong></span> <span class='ocrx_word' id='word_1_286' title='bbox 861 3833 874 3865; x_wconf 76' lang='lat' dir='ltr'><strong>a</strong></span> <span class='ocrx_word' id='word_1_287' title='bbox 889 3816 950 3866; x_wconf 78' lang='lat' dir='ltr'><strong>Cor.</strong></span> <span class='ocrx_word' id='word_1_288' title='bbox 964 3831 1046 3878; x_wconf 32' lang='lat' dir='ltr'><strong>sarto.</strong></span> <span class='ocrx_word' id='word_1_289' title='bbox 1057 3843 1089 3858; x_wconf 86' lang='grc'><strong>.-</strong></span> 
     </span>
     <span class='ocr_line' id='line_1_34' title="bbox 47 3905 267 3966; baseline -0.023 -5"><span class='ocrx_word' id='word_1_290' title='bbox 47 3907 58 3940; x_wconf 80' lang='lat'>⁸</span> <span class='ocrx_word' id='word_1_291' title='bbox 73 3908 150 3960; x_wconf 81' lang='lat' dir='ltr'><strong>Num.</strong></span> <span class='ocrx_word' id='word_1_292' title='bbox 167 3919 221 3966; x_wconf 73' lang='lat' dir='ltr'><strong>arr,</strong></span> <span class='ocrx_word' id='word_1_293' title='bbox 233 3905 267 3956; x_wconf 78' lang='lat'><strong>15.</strong></span> 
     </span>
    </p>
   </div>
   <div class='ocr_carea' id='block_1_9' title="bbox 1268 3967 1270 4006">
    <p class='ocr_par' dir='ltr' id='par_1_10' title="bbox 1268 3967 1270 4006">
     <span class='ocr_line' id='line_1_35' title="bbox 1268 3967 1270 4006; baseline 0 0"><span class='ocrx_word' id='word_1_294' title='bbox 1268 3967 1270 4006; x_wconf 84' lang='lat' dir='ltr'><strong>t</strong></span> 
     </span>
    </p>
   </div>
   <div class='ocr_carea' id='block_1_10' title="bbox 0 0 1310 4642">
    <p class='ocr_par' dir='ltr' id='par_1_11' title="bbox 0 0 1310 4642">
     <span class='ocr_line' id='line_1_36' title="bbox 0 0 1310 4642; baseline 0 0"><span class='ocrx_word' id='word_1_295' title='bbox 0 0 1310 4642; x_wconf 95' lang='lat' dir='ltr'><strong> </strong></span> 
     </span>
    </p>
   </div>
  </div>
 </body>
</html>
