2684 4638
447 293 570 340 cossus
592 293 744 338 urnsns.
1047 274 1110 359 ³⁹7

6 453 8 492 ;
73 404 104 472 si
116 403 202 470 enim
213 401 410 470 intellectum
421 401 617 491 perfectioris
628 400 762 488 alicuius
770 401 828 468 Dei
839 414 872 468 et
883 401 1024 480 Domini,
1037 425 1117 492 prn-¹

6 567 9 602 =
74 525 129 582 ter
151 515 250 590 huno,
267 514 442 591 habuisset,
459 537 524 582 non
540 512 651 602 utique
672 513 773 589 hunc,
789 536 887 602 quem
902 515 1022 584 soiebnt
1036 514 1115 582 iubis

74 643 147 688 esse
170 621 324 697 frustum,
341 618 497 698 absolute,
519 620 607 688 etin
630 630 746 698 totum,
768 619 943 686 Dominum
957 632 991 686 et
1012 621 1116 688 Deum

75 730 301 810 confiteretur,
318 732 401 798 siout
423 743 497 799 ente
518 729 724 800 ostendimus.
745 729 857 797 Sedet
871 731 911 796 de
926 729 1051 800 Jonnne
1065 732 1117 798 di-

5 901 9 938 Ι,
75 867 170 920 cons,
187 843 233 910 sic
248 844 291 910 uit
308 843 425 910 :tErit
439 844 526 910 enim
539 864 674 932 mugnus
690 844 722 912 in
737 854 913 932 conspeetu
926 842 1067 920 Domini,
1084 856 1118 910 et

6 1024 10 1039 ¹
75 981 92 1018 ι
108 951 226 1020 multos
241 951 379 1019 filiorum
393 949 489 1020 Isrnei
510 963 674 1020 convertet
690 951 731 1018 nd
751 952 925 1022 Dominum
940 952 1045 1019 Deum
1066 953 1117 1044 ip-

8 1044 11 1050 *
75 1091 92 1128 ι
110 1087 232 1138 sorum,
248 1073 280 1128 et
298 1061 366 1152 ipse
382 1063 542 1152 praeeedet
557 1064 589 1131 iu
611 1075 786 1152 conspeetu
808 1063 890 1152 ejus,
911 1063 945 1130 in
960 1061 1073 1151 spiritu
1086 1075 1120 1128 et

77 1170 227 1238 »virtute
246 1171 357 1250 Heliae,
380 1195 557 1262 praepurnre
572 1172 710 1240 Domino
725 1171 853 1262 piebem
872 1171 1077 1262 perseetnm¹.
1096 1201 1110 1236 ι

6 1351 11 1367 ,
80 1280 228 1370 Cuiergo
238 1279 393 1370 populum
403 1281 602 1372 praepararit,
615 1293 647 1348 et
660 1282 692 1348 in
704 1282 796 1371 eujus
807 1282 935 1348 Domini
947 1292 1121 1372 conspeetu

3 1376 12 1490 ζ
80 1415 219 1482 mugnus
241 1391 342 1460 suetus
363 1391 433 1458 esti
449 1391 565 1481 Utique
588 1392 658 1480 ejus
676 1392 731 1479 qui
755 1391 860 1458 dixit:
878 1417 891 1454 r
908 1392 1067 1474 Quoniam
1087 1404 1121 1460 et

3 1497 7 1592 J
81 1529 97 1566 s
112 1499 184 1591 plus
198 1525 296 1591 quum
317 1501 474 1592 propheta
495 1501 609 1568 hubuit
627 1499 747 1588 aliquid
761 1499 915 1577 Jounnes,
930 1512 963 1568 et
977 1523 1072 1570 nemo
1087 1502 1120 1570 in

1 1607 4 1616 ’
81 1639 97 1678 s
113 1613 195 1680 nutis
210 1611 382 1680 mulierum
397 1613 500 1701 major
515 1624 563 1680 est
577 1610 703 1678 Joanne
717 1609 880 1700 Bnptistu²
899 1635 908 1676 ε
926 1639 939 1674 s
953 1612 1007 1698 qui
1022 1624 1055 1676 et
1066 1635 1122 1700 po-

80 1721 196 1812 pulum
206 1726 404 1813 praeparabat
415 1724 456 1792 nd
467 1725 640 1790 adventum
651 1723 793 1800 Domini,
806 1723 965 1790 conservis
976 1745 1121 1812 praenun-

81 1833 180 1912 tinus,
201 1842 234 1898 et
254 1833 473 1920 poenitentiam
494 1826 569 1921 ipss‘s
589 1853 790 1921 praeconans,
806 1832 852 1894 uti
869 1831 1120 1898 remissionemn

84 1940 225 2008 Domino
236 1953 392 2029 presente
403 1941 616 2028 perciperent,
630 1938 774 2006 conversi
786 1937 827 2002 nd
837 1961 914 2006 eum
924 1962 942 2004 u
954 1961 1018 2026 quo
1029 1963 1121 2028 prop·

88 2062 139 2118 ter
152 2061 282 2138 ponente
298 2061 332 2114 et
346 2049 625 2137 transgressionem
648 2057 740 2112 erunt
762 2045 951 2122 abalienatir
967 2047 1122 2134 quemad·

86 2159 221 2228 modum
236 2171 268 2226 et
283 2157 385 2226 David
400 2158 467 2224 uit:
484 2155 646 2226 «Alienati
662 2167 736 2222 sunt
755 2167 940 2246 peccatores
954 2157 994 2224 ob
1016 2168 1121 2232 utero,
1194 2155 1197 2162 '

85 2298 99 2333 ι
114 2279 301 2336 erraverunt
315 2291 334 2333 u
350 2267 490 2334 ventre⁸.
509 2268 576 2336 »Et
588 2277 719 2356 propter
734 2265 799 2334 hoc
814 2279 1001 2337 convertens
1017 2289 1071 2334 eos
1081 2267 1122 2352 nd

1 2357 3 2372 ’
86 2377 261 2446 Dominum
272 2401 399 2453 eorum,
410 2377 607 2468 prosperabat
617 2375 754 2444 Domino
765 2374 919 2466 populum
930 2376 1121 2466 perfectum,

89 2488 123 2552 in
137 2487 250 2576 spiritu
264 2499 298 2553 et
311 2486 428 2554 virtute
442 2485 550 2556 Helio.

132 2597 174 2664 Et
187 2596 305 2664 iterum
319 2598 360 2663 de
374 2594 495 2688 Angelo
511 2595 651 2664 reserens
665 2597 710 2664 nit
726 2619 734 2662 ε
753 2623 766 2660 u
780 2597 818 2664 In
838 2599 907 2687 ipso
923 2610 1029 2664 nutem
1043 2609 1123 2664 tem·

88 2733 102 2770 s
118 2729 196 2794 pore
211 2707 326 2772 missus
339 2718 387 2774 est
401 2705 540 2797 Angelus
556 2706 685 2774 Gabriel
701 2731 718 2772 n
738 2708 819 2784 Deo,
835 2708 891 2796 qui
906 2719 940 2772 et
954 2707 1032 2774 dixit
1048 2705 1122 2773 Vir-

88 2815 178 2906 »gini
195 2839 203 2881 :
222 2813 293 2884 Noli
314 2817 441 2893 timere,
464 2816 577 2892 Muris,
599 2817 746 2884 invenisti
768 2817 855 2884 onim
877 2817 1011 2908 grntium
1036 2817 1122 2906 opud

89 2955 102 2990 s
117 2925 279 2996 Denm⁴.»
294 2928 335 2994 Et
346 2927 387 2994 de
397 2927 535 2997 Domino
548 2926 646 2994 dicit:
663 2927 744 2996 «Hie
755 2928 814 2994 erit
825 2949 969 3017 mugnus,
981 2938 1013 2993 et
1022 2925 1122 2994 Filius

91 3033 269 3104 »Altissimi
291 3037 469 3114 venabitur,
484 3048 518 3102 et
540 3036 630 3104 dubit
648 3037 677 3104 ei
696 3038 852 3106 Dominus
867 3037 953 3104 Deus
968 3037 1121 3119 thronum

92 3145 222 3214 »David
235 3146 332 3234 putris
346 3147 409 3223 sui,
424 3157 458 3212 et
473 3145 619 3234 regnabit
630 3146 663 3212 in
678 3147 775 3214 domo
787 3127 888 3216 Jacob
904 3148 937 3214 iu
951 3161 1119 3226 aetsrnum,

93 3267 151 3322 »et
165 3257 251 3346 regui
272 3257 341 3347 ejus
357 3280 423 3326 nun
439 3258 499 3323 erit
515 3256 586 3326 finis
597 3256 618 3322 ⁵.
636 3258 747 3338 »Quis
767 3271 815 3326 est
838 3271 946 3330 autem
965 3259 1045 3326 nlius
1065 3262 1118 3350 qui

93 3379 201 3457 regnat
216 3370 248 3436 in
264 3369 361 3439 domo
375 3367 477 3436 Jacob
493 3368 560 3436 sine
576 3370 805 3438 intermissione
821 3373 852 3438 in
875 3384 1044 3449 (eternum,
1060 3373 1120 3439 nisi

94 3477 237 3546 Christus
256 3479 350 3546 «iesus
370 3479 524 3549 Dominus
545 3491 664 3557 noster,
688 3479 786 3548 Filius
806 3480 865 3547 Dei
887 3478 1044 3556 altissimi,
1065 3483 1121 3569 qui

92 3613 147 3679 per
161 3588 279 3679 Legem
294 3601 326 3658 et
337 3589 510 3680 Prophetas
520 3591 665 3679 promisit
675 3589 845 3658 solutorem
857 3612 951 3656 suum
964 3590 1119 3660 facturum

93 3721 124 3765 so
134 3699 222 3767 omni
238 3699 328 3766 carni
342 3698 510 3777 visibilem,
525 3713 561 3766 ut
575 3699 668 3767 fieret
680 3699 780 3768 Filius
790 3699 940 3778 hominis,
949 3702 996 3767 'nd
1010 3701 1073 3770 hoc
1084 3713 1119 3769 ut

122 3846 208 3898 tnnc.
219 3867 237 3910 ι,
253 3853 281 3900 ι5
290 3859 378 3916 etseq·
387 3849 436 3889 -²
445 3851 535 3904 nauh.
547 3870 580 3916 ιι,
591 3871 615 3920 9,
631 3871 665 3904 ιι.
679 3882 709 3891 -
719 3851 728 3888 ⁵
739 3852 803 3904 Psoi.
818 3853 1035 3914 svu,4.·-¹Luc.
1046 3871 1065 3916 r,
1078 3855 1117 3916 26,

92 3937 134 3990 iu.
142 3961 172 3974 -
182 3936 192 3970 ⁶
201 3932 262 3984 ltin.
275 3935 305 3986 ta
314 3944 340 3986 et
351 3953 405 4004 seq.
