2808 4688
105 200 483 228 mmmmm
488 207 1145 242 mmmmmmmumfflmm

162 286 582 498 sannaus
628 371 1117 524 ansuinus,

466 653 842 744 APOSTOLUS.

550 891 745 944 GRAECUS.

257 1157 263 1164 ι
367 1073 484 1156 (mnan
506 1095 564 1135 in.
578 1094 701 1136 cunrsrr
723 1095 765 1157 70
786 1095 826 1138 ar
846 1075 923 1160 80.)

487 1281 813 1323 ..ψ-.-

169 1445 315 1512 Pnruus
327 1446 367 1514 in
383 1444 510 1514 ordine
523 1413 742 1541 temporum,
751 1459 791 1514 et
802 1442 918 1514 multo
932 1449 1041 1518 etiarn
1052 1451 1165 1546 magis

119 1543 160 1609 in
176 1540 312 1614 debitae
327 1552 571 1618 venerationis
584 1547 715 1618 ordine
737 1550 898 1618 occurrit
916 1555 951 1618 S.
971 1551 1164 1640 Barnabas,

122 1653 189 1742 qui
199 1674 220 1720 a
231 1651 501 1724 vetustioribus
509 1653 674 1724 Ecclesiae
680 1652 865 1738 Patribus,
875 1668 912 1722 et
920 1648 966 1723 ab
980 1658 1058 1751 ipso
1071 1659 1169 1728 Luca

125 1758 316 1848 (neum,
331 1761 397 1856 ιδ)
406 1761 617 1831 venerando
631 1760 797 1856 Apostoli
811 1764 957 1830 nomine
969 1759 1169 1854 decoratur,

130 1867 211 1934 sive
234 1865 345 1960 quod
364 1865 473 1948 luerit
495 1869 606 1939 modo
627 1865 784 1964 quodam
806 1867 974 1964 singulari
997 1893 1019 1940 a
1041 1875 1171 1944 Sancto

136 1971 283 2064 Spiritu
305 1986 470 2058 vocatus,
489 1975 563 2062 sive
580 1972 678 2070 quod
693 1997 766 2042 non
783 1997 911 2068 parum
929 1997 1015 2046 cum
1033 1981 1168 2046 caeteris

134 2077 162 2142 A
169 2075 327 2169 postolis
342 2077 387 2148 ad
409 2078 696 2150 constituendum
718 2076 848 2148 Christi
869 2103 1019 2175 regnum
1035 2097 1164 2152 contu·

131 2175 228 2249 lerit.
372 2193 377 2203 '

177 2289 323 2359 Levites
349 2295 488 2386 origine
513 2290 581 2384 (iv,
600 2288 686 2383 36),
707 2291 745 2360 in
771 2290 889 2362 insula
907 2290 1030 2388 Cypro
1057 2306 1163 2364 natus

126 2407 198 2477 est,
218 2393 285 2465 ubi
305 2421 431 2492 agrum
452 2410 617 2492 parentes
637 2393 806 2468 habuere.
833 2396 980 2496 Josepbi
999 2403 1162 2486 nomine,

123 2524 202 2595 quo
219 2507 320 2597 prius
336 2502 598 2600 appellabatur,
612 2502 658 2572 ab
675 2503 856 2597 Apostolis
870 2519 1027 2590 mutat0,
1045 2503 1164 2574 dictus

124 2617 179 2674 est
196 2607 396 2692 Barnabas,
411 2604 512 2702 quod
528 2620 580 2676 est
597 2603 795 2674 secundum
810 2604 945 2676 Lucam
960 2606 1164 2676 consolatio·

123 2716 179 2782 uis
180 2715 309 2810 filius,
327 2716 410 2787 ideo
426 2715 544 2811 quod,
558 2728 648 2784 teste
661 2713 935 2808 Chrysostomo,
954 2715 1165 2788 consolatio·

124 2843 208 2890 nem
223 2820 368 2892 afflictis
384 2819 571 2917 ingerendi
593 2817 691 2889 dono
711 2818 865 2916 polleret
882 2819 1051 2890 mirabili.
1070 2819 1163 2892 Addi

124 2929 231 2997 etiam
247 2941 368 3026 potest
381 2951 465 2997 cum
479 2932 517 2997 Β.
532 2927 766 3020 Hieronymo,
775 2923 977 2996 Barnabam
989 2927 1163 3024 interpre

126 3036 190 3102 tari
211 3057 320 3130 posse
325 3033 452 3129 filium
460 3031 669 3129 proplietae,
688 3055 763 3128 quo
776 3030 921 3128 dignior
935 3053 1060 3118 nemo,
1080 3055 1165 3102 cum

126 3128 341 3238 prophetica
354 3143 555 3238 praesertim
566 3137 675 3209 laude
689 3137 900 3210 inclaruisse
913 3135 1139 3236 praedicetur.

171 3253 438 3320 DocentGraeci
451 3247 555 3318 illum
564 3245 610 3318 ab
622 3245 773 3318 infantia
783 3246 1072 3341 Hierosolymam
1082 3248 1163 3316 mis

124 3377 223 3441 sum,
254 3353 534 3425 celeberrimum
556 3375 641 3423 cum
665 3352 778 3424 Paulo
803 3349 1040 3420 Gamalielem
1066 3347 1163 3420 audi·

123 3465 233 3548 visse,
249 3464 423 3558 interque
438 3462 575 3556 primos
588 3473 625 3530 et
638 3461 840 3556 praecipuos
858 3459 1082 3553 septuaginta
1096 3454 1163 3527 dis·

123 3568 337 3664 cipulorum
352 3567 563 3649 emicuisse3
580 3561 677 3636 unde
690 3587 759 3660 pro
773 3577 871 3635 certo
884 3561 1093 3634 babendum
1106 3578 1160 3634 est

124 3685 265 3742 tantam
283 3670 395 3744 fuisse
412 3672 493 3768 ejus
510 3667 733 3756 felicitatem,
751 3685 792 3741 ut
806 3667 851 3742 ab
870 3671 951 3768 ipso
970 3669 1161 3742 Salvatoris

127 3797 191 3846 ore
204 3776 314 3850 verba
328 3781 410 3850 vitae
424 3792 567 3852 aeternae
579 3780 788 3874 perceperit.

216 3907 237 3948 l·
970 3902 981 3943 l
