2738 4632
253 227 315 308 adli
576 253 690 296 sanari
715 253 828 297 sununs
851 253 913 298 nra.
938 253 950 296 1

251 369 449 449 purpuratas,
469 359 677 448 maximisque
691 359 806 449 opihns
824 349 979 448 praeditet
993 379 1072 448 quaa
1089 375 1244 450 persaepe
1260 358 1305 424 ad

250 491 285 538 ee
295 468 422 538 allicere
436 469 580 546 studens,
593 469 826 540 aasentehuude
838 471 881 538 ita
892 469 1066 560 alloquitur
1079 493 1088 536 s
1101 495 1116 530 ι
1127 469 1230 535 Lihct
1241 469 1303 534 tibi

252 608 265 644 s
281 580 415 669 gratiam
426 601 530 646 meam
542 578 717 668 impertire,
729 577 989 668 qnandoquidem
1000 580 1234 647 universorum
1245 576 1304 642 Ps-

251 719 264 752 ι
281 699 332 756 ter
342 687 501 778 Angelum
512 701 605 754 tuum
619 702 775 779 perpetuo
790 690 893 757 cernit
903 702 978 756 ante
989 689 1104 756 faciem
1116 711 1228 754 suam.
1243 687 1300 752 lo

250 821 337 866 »cus
359 809 551 882 autemture
572 798 796 889 Magnitudinis
814 800 847 867 in
865 801 957 868 nobis
976 801 1053 866 situs
1070 811 1132 866 est.
1159 799 1298 888 Oportet

251 937 264 971 s
280 930 338 974 nos
355 932 454 974 unum
470 907 564 976 ellici.
582 909 702 999 Accipe
716 910 907 999 primumex
923 933 989 986 me,
1004 921 1038 976 et
1055 931 1115 999 per
1133 931 1205 982 me,
1221 931 1297 997 gn·

252 1045 265 1080 ι
280 1017 368 1084 tiam.
387 1017 517 1084 Adorne
532 1019 678 1107 teipsam,
692 1031 727 1083 ut
741 1041 855 1108 sponsa
873 1041 1025 1108 mensum
1043 1039 1140 1084 suum
1163 1040 1299 1107 exspec-

252 1137 351 1192 stans
367 1147 376 1190 a
398 1137 434 1192 ut
450 1126 491 1192 sis
507 1126 595 1214 quod
609 1149 682 1214 ego,
697 1139 731 1191 et
747 1149 808 1216 ago
823 1126 962 1194 vicissim
977 1125 1063 1214 quod
1079 1139 1128 1191 tu.
1151 1125 1298 1193 Luminis

251 1263 264 1298 s
282 1257 391 1302 semen
409 1235 442 1302 iu
461 1233 603 1302 thalamo
619 1246 676 1301 tuo
696 1234 829 1303 colloca.
849 1235 1011 1326 Sponsum
1027 1259 1045 1301 a
1061 1259 1116 1304 me
1140 1259 1255 1313 sume,
1269 1249 1300 1300 et

251 1372 265 1408 s
282 1367 384 1435 capax
400 1344 498 1434 ipsius
509 1355 591 1420 esto,
607 1355 704 1432 atque
718 1345 751 1410 in
762 1345 831 1436 ipso
842 1345 938 1411 facito
950 1356 987 1412 ut
1001 1345 1148 1434 capieris.
1165 1345 1220 1412 En
1233 1369 1301 1434 gra-

252 1485 266 1520 ι
281 1456 324 1522 tia
342 1456 374 1524 iu
392 1468 424 1522 te
440 1455 605 1522 descendit
622 1477 631 1520 s
652 1457 739 1544 aperi
754 1479 790 1522 os
805 1468 911 1532 tuum,
933 1466 967 1522 et
982 1455 1169 1523 vaticinare.
1193 1455 1303 1522 »Res-

253 1566 417 1658 pondente
434 1577 544 1633 autem
561 1562 717 1631 muliere:
735 1593 749 1626 a
767 1566 938 1654 Nunquam
953 1577 1039 1633 vates
1057 1567 1118 1642 sui,
1139 1589 1205 1634 uec
1219 1567 1302 1632 vati·

253 1675 410 1744 »duaudi
429 1687 531 1742 artem
547 1672 662 1749 calleo;
684 1698 823 1742 »rursus
839 1673 892 1740 ille
911 1676 1128 1743 invocationes
1141 1675 1298 1765 quasdam

252 1785 385 1862 inciens,
404 1796 440 1850 ut
460 1785 625 1852 seductam
644 1782 731 1852 illam
753 1786 786 1851 iu
805 1785 1047 1852 admirationem
1066 1808 1106 1852 ac
1127 1798 1295 1874 stuporem

253 1894 373 1970 trahat,
393 1893 442 1959 his
456 1915 529 1960 eam
545 1893 649 1960 verbis
670 1893 807 1960 affatur:
823 1893 947 1984 «Aperi
963 1916 998 1960 os
1016 1905 1109 1961 tuum
1131 1916 1141 1958 ε
1164 1892 1291 1983 loquere

255 2033 269 2068 s
283 2004 438 2094 quidquid
449 2001 540 2080 libet,
551 2015 584 2070 et
595 2004 808 2095 prophetabis.
823 2007 902 2073 »His
913 2006 1122 2096 igiturverhis
1134 2001 1192 2071 illa
1206 2005 1295 2071 stulte

255 2113 336 2182 elata
349 2135 388 2180 ao
402 2113 539 2190 tumida,
555 2125 650 2206 atque
665 2117 706 2182 oh
720 2116 910 2184 vaticinandi
929 2139 1019 2204 spem
1035 2127 1070 2180 et
1085 2117 1295 2206 exspectatio

254 2245 343 2298 aram,
361 2222 393 2288 in
410 2245 474 2310 qua
489 2235 645 2300 versatur,
661 2224 767 2291 animo
778 2223 985 2302 incalescens,
1002 2225 1100 2293 oorde
1111 2224 1192 2314 plus
1205 2249 1292 2315 man

255 2330 372 2420 parsit
390 2329 601 2410 subsultaute,
622 2333 752 2399 audacia
771 2332 916 2411 effertur,
936 2357 976 2402 ao
996 2357 1100 2400 meras
1122 2358 1240 2426 nugas,
1260 2349 1289 2397 et

257 2439 414 2529 quidquid
423 2452 545 2508 temere
556 2443 743 2518 occurrerit,
756 2442 893 2510 inaniter
906 2454 939 2508 et
953 2443 1174 2533 impudenter,
1189 2455 1295 2533 utpote

256 2550 344 2618 inani
364 2551 475 2640 spiritu
498 2549 712 2619 concalefacta
742 2549 1032 2638 (quemadmodum
1054 2551 1185 2640 quidam
1203 2553 1299 2618 nohis

256 2662 457 2751 ptaestantior
471 2662 511 2728 de
527 2660 710 2751 hujusmodi
725 2659 912 2728 mulieribus
928 2663 993 2726 ait:
1012 2661 1128 2730 Audax
1142 2673 1171 2728 et
1184 2661 1302 2750 impu-

258 2773 337 2843 dens
357 2797 408 2840 res
428 2785 477 2840 est
496 2773 601 2841 anima
624 2772 711 2840 inani
725 2795 800 2838 aere
815 2771 1067 2861 concalefactala
1089 2795 1129 2840 ac
1146 2772 1296 2861 deinceps

257 2881 490 2973 prophetissam
514 2905 583 2949 sese
602 2882 789 2958 arhitraturt
808 2882 987 2972 gratiasque
1012 2881 1120 2948 Marco
1141 2882 1225 2971 agit,
1249 2883 1296 2970 qui

260 2995 368 3083 gratie
384 3019 449 3062 suae
463 2993 652 3086 participem
667 3015 739 3060 eam
753 2992 879 3069 lecerit,
894 3015 1033 3081 eumque
1050 3015 1116 3058 non
1133 2992 1241 3060 modo
1255 2993 1299 3057 ls-

260 3101 418 3172 cultatum
433 3126 565 3172 suarum
583 3100 749 3193 largitione
768 3102 874 3190 (unde
896 3099 950 3169 ille
968 3102 1130 3192 ingentem
1153 3103 1300 3191 pecunie

261 3213 327 3279 vim
341 3213 482 3302 coegit),
495 3211 658 3278 sedetiam
670 3212 812 3302 corporis
827 3212 875 3278 sui
890 3211 1182 3279 communicatione
1196 3237 1301 3280 remu-

262 3323 367 3390 nerari
383 3334 530 3398 conatur,
546 3343 604 3411 per
618 3323 725 3388 omnia
741 3323 894 3390 nimirum
908 3323 937 3388 ei
949 3319 1092 3412 copulari
1103 3321 1255 3400 studens,
1269 3336 1302 3386 ut

262 3456 339 3502 oum
352 3455 391 3498 eo
405 3433 439 3500 in
456 3455 557 3501 unum
572 3431 686 3502 verunt.

307 3544 478 3612 Enimiero
501 3539 650 3608 mulieres
670 3539 817 3630 quedam
838 3539 1010 3618 fideliores,
1038 3565 1077 3608 ac
1098 3542 1218 3609 timore
1242 3542 1300 3608 Dei

169 3691 172 3706 ι
265 3651 420 3743 praeditae,
439 3673 502 3718 neo
516 3651 557 3716 ah
574 3673 613 3716 eo
628 3649 662 3715 in
673 3647 818 3716 fraudem
828 3648 968 3717 inductae
989 3649 1086 3738 (quas
1102 3671 1305 3738 aequeacre·

265 3760 367 3849 liquas
383 3761 536 3828 seducere
551 3760 742 3834 instituerat,
759 3760 874 3847 juheus
889 3781 942 3826 oas
958 3759 1188 3849 prophetare),
1201 3761 1304 3825 exsul·
1351 3805 1352 3840 p

265 3870 378 3940 ssantes
398 3894 487 3946 eum,
509 3895 547 3940 ao
562 3870 639 3938 diris
658 3867 806 3936 omnihus
826 3867 1028 3948 devoventes,
1052 3871 1092 3938 ah
1115 3870 1305 3959 hujusmodi
