2710 4662
51 253 423 274 ·ummmmnw=ww
429 247 1072 273 numm-mmmmmuwuusuuu

280 445 891 582 MARTYRIUM

329 743 612 796 stuttossttcrt
635 743 844 794 usuttttts

166 951 472 1057 IGNATII
508 943 1000 1056 THEOPHORI.

418 1190 743 1235 ψ

107 1395 222 1476 Reus,
245 1391 462 1488 Agathocles
484 1407 521 1464 et
540 1391 663 1478 Philo,
685 1391 818 1489 Ignatii
837 1388 1021 1488 discipuli,
1041 1413 1097 1460 oo·

60 1501 176 1569 mitati
188 1504 360 1588 Romam,
379 1503 695 1600 scripseruntacta
710 1501 790 1596 ejus
801 1501 982 1594 martyrii,
995 1499 1098 1593 cujus

60 1619 169 1675 testes
187 1606 326 1678 oculati
345 1608 412 1678 soii
431 1622 634 1705 potuerunt
647 1607 938 1678 circumstantias
954 1619 1027 1676 tam
1048 1629 1100 1676 ac·

63 1728 188 1784 curate
206 1712 428 1786 describere.
448 1713 670 1786 Authentiea
682 1711 866 1784 habentur
883 1727 918 1784 et
935 1735 1018 1782 cum
1032 1711 1102 1783 dic·

66 1821 114 1885 tis
138 1817 294 1888 Eusebii
321 1834 359 1889 et
381 1819 632 1915 Chrysostomi
662 1821 701 1888 in
732 1841 847 1889 unum
874 1819 1101 1889 conveniunt.

70 1928 230 2021 Propter
240 1925 461 1996 brevitatem
476 1941 513 1996 et
526 1927 808 2026 simplicitatem,
821 1929 1099 2025 operaepretium

79 2031 150 2099 erit
167 2053 211 2100 ea
232 2029 414 2126 subjicere
433 2033 608 2131 Epistoiis.

116 2176 231 2236 Primus
248 2183 285 2236 D.
309 2178 433 2256 Thieny
446 2181 569 2238 Ruiusrt
581 2201 674 2259 grosse
693 2181 822 2240 ediderat
843 2181 931 2259 1689,
953 2191 982 2238 et
997 2191 1097 2259 postea

74 2262 190 2322 Lecierc
202 2265 233 2322 iu
245 2268 403 2344 postremis
417 2268 589 2328 editionibus
603 2275 722 2329 Petrum
737 2269 968 2350 apostolicorum.

68 2441 76 2498 1
107 2355 205 2500 [fuge
221 2355 372 2414 dissimilia
389 2377 453 2433 quse
465 2358 531 2416 Ado
547 2359 679 2418 adhibuit
694 2373 723 2418 et
736 2361 767 2419 in
782 2359 872 2420 iucem
885 2359 1016 2438 prodidit
1028 2359 1098 2418 uot-

79 2461 113 2499 an
134 2463 175 2501 us.

486 2573 682 2585 ψ

485 2591 683 2604 ..ᾑ-

105 2729 129 2794 i.
154 2729 225 2796 Con
243 2724 404 2819 Trojantis
423 2733 608 2822 sumpsisset
623 2745 748 2821 seeptrs
763 2730 984 2797 Romanorum
1002 2731 1103 2817 impe-

64 2838 111 2912 rii,
132 2850 200 2904 eret
222 2839 438 2907 Antiochense
457 2840 600 2908 ecclesie
619 2842 802 2930 episeopus,
824 2851 858 2904 et
879 2839 1011 2906 nomine
1023 2850 1056 2904 et
1071 2863 1104 2904 re

63 2945 268 3037 Theophorus
284 2950 440 3038 ignatius.
460 2949 542 3016 Num
562 2973 680 3039 magno
700 2949 832 3036 quidem
849 2945 944 3013 Petro
962 2949 1104 3016 succedit

64 3057 197 3134 evodus,
216 3058 335 3126 Evodo
354 3071 464 3124 autem
478 3059 644 3148 ignatius:
666 3057 767 3146 fitque
790 3067 822 3123 et
841 3079 969 3122 morum
985 3059 1056 3146 ojus
1070 3072 1103 3126 et

64 3169 184 3235 virtutis
198 3169 384 3236 mmuistor.
401 3170 485 3236 Huic
498 3167 704 3260 Theophoro,
717 3189 792 3234 cum
806 3178 888 3233 esset
902 3165 997 3253 plone
1011 3191 1102 3254 puer,

63 3281 151 3344 siunt
162 3279 337 3344 Christum
352 3278 458 3345 adhue
472 3292 649 3346 versantem
665 3279 699 3343 in
714 3276 848 3351 mundo,
861 3275 891 3340 ei
905 3276 1107 3342 intemeratas

64 3409 180 3452 manus
197 3385 402 3472 imposuisse,
417 3398 450 3449 et
471 3387 511 3452 sd
524 3385 680 3476 populum
699 3383 853 3452 intuendo
869 3383 985 3449 dixisse
1001 3383 1106 3450 :sNisi

65 3525 77 3556 s
92 3495 165 3584 quis
182 3495 331 3583 seipsum
346 3491 569 3571 humiliaverit,
582 3509 618 3560 ut
633 3495 687 3562 hio
703 3492 840 3583 puellus,
854 3515 920 3558 non
934 3491 1059 3570 iutrsliit
1072 3495 1103 3560 in

68 3635 79 3666 ι
93 3629 231 3697 regnum
249 3603 433 3672 emiorum:
452 3615 484 3668 et
503 3607 556 3693 qui
573 3627 677 3671 unum
694 3626 736 3668 ex
753 3601 866 3668 talibus
881 3603 987 3693 pueris
1003 3627 1103 3672 susco—

72 3716 175 3804 ·perit
197 3716 233 3781 in
253 3714 386 3782 nomine
401 3735 490 3787 meo,
507 3735 559 3778 me
579 3711 711 3800 suscipit
720 3709 764 3774 ’.ι
780 3709 961 3791 Qualisnsm
980 3713 1104 3778 futurus

103 3845 110 3876 ¹
124 3845 219 3894 Mettis.
232 3859 305 3904 xviri,
318 3845 378 3902 Μ.
