2674 4618
320 324 442 368 cottana
466 323 587 366 (ΜΕΝ
608 325 733 367 ORATIO.
1002 328 1033 369 Η

1 461 17 498 a
30 457 101 522 qno
115 433 260 522 genitum
273 441 332 506 est,
346 431 512 518 imaginem
524 431 764 496 immortalitatis
776 433 936 500 hominem
947 436 1036 508 fecit;

1 553 33 606 ut
47 538 331 628 quemadmodum
342 535 556 602 immortalitas
572 548 618 602 est
633 540 717 627 apud
736 541 851 617 Deum,
870 544 915 608 sic
930 543 1038 616 homo,

35 678 42 689 ·
52 649 63 714 i
73 648 233 737 portionis
243 647 401 736 particeps
408 645 520 721 factus,
529 647 793 714 immortalitatem
805 651 900 716 etiam
912 653 1035 718 habeat.

2 759 163 822 Verbum
176 757 303 846 quidem
322 767 396 820 ante
410 754 553 822 homines
573 769 692 823 creatos
708 757 894 848 angelorum
908 761 949 826 sit
970 763 1039 850 opi-

1 867 74 930 fex.
103 865 244 951 Utraque
263 874 368 928 autem
388 863 503 951 opificii
523 865 641 952 species
660 863 756 930 libera
778 880 882 934 creatu
899 879 958 944 est,
974 893 1039 936 non

5 973 144 1038 hahens
157 984 300 1037 naturam
309 971 398 1045 boni,
416 970 450 1035 id
460 971 544 1036 onim
555 970 613 1036 soli
624 973 691 1038 Deo
704 975 796 1049 inest,
809 978 848 1041 ab
860 959 1039 1042 hominibus

4 1093 124 1146 autem
144 1079 243 1146 libera
258 1079 355 1146 animi
369 1079 549 1146 inductione
564 1081 748 1169 perficitur:
769 1095 803 1148 ut
817 1084 917 1151 malus
928 1087 1040 1151 merito

2 1189 168 1277 puniatur
192 1212 250 1276 per
276 1211 309 1254 se
329 1188 490 1275 improbus
509 1187 629 1260 factum
648 1190 750 1276 justus
770 1201 874 1256 autem
892 1193 932 1257 ob
956 1203 1040 1258 recte

7 1297 97 1360 sacta
116 1297 190 1382 jure
205 1292 361 1369 landetur,
374 1305 409 1358 ut
423 1294 477 1381 qui
492 1291 592 1359 libero
608 1307 697 1362 utens
709 1297 838 1364 arbitrio
851 1297 1042 1367 voluntatem

7 1404 74 1468 Dei
91 1416 304 1491 transgressus
318 1402 446 1468 nonsit.
469 1403 572 1491 Atque
587 1403 627 1468 ita
646 1403 773 1490 quidem
788 1429 820 1471 se
840 1406 957 1472 habent
973 1431 1042 1495 quat

6 1510 146 1601 angelos
168 1522 204 1576 et
223 1509 366 1578 homines
388 1522 539 1600 spectant.
560 1509 655 1578 Verbi
674 1524 781 1582 autem
794 1515 946 1602 potentia,
970 1538 1043 1580 cum

7 1626 40 1688 in
64 1645 101 1688 se
123 1621 316 1712 previderet
333 1621 410 1708 quid
421 1632 514 1698 esset,
530 1645 596 1689 non
611 1620 688 1688 illud
708 1622 837 1711 quidem
854 1623 919 1689 tato
932 1624 988 1689 sed
1005 1622 1045 1688 li-

8 1737 89 1798 bera
108 1731 301 1820 eligentium
319 1730 492 1808 voluntate,
513 1745 700 1798 eventurum
707 1756 717 1804 ς
740 1733 917 1797 futurarum
937 1755 1045 1799 rerum

10 1851 150 1906 eventus
171 1839 377 1928 predicebat,
399 1861 438 1906 ao
455 1839 627 1926 nequitiam
649 1840 820 1906 interdictis
842 1841 1044 1930 prohibebat,

14 1973 72 2014 eos
84 1957 200 2012 autem
208 1945 355 2014 laudabat
366 1948 419 2034 qui
430 1947 505 2014 boni
517 1958 746 2035 permanerent.
761 1947 931 2036 Postquam
941 1961 1046 2014 autem

18 2057 175 2122 homines
199 2078 292 2122 unum
314 2054 452 2143 aliquem
474 2069 587 2145 praeter
609 2067 751 2133 caeteros,
777 2070 942 2147 propterea
964 2059 1048 2146 quod

14 2165 254 2255 primogenitus
268 2173 344 2238 crat,
362 2162 555 2230 callidiorem
569 2165 712 2230 assectati
732 2175 816 2240 sunt,
837 2188 876 2230 ac
895 2189 969 2240 eum
989 2167 1047 2232 etsi

14 2275 79 2362 legi
90 2274 154 2340 Dei
168 2271 404 2348 obluctabatur,
420 2297 476 2361 pro
491 2272 558 2338 Deo
573 2271 728 2346 habuere;
747 2284 815 2338 tum
830 2272 927 2342 Verbi
938 2285 1048 2363 poten-

13 2386 57 2448 tia
73 2395 108 2449 et
122 2384 337 2471 incoeptorem
353 2381 524 2472 profligatae
536 2383 731 2458 temeritatis,
746 2383 860 2471 atejus
875 2395 1046 2450 sectatores

15 2517 35 2556 a
51 2515 112 2560 sua
127 2490 359 2558 consuetudine
378 2487 517 2556 exclusit.
537 2489 640 2577 Atque
651 2490 676 2555 is
690 2490 830 2578 quidem,
843 2493 896 2577 qui
913 2491 954 2558 ad
968 2492 1048 2556 ima-

13 2604 129 2692 ginem
144 2599 207 2667 Dei
220 2599 412 2672 sactusorat
428 2597 607 2664 discedente
617 2598 657 2663 ab
672 2621 710 2664 eo
726 2599 900 2687 potentiore
915 2598 1047 2686 Spiritu,

12 2712 50 2776 fit
64 2706 235 2781 mortalis;
251 2705 306 2772 ille
325 2717 432 2772 autem
447 2707 671 2795 primogenitus
686 2718 815 2795 propter
828 2705 1050 2792 transgressio-

14 2845 92 2886 nem
103 2831 138 2885 et
152 2817 390 2906 ignorationem
401 2817 524 2880 daemon
539 2839 606 2880 esse
622 2815 762 2903 incaepit,
778 2825 810 2880 et
825 2813 878 2899 qui
896 2812 999 2877 inania
1011 2809 1051 2874 il-

15 2927 76 2991 lius
92 2919 163 2993 visa
180 2923 309 2990 luerent
324 2922 436 2987 imitati
452 2922 630 2988 daemonum
648 2922 803 2987 exercitus
820 2931 998 2994 evaserunt,
1014 2941 1054 3012 ao

16 3045 156 3123 proptor
172 3033 295 3102 arbitrii
311 3030 489 3098 libertatem
501 3051 564 3094 suae
576 3028 714 3094 stultitiae
726 3027 830 3092 traditi
842 3037 924 3093 sunt.

65 3143 162 3210 tul.
186 3142 312 3208 llateria
335 3153 442 3207 autem
464 3136 644 3203 defectionis
665 3135 809 3200 homines
830 3133 889 3200 illis
912 3135 1048 3200 luerunt.

19 3253 113 3319 Nam
127 3251 258 3318 cumeis
268 3249 404 3317 tabulam
415 3247 575 3336 positionis
587 3245 725 3311 siderum
736 3243 955 3318 ostendissent,
963 3241 1053 3337 Avelnt

14 3363 75 3450 qui
91 3359 229 3426 tesseris
239 3356 364 3431 lodunt;
382 3357 481 3422 fetum
493 3355 774 3429 induxerunt,rem
786 3351 875 3418 valde
890 3353 1049 3439 injustam.

13 3473 98 3538 Nam
126 3467 187 3555 qui
207 3465 327 3553 judicat
345 3476 377 3532 et
397 3466 451 3555 qui
467 3465 637 3552 judicatur,
661 3462 738 3528 tales
760 3461 933 3528 secundum
954 3459 1054 3524 latum

10 3583 88 3648 lacti
108 3587 213 3649 sunta
225 3587 259 3640 et
269 3577 323 3664 qui
334 3577 485 3642 occidunt
495 3585 527 3640 et
539 3576 592 3663 qui
604 3573 804 3647 occiduntur,
818 3571 926 3636 divites
938 3580 970 3635 et
980 3591 1055 3657 pau-

10 3715 124 3781 peres,
137 3687 294 3777 ejusdem
307 3695 379 3751 sunt
393 3684 447 3750 fati
459 3683 589 3750 effectos
603 3707 611 3747 :
627 3705 664 3747 ac
676 3692 739 3747 tota
751 3678 810 3744 illis
822 3679 975 3767 genitura,
988 3689 1054 3742 tan·

10 3823 113 3886 aprum
127 3798 165 3864 in
188 3795 326 3869 theatro,
344 3791 610 3860 oblectamentum
627 3792 758 3877 prebet,
776 3785 859 3876 apud
874 3809 954 3872 quos.

92 3917 310 3980 Inexstinctus
323 3915 395 3976 risus
409 3926 526 3974 exortas
537 3924 579 3971 est
589 3909 680 3970 beatis
691 3909 752 3967 diis.
