2516 4636
366 279 488 324 cosrns
512 279 662 326 natasse.
966 257 1028 342 559

0 414 6 443 ι
20 385 75 462 in,
95 397 136 466 et
150 405 209 454 nos
223 387 257 454 in
269 383 375 462 illumi
390 397 423 456 et
434 409 515 456 onus
527 387 682 456 Dominus
697 385 791 454 lesus
804 385 961 464 Christus,
973 407 1031 478 per
1128 457 1138 468 ,

0 526 6 551 ι
21 520 113 564 uem
125 498 249 575 omnin,
265 509 297 564 et
308 521 366 567 nos
378 521 435 588 per
447 499 551 588 ipsum
560 499 583 566 ¹.
597 528 611 562 s
625 499 776 568 Distinxit
786 501 886 578 anim,
899 521 932 567 et
943 523 1031 590 sepn-

1 605 63 670 ivit
80 626 144 670 eos
156 604 211 692 qui
224 603 376 672 dicuntur
386 605 531 694 quidem,
547 629 611 674 non
624 621 697 674 sont
712 619 820 674 sutem
833 605 890 684 dii,
906 607 947 674 ab
967 628 1031 673 uno

7 736 50 778 ὀ
65 711 182 787 Petne,
193 735 233 778 ex
243 731 308 802 quo
321 713 444 788 omnies
458 725 492 782 et
505 736 605 780 unum
618 714 790 782 [lominum
801 715 913 782 lesum
925 713 1032 782 Chris·

11 847 54 888 us
72 845 187 890 essene
203 845 337 911 persone
352 823 533 893 firmissime
545 823 708 892 confessus
722 836 780 892 ost.
796 825 894 906 Quod
908 836 1030 902 eutem,

1 935 53 998 'oe
70 932 114 998 iss
129 931 223 1008 octo,
240 934 310 1000 sios
324 933 362 996 iss
377 948 481 1008 urso,
500 955 565 998 non
581 933 851 1020 quemadmodum
867 945 1033 1023 exponunt

0 1086 26 1112 1.
49 1039 168 1108 dicere
182 1062 257 1108 eum
273 1039 384 1108 mundi
403 1039 631 1112 fabricatorem
649 1041 706 1106 sed
723 1041 824 1109 simile
838 1054 886 1110 est
900 1044 930 1110 ei
945 1043 1032 1132 quod

19 1147 145 1236 Moyse
166 1147 289 1218 dictum
309 1158 378 1214 est:
403 1146 499 1214 «Non
516 1146 613 1220 socias
628 1147 686 1214 tibi
704 1171 834 1215 omnem
851 1149 1031 1217 similitudi-

9 1279 97 1324 nem
118 1259 155 1326 in
169 1258 280 1335 deum.
299 1279 510 1347 quoecumque
526 1257 558 1322 in
573 1254 655 1324 ooelo
670 1279 810 1336 sursum,
827 1272 860 1326 ot
874 1281 1032 1348 quocum·

11 1392 83 1456 que
96 1369 131 1437 in
144 1382 228 1438 terra
240 1371 402 1447 deorsum,
415 1381 448 1435 et
458 1391 667 1458 quoscumque
677 1351 709 1436 in
720 1372 810 1460 cquis
821 1373 880 1437 sob
891 1383 974 1438 terro
983 1373 1024 1438 ’.ι

19 1501 75 1544 use
100 1491 210 1546 sutem
231 1480 265 1548 in
286 1478 368 1547 coelo
390 1491 477 1556 sunt,
501 1501 571 1569 que
589 1479 664 1556 sint,
689 1478 757 1568 ipse
776 1480 904 1569 exponit
922 1503 930 1545 t
962 1481 1032 1548 «Ne

13 1589 167 1676 quondo,
183 1589 299 1676 inquit,
316 1588 488 1678 respiciens
504 1588 537 1654 in
553 1586 685 1662 coelum,
699 1598 733 1652 et
748 1583 857 1654 videns
873 1586 985 1664 solem,
1001 1601 1035 1655 ct

13 1696 147 1774 lunum,
162 1711 196 1764 ot
212 1697 331 1772 stellas,
352 1707 384 1763 et
399 1684 495 1764 omno
515 1708 739 1764 ornamentum
755 1695 841 1774 cosli,
857 1717 966 1766 errans
981 1699 1034 1764 ad·
1175 1695 1191 1708 “

1 1831 2 1840 ¹
17 1831 96 1874 ores
107 1829 160 1883 eo,
172 1818 205 1874 et
219 1807 335 1874 servies
350 1807 427 1874 eis⁸.
443 1833 456 1870 s
471 1808 513 1872 Et
527 1807 594 1895 ipso
608 1818 716 1872 antem
728 1805 851 1895 Moyses
867 1808 965 1874 homo
977 1809 1035 1874 Dei

10 1917 149 1990 xistens.
161 1915 250 1982 Deus
262 1916 392 2004 quidem
404 1917 497 1984 dotus
507 1929 556 1983 est
567 1927 640 1982 onte
651 1915 848 1983 Pharaonem
859 1917 887 1982 ‘t
904 1940 968 1985 non
981 1940 1035 1983 sn·

1 2049 65 2092 rem
76 2046 152 2094 vere
166 2026 322 2094 Dominus
336 2025 602 2117 appellatur,'neo
617 2025 702 2094 Deus
719 2040 880 2094 vocaturo
897 2027 1036 2117 Prophe·

9 2134 51 2210 is,
76 2133 133 2200 sod
148 2133 274 2202 «fidelis
287 2133 413 2224 Moyses
427 2133 564 2202 ismolus
580 2145 613 2201 et
627 2157 735 2202 sersus
751 2137 830 2202 Doi‘
850 2164 863 2201 s
885 2137 1034 2205 dicitura

1 2244 138 2357 vlpirilut
158 2244 245 2334 quod
259 2258 293 2311 et
306 2256 385 2311 erat.

465 2401 487 2492 g
510 2403 574 2470 ιιι.

0 2569 1 2572 ’
51 2577 91 2620 os
107 2575 168 2620 osc
183 2573 349 2628 sonnuous
364 2575 435 2620 suso
452 2575 583 2620 consero
599 2574 678 2620 vano
691 2575 754 2620 ono
769 2575 810 2620 sr
828 2576 948 2620 scursa
959 2554 980 2618 ⁶.

1 2658 6 2783 Ι..
49 2694 207 2774 Quoniam
218 2705 325 2759 entem
337 2703 412 2759 sunt
425 2693 481 2781 qni
492 2692 616 2767 dicunt,
629 2689 740 2759 lesum
752 2688 881 2779 quidem
897 2701 1036 2780 recepta·
1165 2767 1168 2778 Ι

5 2801 112 2870 culum
134 2802 251 2868 Christi
273 2801 387 2878 luisse,
416 2801 564 2887 inquom
586 2799 725 2887 desuper
743 2798 831 2886 qussi
853 2795 1035 2864 columbam

7 2912 202 2979 descendisse
228 2910 405 2984 Christum,
428 2917 461 2973 et
486 2927 562 2972 cum
586 2904 755 2972 indicasset
774 2904 1035 2972 innominabilem

7 3023 147 3096 Putrem,
173 3012 539 3105 incomprehensibiliter
564 3005 597 3079 et
619 3011 819 3080 invisibiliter
845 3014 977 3080 intrasse
1002 3016 1035 3082 in

10 3130 147 3198 Pleroma
170 3131 260 3214 (non
278 3115 365 3192 enim
384 3123 488 3190 solum
509 3125 549 3192 sb
570 3123 766 3199 hominibus,
788 3123 844 3189 sed
862 3145 903 3190 ne
924 3125 964 3190 ab
988 3124 1036 3194 bis

1 3215 136 3330 *quidem
156 3259 228 3329 quse
245 3238 279 3304 in
301 3231 384 3304 coelo
398 3245 485 3311 sunt,
501 3231 713 3301 Potestatibus
733 3245 765 3300 ct
781 3231 959 3300 Virtutibus
977 3227 1036 3325 spss

12 3345 197 3437 prehensum
215 3365 291 3410 eum
304 3345 335 3432 );
360 3352 393 3407 et
414 3363 484 3408 esse
503 3341 635 3430 quidem
656 3339 758 3406 lilium
772 3339 897 3417 lesum,
912 3355 1035 3432 petrem

12 3456 313 3530 semetsemet
328 3449 447 3520 Ghristi
460 3464 596 3540 patrem,
607 3451 711 3517 Deum
723 3472 731 3514 s
745 3447 797 3514 olii
811 3471 886 3518 sero
896 3454 1037 3541 putative

13 3589 87 3635 eum
97 3585 231 3656 pessum.
243 3560 429 3632 nuturolitcr
440 3559 666 3652 impassibilem
681 3559 869 3627 existentem
885 3584 893 3626 ε
913 3563 967 3650 qui
983 3587 1036 3630 uu-

49 3733 58 3768 ¹
70 3750 77 3782 ι
89 3731 140 3782 Cor.
151 3748 206 3793 νιιι,
216 3733 263 3792 lot
272 3721 381 3796 scqqass-
391 3727 402 3762 ¹
413 3731 488 3779 Dout.
500 3744 526 3789 v,
534 3727 594 3781 8.-
604 3726 613 3760 ⁸
625 3727 699 3776 llout.
712 3741 749 3784 ss,
761 3724 850 3788 ις).-Α
862 3725 939 3776 Esod.
953 3743 998 3788 vu,
1015 3745 1033 3775 ι.

20 3851 48 3860 -
63 3817 154 3867 ⁵liobr.
173 3835 202 3878 ιι,
220 3819 258 3876 rs,
274 3813 391 3866 exilum.
406 3829 452 3873 ιιι,
463 3829 486 3876 7.

51 3904 126 3968 ⁶0²9·
140 3921 186 3953 ιιι.
