2648 4634
242 257 304 322 58⁶2
559 272 673 320 essert
697 273 810 318 resset
834 275 896 318 ern.
924 275 967 316 ιιι

243 383 447 458 hereditatis,
464 394 496 448 et
515 381 667 471 quoniam
682 379 791 448 homo.
804 433 809 468 ,
820 377 1119 470 «Progrediamur
1140 381 1237 454 enirn,
1255 383 1285 446 h·

245 523 258 556 a
272 493 354 582 tpuit,
366 491 399 560 in
410 491 529 583 campis
538 489 635 580 pedes
647 490 716 578 ejus
728 511 738 552 t
752 517 766 552 a
781 488 971 556 hoesutem
983 490 1133 579 signum
1143 491 1286 580 propria

245 602 392 674 homiuis.

294 777 340 845 Π.
359 777 414 844 De
432 773 617 844 nativitate
635 775 703 844 Dei
721 797 766 845 ex
785 774 963 872 Virgine¹
983 803 994 848 ε

289 925 374 992 Deus
385 923 481 1014 igitur
491 924 700 995 homoisetus
709 938 773 1002 est,
784 939 817 993 et
827 927 895 1017 ipse
907 927 1091 996 Dominus
1102 928 1289 998 calcabiles.

246 1036 313 1126 ipsc
327 1034 406 1100 dans
424 1032 563 1124 Virginis
577 1034 713 1126 signum.
734 1034 805 1102 Non
820 1059 896 1124 ergo
917 1059 1003 1103 sora
1025 1049 1085 1104 est
1101 1040 1289 1127 quorrnndu

245 1144 476 1234 interpretatio,
485 1144 538 1232 qui
551 1145 593 1210 ita
602 1145 722 1212 audent
729 1145 932 1236 interpretari
945 1145 1180 1236 scripturam
1193 1173 1203 1214 ε
1216 1151 1288 1214 «lico

246 1250 508 1348 »adolescentule
524 1253 679 1320 invenus
693 1253 839 1330 habehit,
852 1265 885 1320 et
899 1256 1016 1344 pariet
1032 1255 1174 1331 filiume
1188 1286 1202 1321 s
1215 1281 1287 1346 ques

246 1363 421 1437 edmon
435 1361 636 1430 Theodotion
650 1362 807 1451 Ephesius
818 1375 867 1428 est
876 1364 1155 1454 interpretatus,
1166 1378 1201 1432 ot
1211 1366 1285 1454 squ

247 1473 410 1548 Ponticus,
430 1471 557 1560 utrique
578 1469 682 1538 Judaei
704 1469 874 1560 proselytis
893 1495 980 1560 quos
1010 1477 1146 1540 sectati
1175 1477 1278 1542 Ebisse'

248 1605 289 1650 ex
309 1582 429 1672 «loseph
447 1592 634 1670 generatum
647 1604 728 1668 eum
751 1581 861 1648 dicunt
877 1604 887 1646 z
905 1595 1045 1650 tantam
1070 1585 1281 1676 disposition

250 1693 308 1761 Del
319 1689 536 1767 dissolventes,
549 1703 704 1780 qnantum
715 1692 756 1757 ad
770 1691 854 1780 ipsos
864 1705 931 1767 αις
947 1693 1169 1762 frustrantes
1180 1697 1271 1785 Proplr

128 1805 130 1816 ’
251 1816 356 1882 terum
372 1801 601 1878 testimonium,
617 1800 704 1890 quod
721 1815 868 1891 operatus
883 1816 933 1871 est
944 1805 1057 1871 Deus.
1081 1805 1276 1896 Prophetas:

250 1927 299 1983 est
310 1911 453 2001 quidem,
464 1911 648 2000 priusquam
659 1910 692 1976 in
708 1909 906 1999 Babylonem
920 1911 1023 1978 lieret
1034 1915 1165 2005 populi
1177 1929 1275 1981 nass

223 2055 230 2064 ·
251 2023 365 2115 gretie,
380 2021 486 2098 idest,
501 2032 670 2109 numquam
681 2019 765 2087 Medi
777 2034 811 2087 et
822 2021 923 2090 Perses
932 2028 1272 2118 acceperintprindpr

254 2148 340 2202 turn:
359 2133 601 2222 interpretatum
615 2153 690 2200 vcro
703 2133 735 2198 in
751 2133 863 2199 Graeeo
877 2134 918 2199 ab
932 2135 1015 2223 ipsis
1029 2137 1168 2205 Jndaeis
1178 2137 1268 2204 multu

254 2258 327 2312 ente
342 2257 487 2333 tempora
502 2242 655 2310 adventus
671 2243 797 2310 Domini
816 2244 928 2320 nostri,
940 2257 978 2310 ut
993 2247 1099 2314 nulla
1117 2249 1273 2336 relinquerer

255 2353 404 2444 suspicio,
421 2375 463 2420 ne
477 2351 560 2418 sorte
570 2373 693 2418 morem
705 2352 796 2418 nohis
807 2364 952 2442 gerentes
963 2355 1101 2434 Judsei,
1117 2357 1212 2424 hacits
1220 2356 1265 2418 sint

256 2463 463 2554 interpretati.
490 2462 554 2542 Qui
576 2462 707 2552 quidem
728 2463 754 2528 si
776 2465 997 2554 cognovissent
1021 2489 1092 2536 nos
1119 2470 1234 2538 solun,
1248 2477 1269 2526 tt

257 2598 371 2646 usuros
391 2573 441 2640 his
465 2572 743 2662 testimoniisque
764 2586 839 2641 sunt
859 2595 898 2640 ex
919 2573 1124 2663 scripturis,
1145 2597 1265 2664 nonque

259 2686 478 2756 dubitassent
469 2707 528 2774 rpsr
539 2706 611 2752 suas
622 2685 812 2752 comburere
823 2684 1015 2774 Sonuere,
1031 2709 1113 2774 quae
1127 2686 1305 2774 οιιεΙιᾳ
1304 2729 1305 2754 ι

258 2819 370 2866 ornnes
385 2805 493 2887 gentas
508 2791 709 2859 manifestant
726 2792 915 2884 participare
930 2795 1015 2870 vitre,
1033 2807 1069 2861 et
1086 2821 1148 2864 eos
1163 2795 1266 2888 qnigb
1304 2767 1305 2858 l

259 2910 383 2978 riantur
397 2906 529 2973 domum
549 2925 583 2970 se
597 2923 665 2969 esse
679 2901 781 2970 Jacob
800 2917 833 2971 et
853 2903 1011 2996 populum
1022 2907 1130 2974 Israel
1147 2923 1185 2976 et
1201 2909 1267 2976 erle

261 3021 412 3090 reditatos
426 3013 625 3082 ostendunta
640 3015 739 3102 grstia
754 3013 823 3080 Dei.

305 3127 395 3196 Prius
416 3125 502 3192 eum
523 3145 619 3210 quam
640 3121 775 3191 llomcni
799 3125 996 3215 possiderent
1023 3149 1169 3217 regnum
1196 3151 1273 3198 usn.

263 3239 370 3306 adhuc
386 3233 612 3305 Macedonibus
628 3234 736 3300 Asiam
750 3236 996 3324 possidentibus,
1014 3236 1213 3308 Ptolemaeus
1224 3239 1275 3325 lep

263 3348 360 3422 lilius,
382 3345 514 3433 cupiens
535 3361 607 3408 eam
622 3339 849 3434 bibliothecam
871 3367 974 3433 quaea
994 3369 1027 3412 se
1041 3347 1202 3417 fabricata
1218 3365 1279 3414 esst

264 3463 298 3530 in
313 3454 513 3530 Alexandria,
536 3452 680 3518 omniurn
700 3453 866 3534 hominurn
886 3455 988 3545 dignis
1008 3461 1280 3550 conscriptionibus

265 3591 392 3644 ornare,
408 3563 498 3656 petiit
513 3563 554 3630 ah
569 3561 820 3650 hierosolymitis
837 3564 870 3631 in
885 3563 1033 3633 Graeeum
1049 3591 1232 3636 sermonem
1245 3571 1280 3632 ir

266 3687 452 3766 terpretatas
464 3673 582 3740 hebere
599 3669 778 3761 Scripturas
789 3695 912 3739 eorum.
933 3674 981 3742 llli
997 3699 1070 3744 vero
1087 3679 1278 3764 (obediebant

265 3789 350 3856 enim
365 3798 443 3851 tunc
458 3783 564 3852 adhuc
573 3781 818 3873 Macedonibus)
840 3809 893 3851 eos
909 3809 988 3874 quos
1003 3788 1165 3857 hebebant
1177 3790 1267 3880 perir

295 3917 378 3980 ί(1η).
393 3930 443 3962 xxi.
