<?xml version="1.0" encoding="UTF-8"?>
<!DOCTYPE html PUBLIC "-//W3C//DTD XHTML 1.0 Transitional//EN"
    "http://www.w3.org/TR/xhtml1/DTD/xhtml1-transitional.dtd">
<html xmlns="http://www.w3.org/1999/xhtml" xml:lang="en" lang="en">
 <head>
  <title>
</title>
<meta http-equiv="Content-Type" content="text/html;charset=utf-8" />
  <meta name='ocr-system' content='tesseract 3.04.00' />
  <meta name='ocr-capabilities' content='ocr_page ocr_carea ocr_par ocr_line ocrx_word'/>
</head>
<body>
  <div class='ocr_page' id='page_1' title='image "./collectioselect02guilgoog_0899.png"; bbox 0 0 2648 4634; ppageno 0'>
   <div class='ocr_carea' id='block_1_1' title="bbox 243 305 959 382">
    <p class='ocr_par' dir='ltr' id='par_1_1' title="bbox 243 305 959 382">
     <span class='ocr_line' id='line_1_1' title="bbox 243 305 959 382; baseline 0.001 -15"><span class='ocrx_word' id='word_1_1' title='bbox 243 305 308 382; x_wconf 71' lang='lat' dir='ltr'><strong>dno</strong></span> <span class='ocrx_word' id='word_1_2' title='bbox 559 323 671 368; x_wconf 76' lang='lat' dir='ltr'><strong>sanant</strong></span> <span class='ocrx_word' id='word_1_3' title='bbox 694 325 808 368; x_wconf 78' lang='lat' dir='ltr'><strong>innunt</strong></span> <span class='ocrx_word' id='word_1_4' title='bbox 832 326 892 370; x_wconf 83' lang='grc' dir='ltr'>ιιι.</span> <span class='ocrx_word' id='word_1_5' title='bbox 920 325 959 369; x_wconf 91' lang='grc' dir='ltr'><strong>ιιι</strong></span> 
     </span>
    </p>
   </div>
   <div class='ocr_carea' id='block_1_2' title="bbox 228 431 1286 4028">
    <p class='ocr_par' dir='ltr' id='par_1_2' title="bbox 242 431 1282 607">
     <span class='ocr_line' id='line_1_2' title="bbox 242 431 1282 527; baseline 0 -27"><span class='ocrx_word' id='word_1_6' title='bbox 242 433 370 500; x_wconf 88' lang='lat' dir='ltr'><strong>Patrem</strong></span> <span class='ocrx_word' id='word_1_7' title='bbox 393 431 536 499; x_wconf 89' lang='lat' dir='ltr'><strong>omnium</strong></span> <span class='ocrx_word' id='word_1_8' title='bbox 554 431 785 521; x_wconf 78' lang='lat' dir='ltr'><strong>providentem,</strong></span> <span class='ocrx_word' id='word_1_9' title='bbox 807 447 839 499; x_wconf 89' lang='lat' dir='ltr'><strong>et</strong></span> <span class='ocrx_word' id='word_1_10' title='bbox 858 433 1085 527; x_wconf 76' lang='lat' dir='ltr'><strong>disponentem</strong></span> <span class='ocrx_word' id='word_1_11' title='bbox 1107 435 1282 500; x_wconf 85' lang='lat' dir='ltr'><strong>secundun</strong></span> 
     </span>
     <span class='ocr_line' id='line_1_3' title="bbox 242 538 478 607; baseline -0.013 0"><span class='ocrx_word' id='word_1_12' title='bbox 242 563 301 607; x_wconf 90' lang='lat' dir='ltr'><strong>nos</strong></span> <span class='ocrx_word' id='word_1_13' title='bbox 312 538 478 606; x_wconf 89' lang='lat' dir='ltr'><strong>mundum.</strong></span> 
     </span>
    </p>

    <p class='ocr_par' dir='ltr' id='par_1_3' title="bbox 240 647 1286 1838">
     <span class='ocr_line' id='line_1_4' title="bbox 285 647 1284 738; baseline 0.005 -24"><span class='ocrx_word' id='word_1_14' title='bbox 285 649 406 715; x_wconf 77' lang='lat' dir='ltr'>Rursus</span> <span class='ocrx_word' id='word_1_15' title='bbox 425 659 460 712; x_wconf 94' lang='lat' dir='ltr'><strong>ut</strong></span> <span class='ocrx_word' id='word_1_16' title='bbox 478 647 707 738; x_wconf 86' lang='lat' dir='ltr'><strong>increpativum</strong></span> <span class='ocrx_word' id='word_1_17' title='bbox 726 647 886 715; x_wconf 78' lang='lat' dir='ltr'><strong>auferrent</strong></span> <span class='ocrx_word' id='word_1_18' title='bbox 905 674 922 714; x_wconf 90' lang='lat' dir='ltr'><strong>a</strong></span> <span class='ocrx_word' id='word_1_19' title='bbox 941 647 1051 726; x_wconf 87' lang='lat' dir='ltr'><strong>Patre,</strong></span> <span class='ocrx_word' id='word_1_20' title='bbox 1072 663 1109 716; x_wconf 90' lang='lat' dir='ltr'><strong>et</strong></span> <span class='ocrx_word' id='word_1_21' title='bbox 1126 651 1284 738; x_wconf 82' lang='lat' dir='ltr'><strong>judiciale,</strong></span> 
     </span>
     <span class='ocr_line' id='line_1_5' title="bbox 242 755 1286 849; baseline 0.002 -25"><span class='ocrx_word' id='word_1_22' title='bbox 242 757 407 849; x_wconf 80' lang='lat' dir='ltr'><strong>indignum</strong></span> <span class='ocrx_word' id='word_1_23' title='bbox 422 757 455 824; x_wconf 86' lang='lat' dir='ltr'><strong>id</strong></span> <span class='ocrx_word' id='word_1_24' title='bbox 465 755 534 822; x_wconf 89' lang='lat' dir='ltr'><strong>Deo</strong></span> <span class='ocrx_word' id='word_1_25' title='bbox 545 767 704 845; x_wconf 87' lang='lat' dir='ltr'><strong>putantes,</strong></span> <span class='ocrx_word' id='word_1_26' title='bbox 721 769 754 824; x_wconf 88' lang='lat' dir='ltr'><strong>et</strong></span> <span class='ocrx_word' id='word_1_27' title='bbox 765 757 832 823; x_wconf 88' lang='lat' dir='ltr'><strong>sine</strong></span> <span class='ocrx_word' id='word_1_28' title='bbox 843 757 1010 826; x_wconf 84' lang='lat' dir='ltr'><strong>iracundie</strong></span> <span class='ocrx_word' id='word_1_29' title='bbox 1020 771 1057 824; x_wconf 89' lang='lat' dir='ltr'><strong>et</strong></span> <span class='ocrx_word' id='word_1_30' title='bbox 1068 761 1205 826; x_wconf 90' lang='lat' dir='ltr'><strong>bonum</strong></span> <span class='ocrx_word' id='word_1_31' title='bbox 1215 763 1286 826; x_wconf 83' lang='lat' dir='ltr'><strong>arbi-</strong></span> 
     </span>
     <span class='ocr_line' id='line_1_6' title="bbox 244 866 1285 960; baseline 0.004 -26"><span class='ocrx_word' id='word_1_32' title='bbox 244 879 361 934; x_wconf 87' lang='lat' dir='ltr'><strong>trantes</strong></span> <span class='ocrx_word' id='word_1_33' title='bbox 379 891 413 934; x_wconf 94' lang='lat' dir='ltr'><strong>se</strong></span> <span class='ocrx_word' id='word_1_34' title='bbox 429 867 626 934; x_wconf 79' lang='lat' dir='ltr'><strong>adinvenisse</strong></span> <span class='ocrx_word' id='word_1_35' title='bbox 640 866 757 944; x_wconf 87' lang='lat' dir='ltr'><strong>Deum,</strong></span> <span class='ocrx_word' id='word_1_36' title='bbox 775 866 910 935; x_wconf 85' lang='lat' dir='ltr'><strong>alterum</strong></span> <span class='ocrx_word' id='word_1_37' title='bbox 924 869 1061 959; x_wconf 88' lang='lat' dir='ltr'><strong>quidem</strong></span> <span class='ocrx_word' id='word_1_38' title='bbox 1078 869 1246 960; x_wconf 83' lang='lat' dir='ltr'><strong>judicare,</strong></span> <span class='ocrx_word' id='word_1_39' title='bbox 1261 885 1285 938; x_wconf 83' lang='lat' dir='ltr'><strong>tt</strong></span> 
     </span>
     <span class='ocr_line' id='line_1_7' title="bbox 242 974 1285 1071; baseline 0.003 -27"><span class='ocrx_word' id='word_1_40' title='bbox 242 979 376 1045; x_wconf 87' lang='lat' dir='ltr'><strong>alterum</strong></span> <span class='ocrx_word' id='word_1_41' title='bbox 392 974 522 1066; x_wconf 90' lang='lat' dir='ltr'><strong>quidem</strong></span> <span class='ocrx_word' id='word_1_42' title='bbox 537 974 657 1043; x_wconf 83' lang='lat' dir='ltr'><strong>salvare</strong></span> <span class='ocrx_word' id='word_1_43' title='bbox 671 977 834 1052; x_wconf 67' lang='lat' dir='ltr'><strong>dixerunt:</strong></span> <span class='ocrx_word' id='word_1_44' title='bbox 856 980 1049 1056; x_wconf 80' lang='lat' dir='ltr'><strong>nescientes,</strong></span> <span class='ocrx_word' id='word_1_45' title='bbox 1073 993 1285 1071; x_wconf 82' lang='lat' dir='ltr'><strong>utrorumque</strong></span> 
     </span>
     <span class='ocr_line' id='line_1_8' title="bbox 242 1087 1285 1178; baseline 0.002 -24"><span class='ocrx_word' id='word_1_46' title='bbox 242 1089 418 1155; x_wconf 77' lang='lat' dir='ltr'><strong>auferentes</strong></span> <span class='ocrx_word' id='word_1_47' title='bbox 437 1109 566 1154; x_wconf 86' lang='lat' dir='ltr'><strong>sensum</strong></span> <span class='ocrx_word' id='word_1_48' title='bbox 585 1098 617 1152; x_wconf 93' lang='lat' dir='ltr'><strong>et</strong></span> <span class='ocrx_word' id='word_1_49' title='bbox 635 1087 801 1176; x_wconf 87' lang='lat' dir='ltr'><strong>justitiam.</strong></span> <span class='ocrx_word' id='word_1_50' title='bbox 821 1087 854 1155; x_wconf 91' lang='lat' dir='ltr'><strong>Si</strong></span> <span class='ocrx_word' id='word_1_51' title='bbox 875 1089 961 1156; x_wconf 92' lang='lat' dir='ltr'><strong>enim</strong></span> <span class='ocrx_word' id='word_1_52' title='bbox 980 1088 1156 1178; x_wconf 83' lang='lat' dir='ltr'><strong>judicialis</strong></span> <span class='ocrx_word' id='word_1_53' title='bbox 1177 1106 1285 1158; x_wconf 86' lang='lat' dir='ltr'><strong>nonet</strong></span> 
     </span>
     <span class='ocr_line' id='line_1_9' title="bbox 240 1196 1283 1291; baseline 0.002 -25"><span class='ocrx_word' id='word_1_54' title='bbox 240 1201 343 1266; x_wconf 88' lang='lat' dir='ltr'><strong>bonus</strong></span> <span class='ocrx_word' id='word_1_55' title='bbox 364 1199 417 1274; x_wconf 89' lang='lat' dir='ltr'><strong>sit,</strong></span> <span class='ocrx_word' id='word_1_56' title='bbox 439 1197 480 1282; x_wconf 79' lang='lat' dir='ltr'><strong>ad</strong></span> <span class='ocrx_word' id='word_1_57' title='bbox 499 1196 682 1263; x_wconf 84' lang='lat' dir='ltr'><strong>donandum</strong></span> <span class='ocrx_word' id='word_1_58' title='bbox 701 1199 831 1288; x_wconf 88' lang='lat' dir='ltr'><strong>quidem</strong></span> <span class='ocrx_word' id='word_1_59' title='bbox 850 1198 898 1265; x_wconf 89' lang='lat' dir='ltr'><strong>his</strong></span> <span class='ocrx_word' id='word_1_60' title='bbox 917 1201 1036 1291; x_wconf 86' lang='lat' dir='ltr'><strong>quibus</strong></span> <span class='ocrx_word' id='word_1_61' title='bbox 1058 1201 1185 1278; x_wconf 86' lang='lat' dir='ltr'><strong>debet,</strong></span> <span class='ocrx_word' id='word_1_62' title='bbox 1205 1204 1283 1268; x_wconf 81' lang='lat' dir='ltr'><strong>etad</strong></span> 
     </span>
     <span class='ocr_line' id='line_1_10' title="bbox 241 1307 1281 1400; baseline 0.003 -25"><span class='ocrx_word' id='word_1_63' title='bbox 241 1308 497 1398; x_wconf 81' lang='lat' dir='ltr'><strong>exprobrandum</strong></span> <span class='ocrx_word' id='word_1_64' title='bbox 516 1307 565 1374; x_wconf 88' lang='lat' dir='ltr'><strong>his</strong></span> <span class='ocrx_word' id='word_1_65' title='bbox 580 1307 696 1396; x_wconf 90' lang='lat' dir='ltr'><strong>quibus</strong></span> <span class='ocrx_word' id='word_1_66' title='bbox 711 1321 848 1398; x_wconf 91' lang='lat' dir='ltr'><strong>oportet,</strong></span> <span class='ocrx_word' id='word_1_67' title='bbox 868 1329 972 1398; x_wconf 91' lang='lat' dir='ltr'><strong>neque</strong></span> <span class='ocrx_word' id='word_1_68' title='bbox 986 1311 1101 1400; x_wconf 84' lang='lat' dir='ltr'><strong>justus</strong></span> <span class='ocrx_word' id='word_1_69' title='bbox 1117 1335 1230 1400; x_wconf 86' lang='lat' dir='ltr'><strong>neque</strong></span> <span class='ocrx_word' id='word_1_70' title='bbox 1242 1337 1281 1378; x_wconf 81' lang='lat' dir='ltr'><strong>ss·</strong></span> 
     </span>
     <span class='ocr_line' id='line_1_11' title="bbox 241 1416 1279 1510; baseline 0.004 -24"><span class='ocrx_word' id='word_1_71' title='bbox 241 1421 331 1510; x_wconf 88' lang='lat' dir='ltr'><strong>piens</strong></span> <span class='ocrx_word' id='word_1_72' title='bbox 343 1419 502 1485; x_wconf 85' lang='lat' dir='ltr'><strong>videbitur</strong></span> <span class='ocrx_word' id='word_1_73' title='bbox 515 1416 623 1509; x_wconf 88' lang='lat' dir='ltr'><strong>judex.</strong></span> <span class='ocrx_word' id='word_1_74' title='bbox 641 1417 762 1487; x_wconf 79' lang='lat' dir='ltr'><strong>Rursus</strong></span> <span class='ocrx_word' id='word_1_75' title='bbox 777 1419 893 1498; x_wconf 87' lang='lat' dir='ltr'><strong>bouus,</strong></span> <span class='ocrx_word' id='word_1_76' title='bbox 906 1421 932 1489; x_wconf 88' lang='lat' dir='ltr'><strong>si</strong></span> <span class='ocrx_word' id='word_1_77' title='bbox 947 1421 1011 1508; x_wconf 84' lang='lat' dir='ltr'><strong>hoc</strong></span> <span class='ocrx_word' id='word_1_78' title='bbox 1026 1434 1172 1490; x_wconf 80' lang='lat' dir='ltr'><strong>tantum</strong></span> <span class='ocrx_word' id='word_1_79' title='bbox 1188 1425 1228 1489; x_wconf 87' lang='lat' dir='ltr'><strong>sit</strong></span> <span class='ocrx_word' id='word_1_80' title='bbox 1238 1425 1279 1490; x_wconf 79' lang='lat' dir='ltr'><strong>bo</strong></span> 
     </span>
     <span class='ocr_line' id='line_1_12' title="bbox 242 1528 1274 1618; baseline 0.001 -22"><span class='ocrx_word' id='word_1_81' title='bbox 242 1553 315 1605; x_wconf 89' lang='lat' dir='ltr'><strong>nus,</strong></span> <span class='ocrx_word' id='word_1_82' title='bbox 338 1552 404 1596; x_wconf 94' lang='lat' dir='ltr'><strong>non</strong></span> <span class='ocrx_word' id='word_1_83' title='bbox 425 1539 457 1594; x_wconf 86' lang='lat' dir='ltr'><strong>et</strong></span> <span class='ocrx_word' id='word_1_84' title='bbox 477 1529 641 1617; x_wconf 90' lang='lat' dir='ltr'><strong>probator,</strong></span> <span class='ocrx_word' id='word_1_85' title='bbox 664 1528 698 1596; x_wconf 92' lang='lat' dir='ltr'><strong>in</strong></span> <span class='ocrx_word' id='word_1_86' title='bbox 721 1551 801 1618; x_wconf 90' lang='lat' dir='ltr'><strong>quos</strong></span> <span class='ocrx_word' id='word_1_87' title='bbox 822 1529 972 1596; x_wconf 88' lang='lat' dir='ltr'><strong>immittat</strong></span> <span class='ocrx_word' id='word_1_88' title='bbox 989 1529 1189 1597; x_wconf 83' lang='lat' dir='ltr'><strong>bonitatem</strong></span> <span class='ocrx_word' id='word_1_89' title='bbox 1208 1545 1274 1598; x_wconf 78' lang='lat' dir='ltr'><strong>exoa</strong></span> 
     </span>
     <span class='ocr_line' id='line_1_13' title="bbox 240 1637 1271 1731; baseline 0.005 -28"><span class='ocrx_word' id='word_1_90' title='bbox 240 1637 394 1728; x_wconf 84' lang='lat' dir='ltr'><strong>justitiam</strong></span> <span class='ocrx_word' id='word_1_91' title='bbox 408 1637 469 1704; x_wconf 86' lang='lat' dir='ltr'><strong>erit</strong></span> <span class='ocrx_word' id='word_1_92' title='bbox 484 1647 516 1704; x_wconf 89' lang='lat' dir='ltr'><strong>et</strong></span> <span class='ocrx_word' id='word_1_93' title='bbox 530 1638 719 1716; x_wconf 84' lang='lat' dir='ltr'><strong>bonitatem,</strong></span> <span class='ocrx_word' id='word_1_94' title='bbox 738 1651 770 1704; x_wconf 88' lang='lat' dir='ltr'><strong>et</strong></span> <span class='ocrx_word' id='word_1_95' title='bbox 785 1637 910 1706; x_wconf 85' lang='lat' dir='ltr'><strong>infirma</strong></span> <span class='ocrx_word' id='word_1_96' title='bbox 925 1641 1052 1708; x_wconf 89' lang='lat' dir='ltr'><strong>bonitas</strong></span> <span class='ocrx_word' id='word_1_97' title='bbox 1069 1642 1153 1731; x_wconf 83' lang='lat' dir='ltr'><strong>ejus</strong></span> <span class='ocrx_word' id='word_1_98' title='bbox 1170 1643 1271 1710; x_wconf 80' lang='lat' dir='ltr'><strong>videii</strong></span> 
     </span>
     <span class='ocr_line' id='line_1_14' title="bbox 241 1745 1087 1838; baseline 0.001 -24"><span class='ocrx_word' id='word_1_99' title='bbox 241 1761 306 1825; x_wconf 91' lang='lat' dir='ltr'><strong>tur,</strong></span> <span class='ocrx_word' id='word_1_100' title='bbox 323 1771 388 1814; x_wconf 91' lang='lat' dir='ltr'><strong>non</strong></span> <span class='ocrx_word' id='word_1_101' title='bbox 400 1770 509 1813; x_wconf 88' lang='lat' dir='ltr'><strong>omnes</strong></span> <span class='ocrx_word' id='word_1_102' title='bbox 525 1745 659 1824; x_wconf 85' lang='lat' dir='ltr'><strong>salvans,</strong></span> <span class='ocrx_word' id='word_1_103' title='bbox 676 1747 778 1816; x_wconf 91' lang='lat' dir='ltr'><strong>sinon</strong></span> <span class='ocrx_word' id='word_1_104' title='bbox 793 1748 996 1838; x_wconf 86' lang='lat' dir='ltr'><strong>cumjudicio</strong></span> <span class='ocrx_word' id='word_1_105' title='bbox 1014 1749 1087 1816; x_wconf 86' lang='lat' dir='ltr'><strong>fiat.</strong></span> 
     </span>
    </p>

    <p class='ocr_par' dir='ltr' id='par_1_4' title="bbox 228 1856 1269 3893">
     <span class='ocr_line' id='line_1_15' title="bbox 283 1856 1269 1952; baseline 0.003 -27"><span class='ocrx_word' id='word_1_106' title='bbox 283 1857 423 1925; x_wconf 80' lang='lat' dir='ltr'><strong>Marcion</strong></span> <span class='ocrx_word' id='word_1_107' title='bbox 437 1856 533 1948; x_wconf 77' lang='lat' dir='ltr'><strong>igitur</strong></span> <span class='ocrx_word' id='word_1_108' title='bbox 552 1858 618 1948; x_wconf 88' lang='lat' dir='ltr'><strong>ipse</strong></span> <span class='ocrx_word' id='word_1_109' title='bbox 634 1856 774 1924; x_wconf 82' lang='lat' dir='ltr'><strong>dividens</strong></span> <span class='ocrx_word' id='word_1_110' title='bbox 788 1858 893 1925; x_wconf 91' lang='lat' dir='ltr'><strong>Deum</strong></span> <span class='ocrx_word' id='word_1_111' title='bbox 907 1860 940 1926; x_wconf 93' lang='lat' dir='ltr'><strong>in</strong></span> <span class='ocrx_word' id='word_1_112' title='bbox 955 1859 1033 1936; x_wconf 89' lang='lat' dir='ltr'><strong>duo,</strong></span> <span class='ocrx_word' id='word_1_113' title='bbox 1049 1858 1202 1928; x_wconf 79' lang='lat' dir='ltr'><strong>alterum</strong></span> <span class='ocrx_word' id='word_1_114' title='bbox 1218 1864 1269 1952; x_wconf 73' lang='lat' dir='ltr'><strong>qut</strong></span> 
     </span>
     <span class='ocr_line' id='line_1_16' title="bbox 241 1963 1268 2058; baseline 0.001 -26"><span class='ocrx_word' id='word_1_115' title='bbox 241 1965 314 2032; x_wconf 91' lang='lat' dir='ltr'><strong>dem</strong></span> <span class='ocrx_word' id='word_1_116' title='bbox 331 1965 466 2042; x_wconf 90' lang='lat' dir='ltr'><strong>bonum,</strong></span> <span class='ocrx_word' id='word_1_117' title='bbox 478 1976 511 2030; x_wconf 89' lang='lat' dir='ltr'><strong>et</strong></span> <span class='ocrx_word' id='word_1_118' title='bbox 526 1963 660 2030; x_wconf 84' lang='lat' dir='ltr'><strong>alterum</strong></span> <span class='ocrx_word' id='word_1_119' title='bbox 674 1963 857 2054; x_wconf 87' lang='lat' dir='ltr'><strong>judicialem</strong></span> <span class='ocrx_word' id='word_1_120' title='bbox 872 1965 993 2042; x_wconf 86' lang='lat' dir='ltr'><strong>dicens,</strong></span> <span class='ocrx_word' id='word_1_121' title='bbox 1010 1989 1052 2032; x_wconf 81' lang='lat' dir='ltr'><strong>ex</strong></span> <span class='ocrx_word' id='word_1_122' title='bbox 1068 1967 1223 2058; x_wconf 84' lang='lat' dir='ltr'><strong>utrisque</strong></span> <span class='ocrx_word' id='word_1_123' title='bbox 1233 1969 1268 2033; x_wconf 78' lang='lat' dir='ltr'><strong>in</strong></span> 
     </span>
     <span class='ocr_line' id='line_1_17' title="bbox 241 2073 1264 2164; baseline 0 -24"><span class='ocrx_word' id='word_1_124' title='bbox 241 2073 483 2142; x_wconf 84' lang='lat' dir='ltr'><strong>terimitDeum.</strong></span> <span class='ocrx_word' id='word_1_125' title='bbox 502 2073 562 2141; x_wconf 87' lang='lat' dir='ltr'><strong>liic</strong></span> <span class='ocrx_word' id='word_1_126' title='bbox 576 2075 663 2142; x_wconf 90' lang='lat' dir='ltr'><strong>enim</strong></span> <span class='ocrx_word' id='word_1_127' title='bbox 674 2075 729 2164; x_wconf 90' lang='lat' dir='ltr'><strong>qui</strong></span> <span class='ocrx_word' id='word_1_128' title='bbox 743 2073 912 2163; x_wconf 88' lang='lat' dir='ltr'><strong>judicialis,</strong></span> <span class='ocrx_word' id='word_1_129' title='bbox 929 2075 954 2140; x_wconf 89' lang='lat' dir='ltr'><strong>si</strong></span> <span class='ocrx_word' id='word_1_130' title='bbox 971 2097 1037 2142; x_wconf 90' lang='lat' dir='ltr'><strong>non</strong></span> <span class='ocrx_word' id='word_1_131' title='bbox 1052 2088 1091 2142; x_wconf 88' lang='lat' dir='ltr'><strong>et</strong></span> <span class='ocrx_word' id='word_1_132' title='bbox 1106 2077 1215 2144; x_wconf 88' lang='lat' dir='ltr'><strong>bonus</strong></span> <span class='ocrx_word' id='word_1_133' title='bbox 1227 2079 1264 2150; x_wconf 83' lang='lat' dir='ltr'><strong>sit,</strong></span> 
     </span>
     <span class='ocr_line' id='line_1_18' title="bbox 239 2183 1263 2274; baseline -0.002 -22"><span class='ocrx_word' id='word_1_134' title='bbox 239 2207 304 2252; x_wconf 89' lang='lat' dir='ltr'><strong>non</strong></span> <span class='ocrx_word' id='word_1_135' title='bbox 323 2196 371 2250; x_wconf 87' lang='lat' dir='ltr'><strong>est</strong></span> <span class='ocrx_word' id='word_1_136' title='bbox 384 2183 483 2261; x_wconf 88' lang='lat' dir='ltr'><strong>Deus,</strong></span> <span class='ocrx_word' id='word_1_137' title='bbox 500 2185 573 2274; x_wconf 86' lang='lat' dir='ltr'><strong>quie</strong></span> <span class='ocrx_word' id='word_1_138' title='bbox 588 2183 673 2251; x_wconf 89' lang='lat' dir='ltr'><strong>Deus</strong></span> <span class='ocrx_word' id='word_1_139' title='bbox 689 2207 753 2250; x_wconf 92' lang='lat' dir='ltr'><strong>non</strong></span> <span class='ocrx_word' id='word_1_140' title='bbox 768 2195 816 2254; x_wconf 82' lang='lat' dir='ltr'><strong>est</strong></span> <span class='ocrx_word' id='word_1_141' title='bbox 831 2183 882 2252; x_wconf 87' lang='lat' dir='ltr'><strong>cui</strong></span> <span class='ocrx_word' id='word_1_142' title='bbox 898 2185 1023 2252; x_wconf 88' lang='lat' dir='ltr'><strong>bonitas</strong></span> <span class='ocrx_word' id='word_1_143' title='bbox 1040 2184 1129 2252; x_wconf 85' lang='lat' dir='ltr'><strong>desit</strong></span> <span class='ocrx_word' id='word_1_144' title='bbox 1147 2211 1158 2250; x_wconf 75' lang='grc' dir='ltr'><strong><em>ε</em></strong></span> <span class='ocrx_word' id='word_1_145' title='bbox 1176 2199 1207 2252; x_wconf 81' lang='lat' dir='ltr'><strong>et</strong></span> <span class='ocrx_word' id='word_1_146' title='bbox 1223 2185 1263 2251; x_wconf 80' lang='lat' dir='ltr'><strong>itt</strong></span> 
     </span>
     <span class='ocr_line' id='line_1_19' title="bbox 238 2294 1261 2385; baseline 0 -23"><span class='ocrx_word' id='word_1_147' title='bbox 238 2317 346 2362; x_wconf 88' lang='lat' dir='ltr'><strong>rursus</strong></span> <span class='ocrx_word' id='word_1_148' title='bbox 367 2295 422 2385; x_wconf 90' lang='lat' dir='ltr'><strong>qui</strong></span> <span class='ocrx_word' id='word_1_149' title='bbox 443 2296 560 2372; x_wconf 89' lang='lat' dir='ltr'><strong>bonus,</strong></span> <span class='ocrx_word' id='word_1_150' title='bbox 577 2297 603 2362; x_wconf 88' lang='lat' dir='ltr'><strong>si</strong></span> <span class='ocrx_word' id='word_1_151' title='bbox 618 2319 683 2364; x_wconf 91' lang='lat' dir='ltr'><strong>non</strong></span> <span class='ocrx_word' id='word_1_152' title='bbox 697 2309 732 2363; x_wconf 93' lang='lat' dir='ltr'><strong>et</strong></span> <span class='ocrx_word' id='word_1_153' title='bbox 744 2294 911 2385; x_wconf 86' lang='lat' dir='ltr'><strong>judicialis,</strong></span> <span class='ocrx_word' id='word_1_154' title='bbox 929 2295 1015 2362; x_wconf 90' lang='lat' dir='ltr'><strong>idem</strong></span> <span class='ocrx_word' id='word_1_155' title='bbox 1035 2295 1128 2385; x_wconf 91' lang='lat' dir='ltr'><strong>quod</strong></span> <span class='ocrx_word' id='word_1_156' title='bbox 1143 2295 1195 2362; x_wconf 81' lang='lat' dir='ltr'><strong>irie</strong></span> <span class='ocrx_word' id='word_1_157' title='bbox 1211 2321 1261 2384; x_wconf 82' lang='lat' dir='ltr'><strong>pa·</strong></span> 
     </span>
     <span class='ocr_line' id='line_1_20' title="bbox 237 2403 1253 2486; baseline 0.002 -18"><span class='ocrx_word' id='word_1_158' title='bbox 237 2405 344 2479; x_wconf 89' lang='lat' dir='ltr'><strong>tietur,</strong></span> <span class='ocrx_word' id='word_1_159' title='bbox 360 2415 396 2468; x_wconf 87' lang='lat' dir='ltr'><strong>ut</strong></span> <span class='ocrx_word' id='word_1_160' title='bbox 410 2403 572 2470; x_wconf 79' lang='lat' dir='ltr'><strong>auferatur</strong></span> <span class='ocrx_word' id='word_1_161' title='bbox 585 2405 614 2470; x_wconf 89' lang='lat' dir='ltr'><strong>ei</strong></span> <span class='ocrx_word' id='word_1_162' title='bbox 630 2427 671 2470; x_wconf 89' lang='lat' dir='ltr'><strong>ne</strong></span> <span class='ocrx_word' id='word_1_163' title='bbox 691 2406 732 2471; x_wconf 90' lang='lat' dir='ltr'><strong>sit</strong></span> <span class='ocrx_word' id='word_1_164' title='bbox 748 2404 843 2474; x_wconf 90' lang='lat' dir='ltr'><strong>Deus.</strong></span> <span class='ocrx_word' id='word_1_165' title='bbox 865 2405 1142 2486; x_wconf 80' lang='lat' dir='ltr'><strong>Quemadmodum</strong></span> <span class='ocrx_word' id='word_1_166' title='bbox 1155 2415 1253 2470; x_wconf 62' lang='lat' dir='ltr'><strong>nomm</strong></span> 
     </span>
     <span class='ocr_line' id='line_1_21' title="bbox 236 2505 1258 2602; baseline 0.002 -26"><span class='ocrx_word' id='word_1_167' title='bbox 236 2523 268 2576; x_wconf 90' lang='lat' dir='ltr'><strong>et</strong></span> <span class='ocrx_word' id='word_1_168' title='bbox 279 2512 453 2602; x_wconf 73' lang='lat' dir='ltr'><strong>sapientem</strong></span> <span class='ocrx_word' id='word_1_169' title='bbox 468 2511 580 2578; x_wconf 89' lang='lat' dir='ltr'><strong>dicunt</strong></span> <span class='ocrx_word' id='word_1_170' title='bbox 592 2510 719 2577; x_wconf 92' lang='lat' dir='ltr'><strong>Patrem</strong></span> <span class='ocrx_word' id='word_1_171' title='bbox 734 2505 890 2589; x_wconf 88' lang='lat' dir='ltr'><strong>omnium,</strong></span> <span class='ocrx_word' id='word_1_172' title='bbox 906 2513 932 2579; x_wconf 91' lang='lat' dir='ltr'><strong>si</strong></span> <span class='ocrx_word' id='word_1_173' title='bbox 947 2537 1012 2580; x_wconf 90' lang='lat' dir='ltr'><strong>non</strong></span> <span class='ocrx_word' id='word_1_174' title='bbox 1028 2525 1062 2580; x_wconf 88' lang='lat' dir='ltr'><strong>et</strong></span> <span class='ocrx_word' id='word_1_175' title='bbox 1075 2511 1219 2602; x_wconf 73' lang='lat' dir='ltr'><strong>judiciuin</strong></span> <span class='ocrx_word' id='word_1_176' title='bbox 1233 2516 1258 2578; x_wconf 89' lang='lat' dir='ltr'><strong>ei</strong></span> 
     </span>
     <span class='ocr_line' id='line_1_22' title="bbox 236 2618 1255 2711; baseline 0.003 -26"><span class='ocrx_word' id='word_1_177' title='bbox 236 2619 416 2710; x_wconf 74' lang='lat' dir='ltr'><strong>assignent?</strong></span> <span class='ocrx_word' id='word_1_178' title='bbox 433 2618 468 2684; x_wconf 84' lang='lat' dir='ltr'><strong>si</strong></span> <span class='ocrx_word' id='word_1_179' title='bbox 482 2619 567 2684; x_wconf 88' lang='lat' dir='ltr'><strong>enim</strong></span> <span class='ocrx_word' id='word_1_180' title='bbox 583 2619 719 2707; x_wconf 85' lang='lat' dir='ltr'><strong>sapiens,</strong></span> <span class='ocrx_word' id='word_1_181' title='bbox 735 2631 768 2686; x_wconf 90' lang='lat' dir='ltr'><strong>et</strong></span> <span class='ocrx_word' id='word_1_182' title='bbox 782 2621 935 2708; x_wconf 85' lang='lat' dir='ltr'><strong>probator</strong></span> <span class='ocrx_word' id='word_1_183' title='bbox 947 2633 996 2687; x_wconf 88' lang='lat' dir='ltr'><strong>est</strong></span> <span class='ocrx_word' id='word_1_184' title='bbox 1002 2647 1012 2694; x_wconf 86' lang='lat'>;</span> <span class='ocrx_word' id='word_1_185' title='bbox 1030 2623 1200 2711; x_wconf 86' lang='lat' dir='ltr'><strong>probatori</strong></span> <span class='ocrx_word' id='word_1_186' title='bbox 1212 2647 1255 2689; x_wconf 82' lang='lat' dir='ltr'><strong>aa-</strong></span> 
     </span>
     <span class='ocr_line' id='line_1_23' title="bbox 235 2723 1252 2820; baseline 0.003 -27"><span class='ocrx_word' id='word_1_187' title='bbox 235 2723 597 2815; x_wconf 78' lang='lat' dir='ltr'><strong>temsubestjudioin103</strong></span> <span class='ocrx_word' id='word_1_188' title='bbox 611 2724 761 2816; x_wconf 87' lang='lat' dir='ltr'><strong>judiciale</strong></span> <span class='ocrx_word' id='word_1_189' title='bbox 772 2740 879 2794; x_wconf 89' lang='lat' dir='ltr'><strong>autem</strong></span> <span class='ocrx_word' id='word_1_190' title='bbox 891 2729 1071 2819; x_wconf 83' lang='lat' dir='ltr'><strong>assequitur</strong></span> <span class='ocrx_word' id='word_1_191' title='bbox 1082 2730 1218 2820; x_wconf 86' lang='lat' dir='ltr'><strong>justitia,</strong></span> <span class='ocrx_word' id='word_1_192' title='bbox 1228 2747 1252 2796; x_wconf 83' lang='lat' dir='ltr'><strong>u</strong></span> 
     </span>
     <span class='ocr_line' id='line_1_24' title="bbox 235 2835 1256 2928; baseline 0.006 -26"><span class='ocrx_word' id='word_1_193' title='bbox 235 2838 318 2926; x_wconf 88' lang='lat' dir='ltr'><strong>juste</strong></span> <span class='ocrx_word' id='word_1_194' title='bbox 332 2836 445 2926; x_wconf 88' lang='lat' dir='ltr'><strong>probet</strong></span> <span class='ocrx_word' id='word_1_195' title='bbox 451 2861 461 2912; x_wconf 68' lang='grc' dir='ltr'><strong><em>ς</em></strong></span> <span class='ocrx_word' id='word_1_196' title='bbox 479 2835 599 2927; x_wconf 83' lang='lat' dir='ltr'><strong>justitie</strong></span> <span class='ocrx_word' id='word_1_197' title='bbox 614 2847 766 2928; x_wconf 78' lang='lat' dir='ltr'><strong>provocat</strong></span> <span class='ocrx_word' id='word_1_198' title='bbox 778 2836 950 2926; x_wconf 74' lang='lat' dir='ltr'><strong>judicium</strong></span> <span class='ocrx_word' id='word_1_199' title='bbox 969 2839 1131 2928; x_wconf 88' lang='lat' dir='ltr'><strong>judicium</strong></span> <span class='ocrx_word' id='word_1_200' title='bbox 1146 2856 1256 2914; x_wconf 75' lang='lat' dir='ltr'><strong>auten.</strong></span> 
     </span>
     <span class='ocr_line' id='line_1_25' title="bbox 235 2945 1255 3042; baseline 0.002 -28"><span class='ocrx_word' id='word_1_201' title='bbox 235 2967 310 3014; x_wconf 87' lang='lat' dir='ltr'><strong>cum</strong></span> <span class='ocrx_word' id='word_1_202' title='bbox 325 2945 363 3018; x_wconf 80' lang='lat' dir='ltr'><strong>fit</strong></span> <span class='ocrx_word' id='word_1_203' title='bbox 378 2967 454 3012; x_wconf 91' lang='lat' dir='ltr'><strong>eum</strong></span> <span class='ocrx_word' id='word_1_204' title='bbox 470 2945 603 3034; x_wconf 86' lang='lat' dir='ltr'><strong>justitia,</strong></span> <span class='ocrx_word' id='word_1_205' title='bbox 619 2946 811 3013; x_wconf 88' lang='lat' dir='ltr'><strong>transmittet</strong></span> <span class='ocrx_word' id='word_1_206' title='bbox 830 2945 870 3012; x_wconf 87' lang='lat' dir='ltr'><strong>ad</strong></span> <span class='ocrx_word' id='word_1_207' title='bbox 885 2948 1083 3038; x_wconf 86' lang='lat' dir='ltr'><strong>sapientiam.</strong></span> <span class='ocrx_word' id='word_1_208' title='bbox 1103 2949 1255 3042; x_wconf 83' lang='lat' dir='ltr'><strong>Sapientia</strong></span> 
     </span>
     <span class='ocr_line' id='line_1_26' title="bbox 233 3053 1260 3154; baseline 0.007 -32"><span class='ocrx_word' id='word_1_209' title='bbox 233 3056 328 3146; x_wconf 75' lang='lat' dir='ltr'><strong>igitur</strong></span> <span class='ocrx_word' id='word_1_210' title='bbox 347 3053 506 3145; x_wconf 80' lang='lat' dir='ltr'><strong>praecellet</strong></span> <span class='ocrx_word' id='word_1_211' title='bbox 525 3054 617 3123; x_wconf 84' lang='lat' dir='ltr'><strong>Peter</strong></span> <span class='ocrx_word' id='word_1_212' title='bbox 637 3081 731 3148; x_wconf 87' lang='lat' dir='ltr'><strong>super</strong></span> <span class='ocrx_word' id='word_1_213' title='bbox 748 3079 876 3124; x_wconf 91' lang='lat' dir='ltr'><strong>omnem</strong></span> <span class='ocrx_word' id='word_1_214' title='bbox 893 3058 1069 3127; x_wconf 90' lang='lat' dir='ltr'><strong>humanam</strong></span> <span class='ocrx_word' id='word_1_215' title='bbox 1087 3074 1124 3128; x_wconf 90' lang='lat' dir='ltr'><strong>et</strong></span> <span class='ocrx_word' id='word_1_216' title='bbox 1141 3063 1260 3154; x_wconf 75' lang='lat' dir='ltr'><strong>Angeli-</strong></span> 
     </span>
     <span class='ocr_line' id='line_1_27' title="bbox 233 3165 1259 3262; baseline 0.004 -28"><span class='ocrx_word' id='word_1_217' title='bbox 233 3189 303 3234; x_wconf 87' lang='lat' dir='ltr'><strong>oem</strong></span> <span class='ocrx_word' id='word_1_218' title='bbox 319 3167 516 3256; x_wconf 88' lang='lat' dir='ltr'><strong>sapientiam,</strong></span> <span class='ocrx_word' id='word_1_219' title='bbox 532 3169 681 3256; x_wconf 91' lang='lat' dir='ltr'><strong>quoniam</strong></span> <span class='ocrx_word' id='word_1_220' title='bbox 695 3165 863 3247; x_wconf 89' lang='lat' dir='ltr'><strong>Dominus,</strong></span> <span class='ocrx_word' id='word_1_221' title='bbox 879 3181 912 3235; x_wconf 91' lang='lat' dir='ltr'><strong>et</strong></span> <span class='ocrx_word' id='word_1_222' title='bbox 928 3169 1038 3260; x_wconf 83' lang='lat' dir='ltr'><strong>judex,</strong></span> <span class='ocrx_word' id='word_1_223' title='bbox 1051 3182 1085 3237; x_wconf 89' lang='lat' dir='ltr'><strong>et</strong></span> <span class='ocrx_word' id='word_1_224' title='bbox 1099 3173 1219 3262; x_wconf 85' lang='lat' dir='ltr'><strong>justus,</strong></span> <span class='ocrx_word' id='word_1_225' title='bbox 1232 3187 1259 3238; x_wconf 82' lang='lat' dir='ltr'><strong>et</strong></span> 
     </span>
     <span class='ocr_line' id='line_1_28' title="bbox 234 3275 1261 3367; baseline 0.008 -25"><span class='ocrx_word' id='word_1_226' title='bbox 234 3275 413 3343; x_wconf 88' lang='lat' dir='ltr'><strong>dominator</strong></span> <span class='ocrx_word' id='word_1_227' title='bbox 426 3298 521 3367; x_wconf 87' lang='lat' dir='ltr'><strong>super</strong></span> <span class='ocrx_word' id='word_1_228' title='bbox 535 3298 655 3344; x_wconf 86' lang='lat' dir='ltr'><strong>omnes.</strong></span> <span class='ocrx_word' id='word_1_229' title='bbox 674 3279 729 3346; x_wconf 84' lang='lat' dir='ltr'><strong>Est</strong></span> <span class='ocrx_word' id='word_1_230' title='bbox 744 3279 830 3346; x_wconf 88' lang='lat' dir='ltr'><strong>enim</strong></span> <span class='ocrx_word' id='word_1_231' title='bbox 844 3290 877 3346; x_wconf 94' lang='lat' dir='ltr'><strong>et</strong></span> <span class='ocrx_word' id='word_1_232' title='bbox 891 3279 1005 3356; x_wconf 88' lang='lat' dir='ltr'><strong>bonus,</strong></span> <span class='ocrx_word' id='word_1_233' title='bbox 1021 3292 1054 3350; x_wconf 90' lang='lat' dir='ltr'><strong>et</strong></span> <span class='ocrx_word' id='word_1_234' title='bbox 1068 3283 1261 3356; x_wconf 72' lang='lat' dir='ltr'><strong>misertmrs,</strong></span> 
     </span>
     <span class='ocr_line' id='line_1_29' title="bbox 233 3384 1262 3480; baseline 0.003 -26"><span class='ocrx_word' id='word_1_235' title='bbox 233 3398 267 3454; x_wconf 88' lang='lat' dir='ltr'><strong>et</strong></span> <span class='ocrx_word' id='word_1_236' title='bbox 280 3386 414 3476; x_wconf 88' lang='lat' dir='ltr'><strong>patiens,</strong></span> <span class='ocrx_word' id='word_1_237' title='bbox 430 3399 462 3452; x_wconf 90' lang='lat' dir='ltr'><strong>et</strong></span> <span class='ocrx_word' id='word_1_238' title='bbox 477 3384 574 3454; x_wconf 87' lang='lat' dir='ltr'><strong>snlsut</strong></span> <span class='ocrx_word' id='word_1_239' title='bbox 592 3411 672 3479; x_wconf 88' lang='lat' dir='ltr'><strong>quos</strong></span> <span class='ocrx_word' id='word_1_240' title='bbox 686 3401 830 3478; x_wconf 87' lang='lat' dir='ltr'><strong>oportet:</strong></span> <span class='ocrx_word' id='word_1_241' title='bbox 849 3413 951 3480; x_wconf 88' lang='lat' dir='ltr'><strong>neque</strong></span> <span class='ocrx_word' id='word_1_242' title='bbox 965 3391 1088 3458; x_wconf 90' lang='lat' dir='ltr'><strong>bonum</strong></span> <span class='ocrx_word' id='word_1_243' title='bbox 1105 3393 1137 3460; x_wconf 89' lang='lat' dir='ltr'><strong>ei</strong></span> <span class='ocrx_word' id='word_1_244' title='bbox 1154 3393 1262 3460; x_wconf 83' lang='lat' dir='ltr'><strong>deficit</strong></span> 
     </span>
     <span class='ocr_line' id='line_1_30' title="bbox 232 3494 1261 3586; baseline 0.008 -24"><span class='ocrx_word' id='word_1_245' title='bbox 232 3494 315 3585; x_wconf 85' lang='lat' dir='ltr'><strong>juste</strong></span> <span class='ocrx_word' id='word_1_246' title='bbox 330 3494 492 3572; x_wconf 79' lang='lat' dir='ltr'><strong>effectum,</strong></span> <span class='ocrx_word' id='word_1_247' title='bbox 508 3519 612 3586; x_wconf 89' lang='lat' dir='ltr'><strong>neque</strong></span> <span class='ocrx_word' id='word_1_248' title='bbox 627 3495 775 3586; x_wconf 82' lang='lat' dir='ltr'><strong>sapientie</strong></span> <span class='ocrx_word' id='word_1_249' title='bbox 792 3496 1007 3565; x_wconf 88' lang='lat' dir='ltr'><strong>deminoratur</strong></span> <span class='ocrx_word' id='word_1_250' title='bbox 1024 3521 1032 3564; x_wconf 95' lang='lat'><strong>:</strong></span> <span class='ocrx_word' id='word_1_251' title='bbox 1056 3497 1157 3568; x_wconf 82' lang='lat' dir='ltr'><strong>salvat</strong></span> <span class='ocrx_word' id='word_1_252' title='bbox 1175 3500 1261 3570; x_wconf 84' lang='lat' dir='ltr'><strong>enim</strong></span> 
     </span>
     <span class='ocr_line' id='line_1_31' title="bbox 231 3604 1261 3701; baseline 0.003 -29"><span class='ocrx_word' id='word_1_253' title='bbox 231 3629 311 3694; x_wconf 83' lang='lat' dir='ltr'><strong>quos</strong></span> <span class='ocrx_word' id='word_1_254' title='bbox 326 3605 420 3673; x_wconf 86' lang='lat' dir='ltr'><strong>debet</strong></span> <span class='ocrx_word' id='word_1_255' title='bbox 434 3604 566 3682; x_wconf 84' lang='lat' dir='ltr'><strong>salvare,</strong></span> <span class='ocrx_word' id='word_1_256' title='bbox 586 3618 619 3672; x_wconf 88' lang='lat' dir='ltr'><strong>et</strong></span> <span class='ocrx_word' id='word_1_257' title='bbox 637 3605 758 3698; x_wconf 89' lang='lat' dir='ltr'><strong>judicat</strong></span> <span class='ocrx_word' id='word_1_258' title='bbox 775 3605 885 3697; x_wconf 81' lang='lat' dir='ltr'><strong>dignos</strong></span> <span class='ocrx_word' id='word_1_259' title='bbox 898 3607 1044 3696; x_wconf 89' lang='lat' dir='ltr'><strong>judicio:</strong></span> <span class='ocrx_word' id='word_1_260' title='bbox 1065 3633 1172 3699; x_wconf 90' lang='lat' dir='ltr'><strong>neque</strong></span> <span class='ocrx_word' id='word_1_261' title='bbox 1190 3612 1261 3701; x_wconf 90' lang='lat' dir='ltr'><strong>jus-</strong></span> 
     </span>
     <span class='ocr_line' id='line_1_32' title="bbox 230 3713 1258 3807; baseline 0.003 -27"><span class='ocrx_word' id='word_1_262' title='bbox 230 3727 300 3782; x_wconf 90' lang='lat' dir='ltr'><strong>tum</strong></span> <span class='ocrx_word' id='word_1_263' title='bbox 322 3715 443 3782; x_wconf 91' lang='lat' dir='ltr'><strong>immite</strong></span> <span class='ocrx_word' id='word_1_264' title='bbox 465 3713 653 3793; x_wconf 89' lang='lat' dir='ltr'><strong>ostenditur,</strong></span> <span class='ocrx_word' id='word_1_265' title='bbox 679 3727 839 3807; x_wconf 77' lang='lat' dir='ltr'><strong>praeeunte</strong></span> <span class='ocrx_word' id='word_1_266' title='bbox 861 3713 982 3784; x_wconf 87' lang='lat' dir='ltr'><strong>scilicet</strong></span> <span class='ocrx_word' id='word_1_267' title='bbox 1001 3729 1033 3784; x_wconf 87' lang='lat' dir='ltr'><strong>et</strong></span> <span class='ocrx_word' id='word_1_268' title='bbox 1054 3719 1258 3807; x_wconf 67' lang='lat' dir='ltr'><strong>precedente</strong></span> 
     </span>
     <span class='ocr_line' id='line_1_33' title="bbox 228 3824 378 3893; baseline -0.013 0"><span class='ocrx_word' id='word_1_269' title='bbox 228 3824 378 3893; x_wconf 84' lang='lat' dir='ltr'><strong>bonitate.</strong></span> 
     </span>
    </p>

    <p class='ocr_par' dir='ltr' id='par_1_5' title="bbox 273 3932 1250 4028">
     <span class='ocr_line' id='line_1_34' title="bbox 273 3932 1250 4028; baseline 0.004 -28"><span class='ocrx_word' id='word_1_270' title='bbox 273 3932 336 4014; x_wconf 90' lang='lat' dir='ltr'><strong>Qui</strong></span> <span class='ocrx_word' id='word_1_271' title='bbox 352 3933 446 4025; x_wconf 78' lang='lat' dir='ltr'><strong>igitur</strong></span> <span class='ocrx_word' id='word_1_272' title='bbox 457 3934 556 4004; x_wconf 87' lang='lat' dir='ltr'><strong>solem</strong></span> <span class='ocrx_word' id='word_1_273' title='bbox 570 3958 663 4004; x_wconf 87' lang='lat' dir='ltr'><strong>suum</strong></span> <span class='ocrx_word' id='word_1_274' title='bbox 674 3934 748 4005; x_wconf 91' lang='lat' dir='ltr'><strong>oriri</strong></span> <span class='ocrx_word' id='word_1_275' title='bbox 763 3933 837 4006; x_wconf 83' lang='lat' dir='ltr'><strong>iacit</strong></span> <span class='ocrx_word' id='word_1_276' title='bbox 848 3935 995 4005; x_wconf 85' lang='lat' dir='ltr'><strong>omnibus</strong></span> <span class='ocrx_word' id='word_1_277' title='bbox 1005 3935 1144 4028; x_wconf 83' lang='lat' dir='ltr'><strong>benigne</strong></span> <span class='ocrx_word' id='word_1_278' title='bbox 1154 3937 1250 4012; x_wconf 85' lang='lat' dir='ltr'><strong>Deus,</strong></span> 
     </span>
    </p>
   </div>
   <div class='ocr_carea' id='block_1_3' title="bbox 0 0 1328 4634">
    <p class='ocr_par' dir='ltr' id='par_1_6' title="bbox 0 0 1328 4634">
     <span class='ocr_line' id='line_1_35' title="bbox 0 0 1328 4634; baseline 0 4"><span class='ocrx_word' id='word_1_279' title='bbox 0 0 1328 4634; x_wconf 95' lang='lat' dir='ltr'><strong> </strong></span> 
     </span>
    </p>
   </div>
  </div>
 </body>
</html>
