2808 4688
243 279 281 321 ιο
584 273 721 320 SANCTUS
744 275 922 330 hillinus,

236 405 318 480 quae
335 404 356 454 a
371 385 449 452 Deo
464 389 539 452 non
553 395 694 453 tautum
708 381 789 454 ideo
805 381 898 454 facta
913 379 1021 455 estut
1036 385 1083 457 ab
1101 387 1169 459 illis
1186 412 1272 462 vere

236 505 273 560 et
287 491 428 562 realiter
440 495 459 561 J
462 482 552 560 udaei
564 488 797 578 abstinerent,
811 513 936 562 verum
951 493 1060 562 etiam
1075 488 1117 565 ut'
1132 521 1172 568 ea
1187 523 1272 596 pec-

236 612 314 669 cata
342 602 495 668 vitarent
522 622 604 693 quae
632 597 700 667 illis
729 597 820 668 cibis
852 597 1167 693 significabantur,
1193 629 1270 703 quo

232 699 343 771 modo
361 699 552 772 Christiani
572 703 641 798 ipsi
663 697 798 773 debent
814 701 1008 773 abstinere.

282 817 317 903 7⁰
335 811 390 877 Ex
412 810 545 880 virtute
565 807 736 905 baptismi
750 825 787 880 et
802 810 936 898 crucis,
948 835 1059 907 quam
1073 811 1211 910 colligit
1223 839 1270 885 ex

189 944 192 952 ·
233 919 288 986 Ps.
306 939 333 1002 1,
351 913 397 986 3:
418 944 437 983 a
449 921 530 987 En't
544 933 714 1013 uinquam
730 915 864 1014 la'gnum
882 917 1196 1015 quodplautatum
1216 939 1273 991 est

234 1051 251 1085 a
261 1044 360 1092 secus
374 1021 542 1094 decursus
560 1047 749 1122 aquai-tun,
769 1022 1034 1119 quodfructnm
1048 1045 1153 1090 sumn
1168 1021 1273 1094 dabit
1388 1020 1398 1102 l

233 1132 297 1196 ein
314 1143 473 1226 tempore
490 1155 596 1201 suo.»
614 1135 661 1202 Et
677 1129 823 1202 subdit:
845 1127 1176 1216 «animadvertite,
1191 1155 1269 1226 quo
1293 1117 1296 1128 ¹

109 1235 112 1252 '
230 1263 249 1300 a
260 1233 371 1306 ruodo
384 1259 516 1334 aquam
528 1253 566 1310 et
578 1261 723 1310 crucem
740 1236 847 1308 simul
862 1235 1060 1334 descripsit.
1078 1242 1156 1306 Hoc
1169 1241 1268 1309 enim

233 1339 366 1413 adicit:
384 1349 482 1417 Beati
496 1347 563 1442 qui
576 1369 660 1418 cum
674 1359 876 1444 sperassent
889 1349 928 1416 in
943 1367 1105 1431 crucem,
1122 1341 1270 1417 descen

233 1449 395 1522 »derunt
414 1453 451 1522 in
468 1477 618 1552 aquam;
641 1457 727 1550 quia
744 1452 948 1524 mercedem
966 1454 1105 1548 inquit,
1122 1454 1160 1522 in
1180 1467 1269 1525 tem-

233 1585 251 1622 »
264 1577 354 1654 pore
373 1583 457 1644 suo,
478 1555 516 1632 id
539 1574 714 1646 estmoe,
733 1557 942 1630 retribuam.
970 1561 1077 1631 Nunc
1098 1579 1201 1643 vero,
1218 1561 1269 1630 ait

232 1662 347 1752 »[01ιά
366 1688 438 1735 aaa
457 1659 624 1760 defluent.
650 1669 730 1736 Hoc
748 1667 822 1736 ait:
849 1667 976 1735 Omnis
994 1687 1114 1734 sermo
1136 1667 1199 1761 qui
1223 1690 1266 1735 ex

231 1793 323 1840 »ore
339 1787 459 1844 vestm
473 1777 602 1846 exierit
619 1777 657 1842 in
671 1795 735 1870 spe
750 1787 788 1843 et
802 1774 966 1859 caritate,
984 1773 1054 1842 erit
1068 1774 1105 1840 in
1121 1794 1267 1842 conver·

167 1903 171 1910 ¹
232 1878 396 1946 »sionem
414 1901 456 1947 ac
470 1901 571 1976 spem
587 1878 723 1950 multis.
740 1885 896 1950 Rursum
912 1876 1002 1948 alius
1019 1873 1198 1974 propheta
1212 1874 1267 1946 di·

233 1983 331 2050 acit:
348 1986 398 2050 Et
409 1987 475 2052 erit
490 1997 585 2052 term
596 1982 724 2052 Jacobs·
735 1982 884 2053 madata
889 2003 960 2079 per
971 2005 1111 2052 omnem
1125 1998 1266 2054 terram.

231 2083 390 2183 »(Soph.
412 2113 465 2174 111,
487 2091 563 2186 19.)
588 2095 667 2160 Hoc
690 2093 751 2177 ait,
773 2110 836 2160 vas
860 2093 1008 2186 spiritus
1031 2089 1141 2174 illius,
1166 2089 1267 2184 quod

232 2189 477 2288 »magnificat
490 2194 630 2266 Deinde
639 2193 730 2292 quid
739 2192 827 2264 dicit
840 2222 848 2263 :
861 2201 995 2266 Eterat
996 2196 1130 2288 flurneu
1141 2218 1165 2261 a
1176 2193 1263 2262 dex-

231 2301 464 2394 suestanus,
483 2319 519 2372 et
529 2327 579 2374 ex
593 2327 636 2372 eo
650 2301 878 2398 emergebant
886 2301 1030 2372 arbores
1034 2297 1196 2398 pulchrae
1201 2354 1212 2386 ‚
1228 2317 1264 2371 et

232 2410 471 2503 »quicumque
486 2432 534 2478 ex
553 2407 620 2479 illis
637 2409 904 2480 manducaverit
917 2413 1012 2480 vivet
1029 2413 1063 2476 in
1081 2423 1264 2480 oetcmmn.

231 2511 341 2606 »(Ez.
361 2517 494 2609 xnvu.)
516 2521 593 2588 Hoc
611 2519 678 2605 ait,
698 2515 800 2614 quod
822 2539 889 2588 nos
912 2513 1163 2586 descendimus
1183 2517 1266 2610 qui-

231 2643 248 2677 »
259 2611 387 2688 demin
397 2642 527 2716 aquam
538 2620 635 2718 pleni
646 2623 852 2720 peccatisac
860 2618 1136 2707 sordibus‚inde
1144 2633 1266 2689 autem

230 2730 472 2823 »emergimus
490 2727 649 2801 fructum
667 2727 874 2814 afferentes,
894 2729 932 2796 in
953 2726 1079 2813 corde,
1098 2726 1266 2795 timorem

229 2845 293 2901 »et
311 2855 412 2930 spem
432 2833 470 2906 in
489 2841 611 2910 lesum
629 2837 805 2908 habentes
827 2859 872 2906 ex
892 2836 1066 2933 spiritu.»
1082 2835 1265 2903 Virtutem

230 2942 347 3012 crucis
369 2944 477 3014 etiam
500 2944 653 3017 adstruit
665 2968 717 3015 -ex
737 2941 905 3040 pluribus
924 2940 1049 3038 figuris
1067 2953 1104 3010 et
1121 2961 1268 3035 pracser-

229 3048 294 3116 tim
313 3071 357 3120 cx
376 3048 493 3149 ligura
511 3035 686 3153 serpentis
705 3055 793 3124 aenei
813 3077 834 3122 a
859 3055 983 3146 Moyse
1002 3051 1129 3136 erecti,
1156 3071 1267 3144 quem

227 3158 337 3275 morsi
366 3181 387 3228 a
414 3161 642 3258 serpentibus
668 3161 883 3257 aspicientes
909 3153 1139 3228 sanabantur.
1169 3156 1264 3224 Cum

227 3263 338 3356 igitur
361 3287 426 3363 per
444 3271 646 3366 passionem
668 3267 802 3338 Christi
821 3268 878 3335 via
901 3265 1023 3335 salutis
1042 3259 1266 3334 sufficienter

228 3370 439 3446 Christianis
454 3390 585 3474 pateat,
599 3374 774 3472 legalibus
788 3377 946 3471 antiquis
959 3397 1031 3443 non
1047 3369 1204 3468 amplius
1215 3373 1265 3438 in-

227 3473 361 3573 digent.

275 3585 316 3656 8⁰
333 3591 386 3660 Ex
407 3590 661 3686 reprobatione
677 3585 884 3660 Judaeorum
904 3576 945 3658 'et
965 3587 1145 3658 electione
1167 3583 1265 3653 Gen·

229 3693 337 3782 tium,
349 3719 461 3791 quam
480 3693 670 3792 figuratam
683 3694 871 3768 contendit
885 3719 948 3765 seu
963 3694 1112 3764 historia
1126 3686 1262 3760 Rebec-

227 3823 275 3868 cae
286 3799 453 3894 gravidae,
468 3817 578 3899 quatu
593 3809 691 3876 Deus
703 3808 754 3876 sic
767 3803 944 3875 allocutus
955 3816 1028 3872 est:
1042 3827 1058 3865 <r
1071 3804 1167 3869 Duce
1173 3819 1261 3893 geu·

225 3920 303 3974 ates
321 3911 357 3975 in
377 3923 475 3979 utero
495 3925 554 3980 tuo
570 3925 667 3995 sunt,
688 3937 731 3980 ac
745 3911 817 3980 duo
827 3905 960 4006 populi
976 3911 1012 3976 iu
1032 3919 1158 4005 uertere
1178 3919 1262 3988 tun,-

227 4025 360 4107 »atque
391 4039 480 4086 acuns
504 4014 660 4114 populus
686 4015 834 4088 alterum
862 4011 1057 4110 superabit,
1085 4023 1120 4082 et
1144 4009 1265 4102 enasor·
