2646 4628
389 285 512 338 carras
536 289 687 336 annesae.
992 263 1049 332 251

19 393 203 488 complecti,
220 411 253 465 et
268 419 340 490 qnae
356 399 508 464 diuturno
520 411 664 488 tempore
676 395 835 464 occultata
854 406 940 471 sant,
960 394 993 462 in
1010 393 1058 460 lu·

19 530 92 575 cem
103 507 245 596 proferre
256 507 457 574 conabimur.
473 505 526 574 Sic
543 506 628 572 enim
641 503 733 572 facile
743 506 783 571 ab
796 503 945 570 omnibus
956 499 1057 570 refelli

18 629 184 706 poterunt.

63 719 1058 815 Equidem*nondubito,vircharissime,quintacumhaecle-

17 859 89 925 ges,
103 834 288 924 hujusmodi
298 835 441 924 ipsorum
450 829 526 902 falsa
538 831 698 921 sapientia
709 832 857 921 opinione
868 853 936 897 sese
951 828 1060 896 vendi-

6 931 144 1010 'tantem
159 942 326 1011 stultitiam
340 943 440 1010 effuse
454 943 574 1008 risurus
594 942 646 1008 sis.
666 939 806 1028 AEquum
822 951 870 1006 est
881 951 989 1006 autern
1003 962 1058 1004 eos

6 1039 132 1144 'lugere
156 1055 211 1144 qui
232 1053 329 1122 talem
349 1055 407 1122 Dei
423 1052 559 1130 cultum,
576 1073 714 1140 vereque
729 1049 895 1117 ineffabilis
911 1047 1060 1138 potentia

6 1153 288 1252 magnitudinem,
309 1175 421 1251 totque
439 1186 478 1230 ac
496 1173 599 1231 tantas
618 1161 678 1226 Dei
696 1157 983 1226 administrationes
1002 1183 1060 1248 per

7 1272 117 1362 ‘alpha
136 1282 169 1339 et
188 1275 275 1349 beta,
291 1295 330 1340 ac
350 1297 407 1364 per
421 1295 572 1340 numeros
588 1271 668 1337 adea
683 1267 796 1360 frigide
811 1279 844 1335 et
858 1281 1004 1336 contorte
1016 1267 1059 1334 la-

6 1376 146 1449 ¹cersnt.
164 1381 190 1448 li
205 1393 312 1448 autem
328 1403 438 1448 omnes
457 1381 512 1470 qui
532 1383 571 1448 ab
593 1377 735 1448 Ecclesia
756 1377 947 1454 abscedunt,
966 1389 1061 1468 atque

6 1487 162 1558 “anilibus
177 1491 264 1558 hisce
276 1489 390 1558 sabulis
401 1491 500 1560 fidem
511 1501 673 1581 arrogant,
686 1513 760 1556 vere
775 1485 900 1580 ipsimet
913 1511 931 1553 a
943 1511 977 1554 se
987 1509 1062 1554 con·

6 1599 166 1667 &lanianti
179 1613 253 1667 sunt
268 1625 277 1667 ι
295 1624 375 1689 quos
390 1599 507 1667 Paulus
518 1601 611 1667 nobis
621 1612 694 1690 post
709 1619 806 1666 unam
819 1610 916 1686 atque
931 1594 1062 1663 alteram

6 1711 278 1780 *admonitionem
297 1711 442 1778 vitandos
456 1734 526 1780 esse
541 1709 717 1801 precipit².
739 1709 879 1776 loannes
893 1729 982 1784 vero,
996 1705 1063 1772 Do-

6 1819 103 1886 ''mini
122 1818 310 1909 discipulus,
330 1818 629 1888 condamnationem
648 1840 761 1884 eorum
779 1819 880 1893 suxit,
898 1828 935 1881 ut
950 1816 1004 1904 qui
1022 1837 1063 1881 ne

6 1928 100 2015 apsis
114 1927 248 2014 quidem
262 1924 398 1992 salutem
412 1947 430 1992 a
445 1927 539 1992 nobis
550 1926 614 1992 dici
625 1924 710 1992 velit.
729 1953 742 1986 ι
755 1925 820 2004 Qui
831 1925 931 2001 enim,
948 1924 1062 2013 inquit,

6 2047 34 2097 tta
51 2034 131 2101 dicit
149 2035 208 2111 eis,
224 2034 304 2111 Ave,
319 2035 538 2102 communicat
553 2034 704 2124 operibus
717 2057 830 2100 eorum
844 2032 965 2100 malis⁸.
980 2063 993 2098 ι
1008 2033 1064 2101 ld-

6 2161 89 2231 tqua
109 2139 197 2208 haud
215 2164 292 2208 sana
312 2143 369 2208 ahs
390 2165 436 2207 re.
461 2141 557 2208 «Noa
574 2140 663 2208 enim
680 2153 728 2206 est
747 2138 830 2206 salus
849 2141 965 2230 impiis,
987 2141 1065 2212 dicit

6 2271 33 2316 :a
50 2252 210 2320 Dominus
221 2250 243 2318 ⁴.
259 2279 273 2316 ι
292 2252 387 2342 lmpii
401 2252 500 2328 enim,
523 2251 587 2333 imo
602 2251 690 2317 omni
704 2251 867 2340 impietate
882 2247 1067 2318 sceleratio·

6 2381 77 2431 ·ares
98 2364 150 2430 isti
172 2375 259 2440 sunt,
278 2364 333 2452 qui
352 2362 426 2430 coeli
445 2385 484 2430 ac
501 2373 595 2430 tarra
610 2362 823 2438 conditorem,
840 2359 942 2428 salum
960 2361 1064 2429 Deum

6 2474 297 2562 nomnipotentem‚
318 2485 434 2563 praeter
449 2495 545 2562 quam
559 2472 645 2540 Deus
659 2471 739 2538 alius
754 2470 861 2538 nullus
875 2484 936 2550 est,
953 2495 993 2567 ex
1007 2472 1067 2538 de·

6 2583 127 2658 flecta,
142 2605 245 2671 eoque
260 2605 300 2649 ex
313 2581 375 2650 alio
390 2581 517 2650 delectu
532 2592 616 2659 orto,
633 2582 827 2672 productum
842 2603 911 2647 essa
926 2580 1059 2650 dicunt:

21 2694 68 2758 its
90 2703 138 2768 ut,
158 2691 200 2758 de
218 2715 332 2758 eorum
349 2705 457 2760 mente
474 2715 515 2760 ac
533 2693 702 2768 sententia,
722 2691 851 2758 ater-tio
867 2689 994 2756 deiectu
1009 2714 1065 2756 or-

10 2815 96 2867 tum
112 2801 253 2868 traxerit.
272 2801 379 2882 Quam
393 2803 524 2891 quidem
535 2801 726 2868 sententiam
739 2801 884 2890 prosecta
898 2799 1065 2866 exsufflare

6 2878 58 2980 ect
86 2912 246 2978 exsecrari
272 2912 440 2990 debemus,
461 2911 639 3001 proculque
660 2913 700 2976 ab
721 2909 913 2999 maingenae
937 2931 1064 2998 quoque

6 3020 259 3122 'asseverantiua
273 3018 461 3108 loquuntur,
480 3029 577 3107 atque
592 3018 728 3086 iurantis
741 3019 805 3084 suis
820 3018 993 3107 impensius
1009 3019 1066 3084 ab·
1103 3061 1109 3070 -

16 3131 200 3204 lactantur,
216 3151 255 3194 eo
270 3128 369 3216 magis
384 3148 571 3215 persuasum
586 3126 705 3194 habere
720 3149 775 3194 eos
790 3150 808 3192 a
824 3125 983 3195 malorum
997 3127 1064 3216 api·
1164 3133 1168 3138 “

16 3242 151 3310 rituum
165 3236 308 3326 ogdoade
318 3237 538 3302 vehementius
552 3237 662 3303 afflari.
682 3237 963 3318 Quemadmodum
977 3237 1065 3304 enim

6 3347 106 3437 niqui
127 3346 162 3413 in
188 3345 372 3436 phrenesim
392 3345 586 3424 inciderunt,
601 3371 666 3438 quo
681 3347 811 3416 eliusius
826 3348 944 3426 rident,
960 3371 999 3415 ac
1014 3370 1067 3414 va·

15 3461 96 3529 lere
114 3475 148 3523 se
165 3456 359 3532 existimant,
377 3466 474 3544 atque
490 3467 526 3520 ut
544 3455 611 3522 sani
631 3457 737 3524 omnia
757 3457 890 3534 iaciunt,
911 3455 1062 3524 nonnulla

6 3570 126 3674 tetipm
144 3589 240 3657 snpra
260 3589 357 3656 quam
375 3565 456 3642 sani,
477 3587 516 3633 eo
535 3567 661 3656 gravius
678 3589 718 3634 ac
735 3565 945 3657 periculosius
962 3589 1064 3656 aegro—

16 3688 123 3744 taut:
146 3675 188 3742 ad
209 3673 361 3742 eumdem
382 3674 516 3742 modum
533 3673 567 3742 hi
586 3697 725 3765 quoque,
746 3699 811 3766 quo
831 3676 931 3767 magis
950 3675 1063 3766 insigni

59 3827 72 3860 ¹
86 3823 153 3890 Cap.
165 3839 217 3885 ιιι,
228 3841 253 3874 ιι.
268 3825 292 3874 s.

58 3909 137 3960 ²Tit.
147 3925 186 3970 ιιι,
199 3927 237 3962 ιο.
248 3937 278 3948 -
289 3909 299 3946 ⁸
312 3928 325 3960 ι
337 3911 411 3962 lasa.
428 3929 465 3962 ιι.
478 3937 509 3952 -
519 3910 529 3946 ⁶
540 3912 607 3963 Erat.
620 3927 706 3974 ιιιιιι,
719 3929 755 3962 ιι.
