2646 4596
270 273 334 348 lob
565 295 677 339 aarum
700 293 819 338 susurru
842 296 995 338 usurariis

269 399 319 464 die
334 412 501 476 venerunt,
517 399 627 466 eadem
641 389 728 489 pene¹
738 402 843 468 omnia
863 415 1007 492 repetere
1021 400 1131 490 velot)
1149 405 1212 478 nisi¹
1224 407 1263 470 iu-

268 525 376 592 quam,
394 505 436 568 ita
452 505 503 579 sit,
519 505 685 573 calumniis
700 519 867 596 appetetur
880 510 978 584 Deus,
992 510 1079 596 quasi
1094 531 1151 576 nee
1163 511 1263 576 tutano-

267 633 339 676 rum
353 612 502 698 prescius
517 611 568 687 sit,
585 635 646 680 neo
661 615 807 680 eamdem
821 639 932 682 omnes
946 613 1100 703 justitiam
1114 637 1228 682 noscere
1240 631 1263 682 et

268 720 434 784 ohservare
457 719 603 786 docuerit
628 719 760 806 (multas
782 725 868 790 onim
888 725 1105 813 generationes
1126 725 1261 790 hominm

268 837 341 891 ante
355 825 474 891 Mosetn
491 827 586 892 luisse
601 820 734 918 liquet),
750 853 811 896 neo
825 853 897 896 vera
911 831 950 896 sit
962 831 1125 920 Scriptura
1136 833 1264 918 quatio

267 933 372 999 Deum
387 923 635 1000 esse've'rum'et
652 927 785 1024 justum,
806 951 838 1002 et
857 961 966 1004 omnes
986 941 1051 1005 vias
1073 941 1141 1026 ejus
1160 940 1262 1027 judicia,

265 1063 326 1110 neo
346 1065 414 1106 esse
434 1043 632 1130 iniquitatem
653 1045 686 1112 iu
707 1069 755 1110 eo.
781 1045 845 1110 Sed
862 1047 935 1133 quia
956 1070 1028 1112 veru
1049 1059 1097 1112 est
1117 1046 1262 1134 scripura.

264 1151 361 1216 etium
379 1150 465 1216 Deus
484 1151 560 1217 tales
578 1156 777 1242 vos'somper
793 1176 861 1222 esse
880 1178 944 1220 non
963 1153 1046 1230 vult,
1067 1155 1231 1242 insipientes
1241 1168 1265 1220 et

266 1260 361 1324 vestri
377 1272 531 1337 amantes,
548 1273 583 1326 ut
598 1283 673 1330 sum
688 1263 827 1338 Christo,
841 1263 895 1350 qui
909 1261 1027 1350 placuit
1044 1263 1127 1338 Deo,
1139 1277 1171 1329 et
1183 1265 1215 1329 ab
1226 1287 1265 1334 eo.
1321 1264 1322 1279 ¹

266 1379 301 1432 ut
325 1391 365 1432 ex
388 1379 569 1432 sanctorum
590 1367 820 1456 Prophetarum
842 1371 1043 1436 sermonibus
1070 1371 1267 1440 demonstrari.

264 1475 482 1541 testimonium
497 1476 633 1563 accepit,
649 1475 782 1541 salutem
796 1478 1017 1564 assequamini.

308 1583 425 1650 XClll'.
446 1581 525 1650 Nem
541 1605 611 1670 quae
626 1607 751 1672 semper
765 1594 797 1649 et
808 1585 926 1672 ubique
942 1587 1026 1673 justa
1041 1595 1133 1660 sunt,
1147 1597 1270 1650 aototam

168 1686 175 1697 '
264 1693 418 1781 justitiam
432 1691 465 1756 in
476 1691 743 1759 'omnihominum
757 1713 872 1780 genere
886 1691 1037 1758 exhibet:
1058 1714 1120 1758 neo
1135 1690 1223 1756 ullum
1234 1705 1271 1756 est

265 1826 362 1891 genus
381 1801 467 1887 quod
487 1801 609 1890 ignoret
628 1801 820 1867 adulterium
837 1825 906 1868 essa
924 1801 1046 1869 malum
1062 1815 1096 1867 et
1115 1801 1271 1868 lomioatie

265 1933 339 1975 nem
355 1920 389 1974 et
405 1909 613 1974 homicidium
627 1920 660 1974 et
675 1933 885 1998 quoecumque
903 1909 964 1974 alia
985 1909 1109 1976 similia.
1134 1911 1206 1988 Quae
1220 1911 1272 1996 qui·

265 2021 339 2085 dem
350 2018 471 2084 etiamsi
482 2041 592 2083 omnes
603 2017 731 2095 faciant,
741 2043 805 2084 non
817 2029 924 2085 tamen
936 2031 1150 2105 assequuntur
1159 2027 1203 2092 at,
1214 2039 1273 2082 cum

265 2149 302 2192 ea
317 2126 449 2202 saciant,
466 2125 605 2213 iniqueo
625 2149 658 2190 se
673 2125 743 2190 fieri
760 2126 918 2213 ignorent,
938 2126 975 2190 iis
992 2107 1133 2214 exceptis
1147 2125 1275 2211 quinon

266 2258 328 2322 que
343 2236 467 2322 impuro
486 2234 599 2322 spiritu
619 2231 717 2321 pleni,
739 2231 786 2298 vel
807 2255 902 2320 prava
921 2233 1130 2308 institutione,
1150 2243 1180 2297 et
1198 2229 1275 2296 malis

266 2343 422 2416 moribus,
445 2363 484 2406 ac
511 2340 637 2404 nefariis
660 2337 780 2427 legibus
803 2339 941 2426 corrupti
967 2337 1123 2404 naturales
1144 2336 1275 2402 notiones

268 2450 454 2524 amiserunt,
472 2448 522 2514 vel
529 2449 633 2536 potius
641 2449 867 2522 exstinxerunt,
883 2460 937 2511 aut
945 2445 1094 2512 inhibius
1105 2443 1277 2511 conpacti-

266 2559 340 2632 dsre
365 2558 450 2622 enim
476 2567 524 2622 est
545 2557 642 2622 etiam
658 2555 815 2644 ejusmodi
834 2555 977 2620 homines
997 2555 1110 2622 eadem
1129 2555 1191 2642 pati
1208 2549 1279 2618 nolle

266 2687 336 2753 quoe
356 2665 415 2752 ipsi
433 2663 501 2730 aliis
520 2663 653 2738 faciunt,
673 2685 711 2728 ac
730 2663 788 2728 sibi
808 2664 942 2728 invicem
959 2663 1086 2728 inimica
1102 2662 1279 2728 conscientia

265 2775 457 2862 exprobrare
471 2794 541 2860 quae
555 2783 747 2860 perpetrant.
768 2770 858 2836 Unde
871 2770 947 2836 mihi
959 2769 1112 2858 praeclare
1128 2795 1147 2835 a
1162 2769 1281 2835 Domino

266 2893 375 2952 nostro
393 2895 426 2949 et
440 2880 605 2947 'salvatore
624 2879 701 2944 lesu
721 2879 847 2944 Christo
866 2879 987 2944 dictum
1008 2879 1151 2953 videtur,
1175 2875 1282 2941 duobus

267 2993 434 3080 praeceptis
453 2990 606 3078 justitiam
625 3011 753 3054 omnem
771 3000 803 3052 et
820 2987 970 3076 pietatem
988 2985 1181 3074 adimpleri:
1199 2981 1283 3050 «nit

268 3129 281 3164 s
297 3123 350 3189 ges
368 3099 543 3165 Dominum
561 3098 664 3164 Deum
683 3107 774 3160 tuum
796 3119 834 3160 ex
853 3106 921 3160 toto
937 3095 1106 3161 cordetuo
1126 3107 1162 3159 st
1177 3091 1285 3158 eatotis

267 3236 280 3270 a
295 3207 413 3272 viribus
425 3205 500 3281 tuis,
512 3217 544 3268 et
554 3203 732 3291 proximum
744 3214 836 3266 tuum
847 3201 929 3267 sicut
941 3201 1078 3289 teipsum
1087 3198 1113 3264 ¹.
1126 3229 1140 3263 ι
1155 3200 1236 3267 Nam
1246 3198 1287 3284 qui

268 3339 307 3382 ex
320 3327 388 3382 toto
403 3313 500 3381 corde
517 3323 550 3377 et
568 3335 607 3376 ex
621 3311 696 3376 totis
711 3311 829 3376 viribus
849 3309 949 3398 diligit
965 3310 1081 3383 Deum,
1102 3309 1132 3375 is
1152 3329 1230 3391 cum
1243 3307 1287 3394 pia

269 3424 432 3512 sententie
446 3420 557 3511 plenus
573 3420 624 3496 sit,
638 3417 762 3484 nullum
773 3419 870 3484 alium
884 3419 988 3485 Deum
1004 3415 1103 3488 colet;
1126 3417 1188 3482 sad
1198 3429 1290 3480 tamen

270 3533 426 3624 Angelum
438 3531 534 3596 etiam
548 3527 639 3594 illum
652 3528 720 3594 Deo
735 3529 864 3616 jubente
879 3525 974 3602 colet,
992 3548 1087 3612 quem
1103 3526 1178 3614 ipsc
1195 3521 1292 3614 Domi-

269 3667 328 3709 nus
346 3653 379 3706 et
393 3641 478 3707 Deus
494 3637 604 3728 diligit.
624 3639 664 3704 Et
683 3638 736 3725 qui
756 3638 933 3726 proximum
955 3633 1056 3724 diligit
1075 3647 1237 3722 tanquam
1254 3657 1293 3694 se

270 3753 386 3837 ipsum,
404 3747 526 3848 ⁴eadem
543 3745 588 3812 illi
604 3743 686 3814 hona
705 3769 743 3813 ac
757 3745 823 3834 ipse
844 3744 901 3810 sibi
916 3741 1047 3830 optabit.
1074 3741 1181 3808 Nemo
1197 3755 1295 3806 auten

304 3878 313 3911 ¹
324 3876 416 3926 Matth.
433 3891 494 3935 un,
505 3876 544 3940 37.
