2772 4620
220 163 285 226 διο
518 188 630 232 sartura
652 189 771 233 susurru
795 191 947 238 utrrrms

134 273 136 278 ¹
219 291 386 356 »hinnitus
407 315 562 380 equorum
583 315 622 358 ex
644 294 821 381 Ephraim¹.
847 295 924 362 »ilc
941 316 1052 360 rursus
1072 315 1136 382 per
1160 289 1259 356 Jem-

220 397 318 464 miam
334 422 341 463 :
361 399 581 488 «Congregate
597 423 707 468 carnes
722 411 839 468 vestras
859 413 892 466 ct
913 402 1071 476 victimam
1094 411 1132 464 et
1148 415 1258 465 come·

219 533 234 564 2
247 506 321 574 dita.
337 505 419 584 Quia
431 529 495 571 non
507 507 546 571 de
557 507 690 574 victimis
700 517 732 574 et
743 506 944 574 libationibus
955 507 1091 598 praeoepi
1103 507 1255 595 patribus

221 613 369 686 »restris
387 613 515 700 quodie
534 613 731 702 apprehendi·
746 637 875 680 manum
890 635 1000 680 eorum
1018 624 1055 678 ut
1073 613 1254 678 educerem

220 747 233 780 ι
249 743 303 783 eos
319 720 358 782 de
374 730 456 784 terra
467 718 594 810 AEgypti
602 721 623 784 ².
648 750 661 782 ι
677 722 716 786 Et
732 741 856 786 rursum
871 743 928 810 par
941 720 1095 787 Davidem
1118 719 1155 784 in
1175 740 1253 804 qua-

222 827 398 918 dragesimo
412 852 499 894 nono
513 829 635 895 Psalmo
656 831 701 894 sic
723 829 872 917 loquutus
888 839 936 894 ast
954 853 964 892 ε
982 854 994 887 α
1011 828 1098 894 Deus
1115 827 1254 892 deorum

222 964 235 996 ι
249 935 403 1000 Dominus
414 934 564 1024 loquutus
572 948 632 1012 ast,
644 947 677 1002 et
687 940 810 1005 vocavit
820 950 936 1003 terram
947 961 964 1002 a
977 934 1049 1002 solis
1061 947 1140 1002 ortu
1154 958 1254 1020 usque

223 1070 235 1102 ι
249 1043 290 1106 ad
305 1065 454 1109 occasum
467 1068 475 1108 ε
490 1069 529 1110 ox
540 1045 616 1111 Sion
628 1047 747 1135 species
760 1047 883 1112 decoris
895 1047 974 1134 ejus.
987 1045 1072 1110 Deus
1084 1043 1254 1109 manifeste

223 1163 236 1210 t
251 1151 366 1227 veniet,
379 1151 465 1216 Deus
477 1163 595 1227 noster,
609 1164 641 1217 ct
651 1177 718 1218 non
729 1152 840 1220 silebit.
855 1154 939 1242 lgnis
950 1154 983 1217 in
994 1161 1174 1240 conspectu
1186 1152 1254 1237 ejus

225 1259 388 1334 sordebit,
405 1269 437 1323 et
456 1261 490 1324 in
511 1260 646 1326 circuitu
666 1261 736 1346 ejus
755 1269 921 1348 tempestas
942 1257 1052 1325 valida.
1073 1257 1255 1324 Advocabit

225 1394 238 1426 ι
253 1365 370 1454 coelum
385 1388 509 1432 sursum
521 1376 553 1430 et
563 1376 682 1432 terram
693 1367 872 1432 discernere
884 1363 1037 1455 populum
1048 1389 1157 1430 suum.
1174 1366 1255 1430 Con

225 1503 237 1534 ι
251 1484 377 1562 gregata
394 1472 437 1538 illi
452 1485 577 1539 sanctos
591 1475 672 1561 ejus,
690 1476 744 1562 qui
761 1474 930 1562 disponunt
940 1483 1171 1544 testamentum
1185 1473 1254 1560 ejus

225 1609 238 1642 r
254 1605 347 1670 super
358 1582 510 1648 sacrificiu
525 1606 533 1646 ε
547 1593 580 1647 et
591 1583 824 1648 annuntiabunt
834 1581 904 1649 coeli
915 1582 1069 1669 justitiam
1078 1582 1167 1668 ejus,
1181 1605 1255 1668 quo

227 1718 239 1751 ι
256 1693 341 1756 niam
354 1692 440 1758 Deus
450 1693 546 1780 judex
560 1702 616 1756 est.
641 1690 723 1758 Audi
737 1691 872 1781 populus
887 1713 989 1765 meus,
1001 1701 1034 1756 at
1048 1689 1164 1775 loquar
1179 1690 1250 1760 tibh

227 1829 240 1860 ι
256 1799 365 1874 lsrael,
380 1811 413 1865 at
426 1799 619 1868 testificabor
632 1801 698 1866 tibi.
716 1800 813 1876 Deus,
828 1799 913 1865 Deus
925 1809 997 1863 tuus
1011 1821 1070 1886 ego
1083 1821 1169 1864 sum.
1186 1799 1254 1864 llon

228 1909 288 1972 »in
307 1907 469 1974 sacrificiis
492 1909 553 1972 tuis
574 1931 704 1996 arguam
723 1919 754 1972 ta
781 1931 789 1972 :
814 1905 995 1972 holocausta
1015 1915 1125 1972 autem
1147 1917 1205 1970 tua
1225 1909 1257 1972 iu

228 2026 427 2104 »conspectu
442 2038 514 2080 mco
533 2027 607 2080 sunt
622 2029 765 2104 semper.'
775 2015 845 2082 Non
860 2014 1014 2102 accipiam
1030 2012 1071 2077 de
1086 2013 1186 2078 domo
1203 2025 1257 2078 tua

228 2150 241 2181 s
254 2121 379 2196 vitulos,
397 2146 500 2209 neque
512 2123 552 2186 de
562 2124 776 2211 gregibustuia
788 2121 903 2188 hircos.
920 2121 1079 2199 Quoniam
1090 2143 1172 2186 meae
1183 2133 1259 2187 sunt

229 2257 241 2288 ι
257 2252 366 2293 omnes
378 2230 485 2294 hestiae
501 2231 578 2316 agri,
591 2252 705 2318 peoora
724 2231 756 2294 in
767 2231 927 2296 montibus
940 2241 973 2294 et
991 2230 1098 2294 bovas.
1113 2228 1259 2317 Cognovi

229 2337 359 2402 »omnia
376 2335 598 2402 volatiliacuali
619 2362 627 2402 ε
645 2349 678 2402 et
693 2339 813 2426 species
829 2340 895 2427 agri
910 2360 1037 2404 mecum
1055 2348 1114 2402 est.
1134 2337 1170 2402 si
1183 2360 1259 2401 esu-

230 2473 242 2506 »
257 2445 351 2518 riero,
368 2467 432 2509 nou
447 2444 551 2509 dicam
565 2445 623 2508 tibi
641 2468 648 2507 :
667 2467 757 2510 meus
769 2456 817 2510 est
831 2446 917 2510 enim
931 2444 1017 2510 orbis
1030 2455 1136 2518 terrae,
1149 2443 1260 2532 etple·

231 2579 243 2610 ι
259 2548 369 2614 nitudo
383 2551 462 2636 ejus.
482 2549 643 2639 Numquid
658 2550 858 2615 manducabo
874 2572 984 2616 carnes
999 2550 1187 2614 taurorum?
1201 2560 1260 2612 aut

231 2659 445 2747 »sanguinem
469 2657 633 2724 hircorum
657 2657 796 2746 potabo?
818 2655 948 2722 lmmola
971 2657 1038 2722 Deo
1065 2657 1258 2724 sacrificium

232 2767 358 2830 »laudis
377 2789 384 2829 :
405 2776 437 2830 et
455 2764 552 2830 reddo
568 2763 726 2832 Altissimo
742 2772 813 2829 vota
829 2775 894 2829 tua.
908 2767 948 2830 Et
963 2765 1070 2830 invoca
1086 2786 1137 2828 ma
1150 2764 1183 2826 in
1199 2763 1258 2825 die

233 2873 471 2940 »tribulationis
485 2896 492 2936 :
508 2882 540 2936 et
556 2895 665 2936 eruam
680 2883 723 2946 te,
736 2881 768 2934 ct
779 2870 1003 2937 honorificabis
1017 2892 1071 2936 me.
1087 2868 1250 2932 Peccatori

234 3012 247 3044 ι
263 2993 368 3066 autem
383 2981 459 3046 dixit
474 2981 579 3046 Deus:
596 2980 703 3057 Quare
718 2989 753 3042 tu
768 3001 895 3043 enarras
910 2980 1042 3065 justitias
1052 2998 1146 3049 meas,
1156 2985 1190 3040 at
1200 2997 1253 3040 as-

234 3090 358 3156 »sumis
383 3099 605 3154 testamentum
626 3101 735 3152 meum
752 3110 809 3175 per
828 3109 863 3152 os
881 3081 994 3152 tuum?
1012 3085 1061 3152 'l'u
1077 3107 1150 3149 vero
1164 3083 1258 3148 odisti

235 3233 248 3264 ι
265 3199 479 3289 disciplinam,
500 3209 532 3262 ot
553 3197 715 3285 projecisti
736 3219 895 3262 sormones
915 3219 1001 3262 meos
1021 3206 1203 3262 retrorsum.
1225 3191 1259 3257 Si

235 3338 248 3371 s
263 3308 389 3373 videbas
401 3305 515 3380 suram,
530 3305 679 3369 currebas
692 3326 766 3368 cum
777 3325 816 3368 eo
829 3326 837 3366 z
853 3314 886 3369 et
899 3324 973 3368 cunr
989 3301 1133 3368 adultero
1146 3299 1263 3389 portio-

237 3447 249 3479 »
264 3440 338 3482 nem
353 3427 438 3479 tuam
454 3414 604 3501 ponebas.
621 3411 665 3477 Os
679 3423 768 3478 tuum
779 3413 950 3478 abundavit
961 3410 1076 3476 malitia
1091 3431 1099 3472 :
1114 3419 1148 3474 et
1158 3407 1260 3496 lingua

238 3557 250 3588 s
262 3538 317 3590 tua
325 3521 875 3589 concinnabatdolositatemsodans
883 3521 1029 3586 adversus
1035 3518 1166 3584 fratrem
1173 3527 1262 3581 tuum

239 3664 252 3695 ι
266 3632 443 3719 loquebaris
457 3655 465 3694 :
482 3642 515 3695 et
529 3631 677 3696 adversus
692 3627 793 3693 lilium
813 3627 920 3695 matris
935 3637 998 3692 tusa
1013 3626 1154 3712 ponebas
1170 3645 1262 3690 scan-

271 3756 735 3816 tamnus,18.-²terem.vn,n.
