2640 4622
276 295 425 340 aracaeus
450 293 511 340 cau
535 295 696 339 rnrruonn
719 295 833 340 suano.
1004 273 1065 362 595
1156 330 1160 336 .

20 401 222 490 Scripturas
238 402 381 466 conferre
397 401 572 476 studemus,
588 402 717 467 minime
735 415 842 468 autem
857 395 998 490 pecuniae
1014 415 1068 468 aut

22 509 147 598 gloriae
168 511 352 598 cupiditate,
375 521 430 574 aut
450 534 557 576 amare
577 509 752 599 voluptatis.
776 510 906 577 Nullum
926 513 1011 577 enim
1029 535 1068 576 ex

24 619 85 684 his
107 631 159 682 est
178 617 273 692 vitiis,
298 618 389 705 cujus
404 631 469 682 ‘nos
491 619 656 706 quisquam
677 641 807 706 arguere
826 620 933 707 possit.
960 617 1069 706 Neque

25 727 127 791 enim
149 724 295 790 similiter
318 747 355 789 ac
375 726 532 814 principes
551 723 658 814 populi
680 727 772 792 vestri
790 727 894 792 vivere
909 726 1067 803 volumus,

28 835 157 920 quibus
176 834 261 899 Deus
278 833 340 898 hoc
354 835 508 920 probrum
526 835 659 921 objicit:
679 833 858 922 «Principes
877 837 971 902 vestri
992 835 1068 901 socii

32 973 50 1004 n
66 943 192 1018 furum,
216 942 377 1031 diligentes
400 942 494 1018 dona,
516 956 740 1031 persequentes
762 945 1060 1010 retributionem¹.r

32 1051 139 1130 Quod
160 1051 190 1122 si¹
208 1074 286 1138 qnos
302 1051 396 1115 etiam
412 1051 494 1115 inter
510 1073 567 1118 nos
583 1049 664 1136 tales
684 1051 845 1126 noveritis,
870 1075 911 1116 ne
926 1051 1068 1140 Scriptu-

30 1182 88 1222 ras
101 1158 223 1223 idcirco
236 1169 267 1222 et
280 1157 443 1224 Christum
456 1156 656 1248 blasphemiis
668 1159 834 1247 appetatis,
851 1169 905 1222 aut
915 1183 1009 1248 prave
1020 1160 1070 1225 in-

32 1267 209 1353 terpretari
226 1267 385 1331 studeatis.

82 1369 265 1436 LXXXIII.
290 1368 375 1436 Illud
394 1373 492 1446 enim,
510 1373 618 1438 «Dixit
638 1375 793 1440 Dominus
812 1374 951 1439 Domino
974 1397 1066 1440 meo:

33 1509 49 1542 a
67 1479 152 1544 Sede
172 1503 189 1544 a
210 1479 326 1545 dextris
342 1480 434 1554 meis,
455 1480 557 1546 donee
572 1504 688 1569 ponam
704 1483 847 1547 inimicos
862 1493 935 1546 tuos
951 1480 1072 1546 scabel-
1148 1470 1159 1492 ³

36 1616 52 1648 a
69 1585 138 1650 lum
152 1586 272 1674 pedum
283 1595 413 1650 tuorum
423 1584 448 1660 ²,
462 1614 474 1646 r
490 1587 531 1650 ita
547 1588 746 1675 Interpretari
761 1588 827 1652 ausi
844 1598 917 1652 sunt
932 1589 1071 1675 magistri

37 1695 151 1768 vestri,
174 1704 208 1757 ut
226 1694 259 1758 in
276 1693 446 1758 Ezechiam
461 1693 582 1790 dictam
600 1717 668 1758 esse
687 1695 928 1770 contenderent,
945 1696 1032 1782 quasi
1046 1696 1072 1760 is

40 1805 149 1889 jussus
169 1803 208 1866 sit
223 1802 256 1865 in
276 1801 384 1865 dextra
402 1812 491 1888 parte
506 1799 616 1889 templi
631 1803 740 1868 sedere
755 1802 885 1867 eumad
900 1827 974 1867 eum
989 1804 1073 1869 misit
1179 1787 1184 1798 Κ

42 1933 103 1973 rex
123 1909 324 1996 Assyriorum
345 1908 504 1985 minitans,
529 1910 620 1995 eique
641 1932 698 1998 per
717 1911 841 1975 Esaiam
862 1910 1071 1999 significatum

43 2028 95 2083 cst
116 2041 156 2083 ne
177 2018 263 2082 h'unc
284 2017 416 2082 timeret.
440 2017 544 2106 Atque
562 2019 660 2084 Esaiae
680 2019 808 2106 quidem
830 2020 913 2084 dicta
934 2021 978 2085 sic
997 2043 1072 2086 ere-

45 2125 130 2191 nisse
148 2134 183 2188 ut
198 2123 282 2189 dicta
297 2122 434 2200 lucrant,
447 2135 478 2190 et
489 2147 596 2214 regem
608 2124 806 2213 Assyriorum
822 2148 966 2192 aversum
976 2127 1070 2192 faisse

44 2233 215 2320 quominus
230 2231 406 2298 Jerusalem
420 2234 452 2298 in
469 2235 578 2299 diebus
593 2235 737 2300 Ezechiae
753 2246 959 2324 oppugnaret,
975 2247 1069 2323 atque

44 2343 85 2406 ah
102 2339 217 2429 angelo
225 2340 353 2406 Domini
369 2342 472 2406 occisa
488 2343 521 2406 in
539 2342 648 2408 castris
666 2343 865 2431 Assyriorum
884 2344 924 2408 ad
939 2356 1069 2410 centum

46 2451 205 2537 octoginta
221 2450 358 2538 quinque
376 2451 541 2516 hominum
556 2449 665 2526 millia,
682 2464 713 2515 et
728 2454 872 2517 novimus
887 2463 919 2516 et
935 2452 1069 2518 confite·-

45 2581 129 2624 mur.
152 2557 311 2624 Psalmum
332 2573 438 2626 autem
458 2561 490 2625 in
510 2583 584 2625 eum
608 2560 728 2625 dietum
748 2583 821 2626 non
833 2560 927 2624 luisse
948 2562 1070 2648 perspi:

46 2688 143 2731 cuum
158 2677 205 2732 cst
219 2691 228 2732 ε
245 2667 291 2733 sic
301 2669 386 2734 enlm
398 2667 515 2734 habet:
535 2668 644 2733 «Dixit
655 2668 809 2734 DomIaus
822 2669 958 2732 Domina
974 2691 1065 2732 mea:

45 2803 60 2836 r
76 2775 188 2840 Sedes
206 2776 321 2843 dextris
336 2778 427 2853 meis,
448 2777 551 2842 donec
565 2799 683 2865 ponam
702 2778 846 2842 inimIcos
861 2788 932 2840 tuos
949 2774 1072 2841 scabel-

48 2912 61 2946 η
76 2883 141 2948 lum
156 2885 273 2980 pedum
288 2896 426 2950 tuorum.
449 2883 578 2972 Virgam
593 2885 717 2949 virtutis
731 2885 853 2949 emittet
869 2908 963 2973 super
976 2884 1073 2949 Jeru-

51 2991 186 3067 ssalem‚
205 3005 237 3058 et
256 2994 471 3059 domInahitur
489 2994 521 3057 ln
537 2993 642 3057 medio
658 2992 857 3058 inimicorum
874 3017 1011 3082 suorum.
1033 2995 1071 3060 In

55 3098 243 3186 »splendore
264 3112 446 3166 sanctorum
462 3123 502 3166 ex
517 3111 606 3168 utero
627 3113 699 3168 ante
717 3101 898 3168 Luciferum
916 3104 1010 3189 genui
1026 3115 1067 3167 te.

55 3207 200 3272 »Iuravit
217 3207 370 3272 Dominus
387 3220 419 3274 et
438 3233 501 3276 naa
516 3211 681 3299 paenitebit
696 3232 791 3273 eum:
812 3207 861 3272 Tu
876 3233 910 3275 es
925 3210 1072 3274 sacerdos

53 3317 111 3381 »in
135 3326 288 3382 aeternum
314 3319 488 3384 secundum
509 3319 653 3384 ordinem
677 3317 969 3383 Melchisedech³.»
990 3319 1072 3383 Eze-

53 3427 154 3494 chiam
174 3426 270 3515 igitur
291 3450 354 3492 non
373 3450 440 3491 esse
461 3426 656 3492 sacerdotem
675 3427 709 3491 in
728 3438 881 3492 aeternum
897 3427 1073 3491 secundum

56 3535 192 3600 ordinem
212 3533 457 3608 Melchisedech,
479 3534 548 3623 quis
569 3557 636 3598 non
654 3534 809 3599 fateatur?
830 3534 990 3600 Nec-eum
1004 3557 1073 3600 esse

55 3642 222 3710 Ierusalem
237 3642 452 3719 liberatorem,
469 3643 538 3732 quis
553 3643 674 3710 nescit?
688 3643 755 3710 Nee
766 3665 840 3708 eum
855 3642 887 3708 in
900 3644 1009 3709 urbem
1020 3643 1072 3710 Je-

56 3751 279 3840 rosolymorum
295 3754 414 3842 virgam
429 3753 550 3818 virtutis
562 3754 714 3830 emisisse,
730 3777 800 3842 qum
816 3753 973 3819 dominata
988 3753 1027 3820 sit
1039 3753 1072 3818 ia

86 3881 198 3944 thaat,
214 3881 629 3944 25.-²1’sa1.011,1.-⁸1tta
