2640 4622
285 269 434 314 ursaceus
458 265 519 312 con
542 265 705 310 rauracus
726 267 842 312 sunno.
1013 247 1077 333 ἔῃ

51 404 66 438 s
84 389 153 439 tum
172 375 299 439 sitiens:
314 371 448 437 exsultet
466 369 614 445 solitudo,
632 381 664 435 et
681 369 793 436 lloreot
806 373 895 461 quasi
906 370 1027 437 lilium:
1046 385 1079 439 ct

51 511 68 543 »
84 482 283 546 efflorescent
297 489 330 543 et
340 475 542 543 exsulabunt
557 475 678 540 deserta
691 475 839 554 «lordonis
851 502 860 542 τ
874 489 905 543 et
918 477 1013 567 gloria
1025 477 1079 544 Li-

50 617 67 650 »
81 589 158 654 bani
174 588 245 652 data
261 575 365 660 citui,
385 595 417 648 et
431 584 534 650 bonor
549 581 695 648 Carmeli.
718 585 757 648 Et
774 585 907 673 populus
926 609 1015 650 meus
1032 587 1080 652 ri-

52 696 174 760 sdcbit
194 694 391 758 altitudinem
410 691 537 758 Domini
559 703 590 756 et
609 689 740 779 gloriam
758 692 826 757 Dei.
850 693 1079 758 confortamini

55 831 69 864 s
86 789 200 867 manus
212 801 361 876 rcmissae,
376 810 408 864 et
420 821 519 887 genua
535 797 695 864 dissolutas
715 797 925 866 Consolamini
941 825 1008 876 ros,
1024 825 1080 890 pu-

56 939 70 974 »
88 909 263 976 sillanimes.
274 909 381 981 corde,
397 906 629 982 confortamini,
645 905 741 972 nolito
756 910 876 973 timere.
897 909 980 974 Ecce
994 909 1078 974 Deus

55 1030 197 1082 snostcr
215 1016 370 1104 judicium
390 1013 554 1088 retribuit,.
569 1021 601 1078 ct
621 1015 775 1079 retribuet
793 1038 802 1078 ι
825 1017 891 1103 ipso
911 1001 1026 1091 reniet,
1048 1028 1080 1080 et

54 1121 223 1188 »salvabit
238 1145 304 1186 nos.
330 1119 421 1186 Tunc
442 1120 620 1208 aperientur
640 1119 724 1184 oculi
748 1143 918 1196 cecorum,
931 1134 972 1186 et
989 1145 1080 1187 aures

54 1229 252 1294 »surdorum
275 1228 414 1292 audient.
437 1226 529 1293 Tunc
554 1223 641 1292 saliet
662 1227 742 1293 sicut
762 1251 873 1296 cerrus
889 1227 1030 1304 claudus,
1049 1241 1081 1294 et

55 1365 69 1398 s
84 1337 229 1426 expedita
244 1338 304 1402 crit
318 1335 423 1426 lingua
438 1335 628 1420 balborum:
650 1338 721 1425 quia
738 1339 834 1404 scissa
850 1340 944 1403 estin
960 1338 1081 1403 desorto

54 1474 68 1507 s
83 1469 179 1532 aqua,
195 1458 228 1511 et
245 1457 367 1510 torrens
387 1447 519 1512 interra
535 1445 673 1510 sitienti:
692 1457 723 1511 et
738 1445 798 1510 erit
812 1449 964 1535 inaquosa
979 1445 1011 1510 in
1025 1467 1082 1533 pa-

53 1552 194 1619 »ludcat
218 1567 252 1618 et
271 1557 303 1620 in
322 1554 446 1620 sitiente
464 1566 547 1617 terra
567 1547 636 1618 sons
655 1575 743 1639 aqum
761 1551 852 1618 erit¹.
868 1553 980 1618 »Fons
995 1575 1082 1639 aquae

53 1663 133 1728 vivae
148 1686 166 1727 a
181 1663 249 1728 Deo
265 1661 297 1725 in
314 1673 409 1738 terro,
427 1671 584 1748 quantum-
595 1660 637 1724 ud
651 1661 863 1747 cognitionem
875 1661 933 1725 Dei
949 1671 1081 1746 spectat,

55 1767 194 1842 deserto,
208 1767 350 1854 gentium
362 1765 519 1841 uidelicet,
532 1765 693 1830 scaturivit
704 1766 756 1830 hic
769 1765 923 1840 Christus,
940 1767 992 1851 qui
1008 1778 1040 1830 ct
1049 1767 1082 1830 in

55 1889 160 1941 rostra
174 1887 269 1962 gente
279 1875 434 1961 apperuit,
448 1893 485 1938 ae
496 1873 639 1938 homines
652 1876 690 1938 ab
704 1875 770 1961 ipsc
782 1885 854 1939 ortu
865 1874 1083 1939 etsocundum

58 2003 190 2046 earnem
205 2001 305 2045 caecos
320 1991 352 2042 ct
367 1979 477 2043 surdos
492 1991 524 2042 et
543 1978 670 2044 claudos
688 1982 819 2056 sanavit,
836 1983 933 2045 verbo
948 2004 1004 2046 suo
1019 1981 1083 2046 effi-

57 2088 147 2153 ciens
163 2097 198 2149 ut
212 2084 290 2149 alius
305 2083 433 2170 quidem
448 2082 595 2159 exsiliret,
612 2083 689 2148 alius
704 2085 839 2158 audiret,
856 2086 936 2150 alius
949 2088 1078 2152 rideret.

57 2194 241 2273 Quinetiam
252 2201 394 2256 mortuos
405 2192 599 2262 exsuscitans
608 2201 641 2254 et
655 2192 727 2258 vitea
742 2193 922 2267 restituens,
938 2196 1032 2259 atium
1042 2217 1082 2260 cx

55 2302 204 2390 operibus
227 2300 370 2364 homines
389 2297 472 2362 illius
489 2297 588 2362 aetatis
611 2297 771 2362 excitabat
783 2311 820 2362 ut
837 2321 911 2362 curn
929 2303 1081 2387 agnosce·

55 2421 138 2474 rent.
155 2409 209 2472 lsti
225 2418 331 2472 nutem
342 2429 417 2472 cum
427 2406 496 2471 haec
510 2405 606 2470 etiam
616 2403 686 2468 lieri
697 2404 852 2480 viderent,
865 2408 1001 2496 magicus
1013 2433 1081 2475 csse

56 2513 228 2604 praestigias
242 2515 407 2585 dicebant:
426 2535 500 2578 curn
515 2513 600 2577 enim
615 2533 744 2600 magum
759 2523 790 2577 et
805 2512 913 2600 populi
929 2515 1081 2602 decepto-

56 2647 125 2688 rcm
141 2623 244 2688 dicere
260 2622 428 2686 audebant.
452 2621 529 2686 Hac
545 2631 653 2684 antem
670 2619 736 2705 ipsc
750 2641 790 2683 eo
806 2642 933 2708 quoquc
948 2622 1080 2690 consilio

55 2731 201 2806 faciebat,
214 2741 248 2794 nt
258 2727 530 2795 etcrediturissibi
541 2727 722 2791 bominibus
732 2727 948 2812 persuaderet,
958 2729 1081 2794 etiamsi

57 2839 125 2925 quis
143 2836 248 2925 aliquo
266 2836 410 2924 corporis¹
424 2835 499 2900 vitio
518 2832 653 2907 laborat,
673 2833 769 2896 modo
785 2833 903 2897 tradita·
918 2853 984 2898 ase
999 2859 1081 2922 prra-

58 2957 148 3031 cepta
168 2943 336 3017 custodiat,
358 2943 516 3028 integrum
536 2937 626 3003 illum
646 2961 664 3002 a
685 2960 718 3002 se
736 2939 770 3002 in
787 2940 928 3004 secundo
947 2963 1004 3006 suo
1023 2942 1081 3006 ad·-
1170 2929 1172 2934 ’

59 3063 167 3124 ventu,
184 3071 221 3114 ac
233 3043 384 3136 praterea
399 3045 625 3122 immortalens,
637 3057 674 3109 et
693 3047 902 3133 corruptionis
918 3059 953 3114 et
965 3048 1080 3114 doloris

59 3167 220 3245 expertem
234 3156 404 3219 excitatum
418 3155 473 3218 iri..

102 3260 203 3328 LXX.
224 3261 306 3325 Cum
324 3273 430 3325 autem
445 3261 465 3324 ii
480 3261 534 3349 qui
548 3261 671 3326 Mithrae
686 3261 815 3326 madunt
829 3265 990 3349 mysteria,
1007 3285 1082 3330 eum

58 3381 197 3460 expetra
208 3370 350 3458 genitm
368 3369 490 3444 dicunt,
506 3382 538 3434 et
550 3368 733 3458 speluncam
748 3370 981 3437 vocant-locum
992 3371 1082 3436 illum

60 3477 111 3542 ubi
127 3479 168 3543 ab
178 3501 217 3542 co
229 3476 344 3542 initiari
358 3475 591 3565 perhibentem
606 3477 659 3564 qui
671 3476 728 3566 ipsi
745 3477 901 3550 creduntr
914 3503 1020 3545 nonne
1029 3479 1082 3546 bie

60 3583 125 3651 illos
146 3585 284 3650 imitatos
303 3585 369 3651 scio
391 3585 423 3650 id
441 3586 528 3672 quod
546 3583 715 3650 a'Daniele
729 3587 849 3651 dicmm
865 3596 932 3662 estr'
945 3587 1080 3677 lapidem

61 3695 227 3760 abscissum
242 3717 311 3760 esse
325 3695 392 3760 siue
406 3694 553 3760 manibus
568 3715 607 3759 ex
626 3713 743 3782 magno
756 3706 875 3773 monto,
891 3708 924 3763 at
939 3699 1023 3788 qnod
1039 3701 1078 3766 ab
1146 3689 1151 3696 ’

91 3818 174 3868 ¹Esai.
185 3833 258 3878 xxxv,
273 3836 293 3868 r.
