2684 4638
261 305 323 385 548
576 329 689 373 casuri
715 327 828 373 insuar
851 327 913 371 un.
941 327 980 371 ιιι

260 437 386 512 renim,
411 435 524 524 inquit,
543 435 708 501 Cornelius
728 436 782 502 hic
804 434 984 525 religiosus,
1002 444 1039 500 et
1066 433 1192 498 timens
1214 431 1284 498 &ur

260 573 274 605 »
290 567 365 611 cum
379 556 445 609 tota
461 542 556 610 domo
572 567 641 618 sua,
654 555 686 610 ct
703 543 821 611 inciens
832 542 1062 630 eleemosynas
1078 540 1205 608 multas
1221 543 1291 630 inps

192 695 197 716 .
260 651 378 742 ripule,
399 664 432 718 et
451 675 545 718 orans
568 653 671 720 Deum
694 675 827 742 semper.
849 651 939 718 Vidit
966 675 1067 740 ergo,
1095 651 1190 717 circa
1209 651 1293 716 hono

261 788 274 824 ι
291 783 408 826 nonam
422 761 497 836 dici,
513 759 671 852 Angelum
687 761 745 828 Dei
760 761 933 827 intrantem
949 759 993 826 ad
1010 783 1063 835 sc,
1077 773 1116 824 et
1134 760 1293 825 diccntaen:

262 899 274 934 ι
289 869 506 958 Eleemosynae
521 884 584 938 tue
600 871 812 940 ascenderunt
827 871 859 936 in
875 869 1296 938 recommemorationemu

263 1007 276 1040 r
292 991 467 1067 conspectu
482 978 550 1046 Dei.
569 981 703 1068 Propter
717 977 805 1066 quod
820 978 910 1043 mitte
926 979 968 1043 ad
982 977 1188 1052 Simonem,
1204 979 1253 1064 qui
1265 1001 1299 1036 ro

263 1100 384 1156 »catur
409 1089 553 1157 Petrus¹.
578 1091 719 1156 »Petrus
740 1101 847 1155 nutem
875 1111 951 1154 cum
977 1087 1125 1154 vidisset
1156 1086 1299 1154 revelatis·

266 1219 353 1273 uem,
374 1198 407 1264 in
427 1219 489 1287 qua
505 1197 668 1288 respondit
682 1198 723 1262 ad
737 1221 812 1264 eum
828 1195 966 1262 coeiestis
981 1220 1048 1262 vox
1073 1219 1083 1261 ε
1105 1223 1121 1258 ι
1140 1197 1227 1276 Quas
1240 1197 1296 1264 Dru

264 1306 488 1384 »emundavit
509 1319 548 1373 tu
569 1329 610 1372 ne
632 1329 803 1372 commune
824 1303 978 1378 dixeris¹3
995 1332 1012 1366 ι
1027 1303 1101 1370 hoc
1127 1305 1221 1382 ideo,
1243 1331 1293 1392 qne

266 1415 352 1480 niam
375 1415 429 1503 qui
454 1438 512 1503 per
534 1415 652 1503 Legem
673 1414 757 1478 inter
779 1413 899 1480 munda
920 1422 953 1477 et
973 1411 1160 1478 immunda
1185 1413 1292 1478 diatim

266 1525 365 1598 Deus,
381 1523 435 1590 hic
445 1523 628 1589 emundavit
642 1521 761 1586 Gentes
777 1544 835 1608 per
850 1520 1040 1609 sanguinem
1052 1519 1139 1586 Filii
1150 1522 1289 1610 satque

266 1646 299 1699 ct
314 1632 480 1700 Cornelius
495 1629 630 1698 colebat.
649 1629 701 1696 Ad
722 1651 818 1717 quem
839 1627 951 1694 Petrus
966 1627 1109 1696 veniens
1128 1629 1214 1696 dixit
1230 1653 1239 1694 ε
1254 1633 1288 1696 ri:

269 1772 282 1806 i
298 1743 428 1809 veritate
450 1742 592 1831 comperi
614 1739 767 1829 quoniam
781 1751 909 1805 nonest
924 1761 1152 1828 personarum
1173 1759 1283 1830 accept·

270 1881 283 1914 s
300 1851 397 1928 Deus,
413 1850 469 1918 sed
487 1851 520 1916 in
535 1850 622 1916 omui
639 1860 746 1937 gente,
763 1848 817 1936 qui
831 1847 922 1914 timet
937 1871 1012 1914 eum
1028 1861 1064 1914 et
1080 1863 1242 1938 operatur
1252 1853 1283 1938 ju

270 1962 413 2036 sutiam,
430 1957 631 2048 acceptabilis
646 1958 675 2023 ci
698 1956 776 2024 est⁸.
795 1956 988 2024 »Manifeste
1009 1957 1220 2048 significans,
1236 1983 1288 2047 qur

272 2070 357 2137 nium
373 2091 468 2158 quem
483 2080 575 2135 antea
596 2068 701 2134 Deum
716 2067 848 2134 timebot
863 2065 1046 2142 Cornelius,
1062 2091 1174 2156 quem
1190 2069 1288 2158 perit·

271 2204 345 2269 gom
357 2189 391 2246 et
405 2178 578 2268 Prophetas
600 2178 755 2253 audierat,
773 2190 905 2267 propter
924 2199 1020 2264 quem
1040 2188 1077 2244 et
1094 2177 1289 2266 eleemosym-

272 2287 421 2363 faciebat,
437 2286 490 2354 hic
506 2289 538 2355 in
554 2287 684 2354 veritate
700 2298 748 2352 est
762 2287 858 2353 Deus.
874 2285 991 2352 Deerat
1006 2299 1124 2354 autem
1142 2290 1173 2356 ei
1188 2291 1287 2378 agnitis

272 2397 407 2485 Propter
421 2396 508 2484 quod
522 2395 640 2483 adjecit
654 2417 662 2459 ε
682 2393 769 2461 «Vos
781 2394 867 2462 scitis
882 2394 969 2482 quod
981 2393 1109 2462 iactum
1123 2411 1175 2464 est
1186 2401 1289 2465 subm

274 2529 358 2595 »per
373 2527 503 2572 omnem
517 2503 661 2572 tudem
675 2526 684 2569 t
698 2505 852 2594 incipiens
866 2504 952 2571 enim
967 2527 986 2570 a
1001 2504 1141 2574 Galilaea
1158 2523 1226 2598 post
1240 2511 1283 2595 tu

275 2616 429 2682 »tismum
452 2614 539 2702 quod
560 2614 742 2704 predicavit
763 2615 902 2682 Joannus
930 2637 939 2679 ε
966 2615 1080 2682 Jesum
1102 2643 1125 2684 a
1149 2619 1286 2686 Naum.

277 2753 290 2786 s
304 2723 573 2812 quemadmodum
586 2723 676 2788 unxit
685 2747 760 2789 eum
772 2723 857 2789 Deus
869 2722 991 2813 Spiritu
1002 2736 1118 2791 sancto
1131 2739 1170 2794 et
1182 2729 1285 2793 virtute:

277 2835 372 2924 »ipse
387 2833 532 2901 circuivit
553 2831 753 2900 benefaciens
768 2845 800 2899 et
823 2856 936 2901 curans
958 2855 1070 2899 omnes
1094 2836 1157 2922 qui
1181 2837 1293 2926 opprei

278 2974 291 3010 s
307 2955 397 3010 erent
408 2966 426 3008 a
438 2942 578 3020 diaholo,
590 2943 739 3033 quoniam
749 2943 836 3010 Deus
847 2954 916 3010 erat
930 2965 1006 3010 cum
1021 2967 1072 3010 eo.
1091 2945 1138 3010 Et
1155 2971 1216 3012 nos
1227 2959 1296 3012 teste

278 3079 414 3122 »sumus
425 3053 570 3122 omnium
585 3077 695 3122 eurum
706 3077 777 3144 quae
788 3055 863 3122 iecit
873 3067 906 3122 et
923 3055 956 3122 in
968 3057 1098 3146 regione
1114 3057 1138 3124 J
1141 3059 1299 3127 udeonm.

279 3174 339 3228 set
364 3163 397 3230 in
418 3160 639 3230 Hierusalem:
664 3186 759 3250 quem
780 3163 1008 3232 interfecerunt
1030 3169 1303 3254 suspendentrsir

280 3273 404 3364 »ligno
422 3273 516 3340 Hunc
533 3272 620 3340 Deus
635 3273 782 3342 excitarit
797 3275 890 3342 tertia
907 3275 971 3352 dic,
986 3288 1019 3354 et
1040 3273 1130 3342 dedit
1156 3301 1238 3345 cum
1253 3303 1306 3344 ma·

282 3411 295 3446 »
312 3381 459 3448 niscttum
475 3381 557 3458 fieri,
573 3406 637 3449 non
653 3383 740 3448 omni
753 3382 885 3472 populo,
901 3385 957 3450 sed
972 3385 1108 3452 testibus
1122 3389 1224 3456 nobis
1238 3413 1307 3479 pra·

281 3523 294 3556 s
306 3491 468 3559 destinatis
480 3515 498 3557 o
509 3491 588 3566 Deo,
600 3491 655 3578 qui
666 3514 740 3558 cum
752 3515 792 3558 eo
803 3503 837 3558 et
848 3490 1109 3560 manducavimus
1122 3508 1158 3562 et
1180 3498 1310 3562 bihimu

281 3613 378 3692 »post
392 3601 657 3667 resurrectionem
671 3624 690 3665 u
702 3601 846 3668 mortuis.
864 3601 905 3666 Et
920 3605 1072 3692 precepit
1085 3603 1184 3670 nobis
1199 3629 1311 3672 annun·

282 3738 296 3772 ι
309 3709 388 3774 tiarc
399 3706 529 3796 populo,
542 3719 575 3774 ct
585 3705 759 3784 testificari,
774 3708 925 3794 quoniam
936 3709 1002 3797 ipse
1014 3721 1061 3775 est
1073 3711 1310 3799 praedestinatus

282 3840 327 3883 »a
347 3818 415 3884 Deo
435 3817 532 3905 judex
554 3818 697 3884 vivorum
716 3828 749 3882 et
771 3829 981 3886 mortuorum.
1005 3819 1087 3888 Huic
1103 3843 1220 3890 omncs
1242 3821 1308 3887 Pm-

317 3947 393 3996 ΙΛοῑ.
404 3963 429 4006 1,
444 3963 452 3994 ι
464 3956 490 3996 ut
500 3961 572 4011 seqq.
586 3943 706 3994 -21te'd.
721 3947 756 3996 ιδ.
770 3943 891 3994 -³1t2'd.
904 3945 944 4003 54,
959 3946 1000 3996 3⁵.
