2586 4642
412 393 533 440 sununs
558 391 708 438 bnassus.
1011 375 1074 462 495

20 501 219 591 pietatem
241 515 274 568 et
296 501 485 591 injustitiam
502 521 614 567 eorum
637 500 819 576 homiuum,
837 499 891 590 qui
912 503 1076 572 veritatem

31 612 96 680 in
110 613 267 703 injustitia
287 609 461 679 detinent¹.
483 638 496 672 s
512 611 553 676 Et
568 609 838 700 quemadmodum
854 611 897 679 ihi
913 613 946 678 in
961 613 1079 706 AEgyp-

15 741 110 796 tos,
128 721 188 810 qui
202 717 319 823 injuste
335 718 511 810 puniebant
523 715 633 793 lsrael,
647 717 784 784 vindicta
796 741 814 783 a
826 717 894 786 Deo
904 719 1017 799 heheu
1032 724 1079 792 sie
1188 749 1192 756 ·

18 841 45 892 t
78 829 162 906 hie,
174 827 313 895 Domino
327 825 458 916 quidem
477 824 604 892 dicente
625 847 660 889 :a
677 825 763 892 Deus
780 837 887 892 autem
903 851 968 895 uon
983 829 1076 898 laeiet

33 936 244 1003 vindictam
254 933 431 1003 electorum
442 954 586 1008 suorum,
598 931 792 1020 quicumque
804 933 942 1002 clamant
952 937 1078 1006 adeum

46 1046 122 1112 die
140 1058 175 1113 et
192 1043 308 1114 noete?
324 1045 430 1112 Etiam
449 1043 522 1110 dieo
541 1042 642 1120 vobis,
662 1041 758 1110 saciet
778 1044 950 1112 vindictam
967 1071 1079 1116 eorum

46 1157 138 1223 cito
146 1153 175 1229 ’ς
188 1179 201 1218 s
214 1167 247 1220 et
257 1151 463 1244 Apostolo‚iu
473 1173 511 1218 ea
520 1175 590 1242 que
599 1164 649 1218 est
658 1151 700 1217 ad
710 1151 1005 1224 Thessalonicenses
1016 1161 1081 1250 epi·

8 1263 136 1340 stola,
154 1263 213 1329 istu
232 1262 443 1352 predicante:
463 1259 520 1326 «si
535 1259 665 1348 quidem
680 1260 801 1348 justum
814 1272 862 1328 est
877 1265 963 1352 apud
975 1267 1077 1335 Deum

8 1403 20 1435 ι
50 1373 251 1440 retribuere
263 1370 505 1437 retributionem
516 1368 565 1435 his
577 1369 630 1458 qui
643 1367 796 1438 tribulent
807 1394 874 1448 vos,
882 1385 916 1438 et
926 1374 1078 1466 vobisqui

8 1513 26 1544 ι
55 1478 497 1569 tribulaminhresrigerium
509 1477 689 1555 nobiseum,
706 1479 739 1544 iu
751 1477 942 1548 revelatione
952 1483 1080 1554 Domini

9 1621 30 1652 ι
54 1590 176 1658 nostri
191 1589 267 1656 Jesu
279 1587 398 1654 Christi
419 1586 459 1652 de
476 1583 559 1653 eoelo
576 1607 652 1653 eum
668 1585 796 1676 Angelis
812 1587 936 1655 virtutis
951 1592 1034 1679 ejus,
1050 1607 1083 1662 et

12 1731 34 1764 ι
58 1703 103 1768 in
115 1699 248 1768 flemma
261 1698 354 1788 iguis,
366 1697 442 1763 dare
454 1695 626 1763 vindictam
642 1695 674 1762 iu
693 1718 747 1763 eos
767 1698 905 1786 quinon
925 1718 1082 1771 noverunt

17 1845 39 1877 ι
61 1814 198 1888 Deum,
212 1822 245 1878 et
260 1811 293 1876 iu
307 1832 362 1876 oos
377 1809 509 1898 quinon
521 1806 678 1874 obediunt
693 1807 863 1900 Evangelio
874 1810 1002 1880 Domini
1014 1838 1084 1882 uos·

22 1951 43 1984 »
62 1921 114 1986 tri
127 1919 208 1986 «lesu
221 1917 337 1984 Christi
353 1940 362 1982 z
376 1916 430 2004 qui
442 1915 539 1984 etiam
555 1935 664 2004 penas
678 1915 820 2004 pendent
835 1918 980 1988 interitus
997 1935 1087 1991 aster·

27 2061 46 2092 ι
66 2053 134 2096 nus
147 2051 166 2092 a
178 2025 257 2094 faeie
273 2025 415 2100 Domini,
430 2035 463 2090 et
481 2045 499 2088 a
515 2021 614 2113 gloria
633 2023 758 2092 virtutis
773 2026 857 2114 ejus,
873 2033 1086 2100 cumvenerit

31 2169 50 2204 ι
69 2137 278 2228 magnificari
300 2135 333 2204 iu
352 2134 469 2202 sanetis
490 2133 568 2209 suis.
589 2144 622 2199 ot
640 2133 836 2204 admirabilis
852 2159 921 2205 esse
938 2141 1087 2210 omuibus

36 2280 53 2313 ι
70 2248 133 2338 qui
151 2242 378 2314 tereditlerunt¹
393 2271 406 2306 s
420 2242 454 2309 in
472 2263 558 2307 eum.

402 2458 554 2528 CAPUT
575 2459 744 2529 XXVlll.

48 2655 219 2733 lassiscente-t
231 2675 290 2714 esse
307 2655 359 2730 qui
373 2653 481 2714 Christi
494 2653 711 2716 misericordius
727 2669 936 2734 eeuggerantes,
945 2653 1091 2736 judicium

93 2767 225 2828 meeum,
235 2752 422 2834 utty'ormsque
437 2755 479 2814 N.
494 2755 658 2814 Testamenti
666 2757 788 2832 grutt'um
800 2768 959 2830 spectantes,
975 2745 1101 2838 majoris

95 2877 177 2927 uero,
193 2875 279 2929 quam
295 2875 314 2912 a
328 2845 405 2912 nobe
423 2855 521 2933 exigit,
539 2851 712 2934 perfectione}
729 2851 817 2926 oblt‘ti,
832 2853 950 2914 alterum
966 2856 1059 2918 Deum
1073 2881 1094 2920 a

99 2967 220 3013 creatore
234 2965 350 3013 statuere
367 2954 498 3012 minuatur.

108 3127 135 3193 l.
154 3125 235 3192 Cum
245 3145 321 3216 ergo
333 3124 387 3193 hio
400 3137 433 3191 et
445 3122 510 3192 illie
521 3122 632 3190 eudem
645 3123 686 3213 sit
696 3124 728 3190 iu
740 3123 929 3192 vindicando
946 3125 1013 3194 Deo
1023 3152 1092 3218 Jus-

58 3235 213 3313 titiuDei‚
226 3247 259 3302 ot
273 3235 338 3304 illie
348 3236 478 3327 quidem
494 3235 614 3326 typiee,
627 3247 661 3301 et
678 3234 905 3324 temporsliter,
922 3251 955 3304 et
970 3241 1094 3308 medio-

60 3347 165 3420 erius;
180 3345 235 3413 hie
255 3367 330 3412 vero
352 3367 438 3421 rere.
462 3356 495 3411 et
516 3367 654 3434 semper,
671 3356 704 3411 et
724 3345 894 3420 austerius;
914 3347 994 3438 ignis
1008 3353 1094 3420 euim

61 3469 215 3532 eternus,
227 3468 260 3522 et
271 3479 370 3545 quaeu
390 3455 472 3523 eoelo
491 3453 683 3523 revelabitur
698 3457 743 3522 irs
760 3455 818 3522 Dei
834 3479 852 3522 a
871 3455 952 3526 lseie
968 3461 1094 3532 Domini

63 3567 165 3635 nostri
177 3567 465 3655 (quemadmodum
475 3578 508 3632 et
518 3565 619 3634 David
630 3565 692 3632 uit:
706 3563 840 3634 «Vultus
849 3580 957 3635 autem
968 3570 1096 3644 Domini

64 3699 190 3766 »super
201 3675 350 3744 iacientes
362 3674 456 3752 mula,
471 3686 506 3740 ut
524 3676 637 3764 perdat
647 3675 686 3741 de
701 3687 785 3742 terra
804 3679 991 3748 memoriam
1008 3681 1090 3773 ipso.

64 3819 77 3850 ι
95 3809 169 3854 rum
179 3786 189 3820 ⁴
199 3789 227 3876 ),
238 3787 393 3877 majorem
406 3807 533 3876 poenum
544 3795 671 3875 prestat
681 3784 718 3850 iis
728 3785 782 3875 qui
793 3785 938 3854 insidunt
953 3790 985 3858 in
996 3815 1090 3860 eum:

100 3913 197 3964 ¹llom.
211 3931 230 3976 ι,
250 3913 431 3966 18.-·²buc.
448 3931 520 3976 usati,
535 3931 560 3979 7,
575 3914 598 3964 8.
617 3941 647 3954 -
662 3911 695 3964 ⁸2
705 3912 791 3965 Thess.
803 3911 881 3973 ubet
890 3931 961 3981 seqq.
974 3915 1098 3970 -ll'ss'.

67 4019 82 4050 ι
86 4017 181 4060 ιιιιιιι
186 4017 209 4062 7.
