2688 4626
238 243 299 308 aad
534 260 648 304 saucrr
669 259 791 304 rusruu
814 261 968 305 narratus

235 373 405 440 Christiani
422 369 557 449 sunt,'hi
573 382 608 436 ut
623 393 640 434 u
658 371 747 436 robis
762 395 890 460 quoque
903 374 1088 460 puniantur,
1104 394 1263 460 rogamus.

237 543 241 550 .
276 481 378 550 XVII.
395 479 477 548 tuud
487 481 697 548 etiamstadio
710 481 801 548 nobis
812 495 874 558 est,
888 495 923 546 ut
934 481 1096 572 vectigaiia
1108 495 1142 547 et
1153 503 1266 547 causus

232 596 269 662 iis
285 594 401 683 quihus
423 591 485 658 hoc
502 603 619 659 munus
642 591 858 670 commisistis,
873 594 967 682 primi
987 593 1131 660 omnium
1151 593 1264 682 penda-

234 724 327 768 mus:
346 699 618 788 quemadmodum
630 701 681 772 ,ah
698 723 739 767 eo
758 724 868 768 sumus
886 702 1031 768 instituti.
1051 700 1110 768 ltto
1130 725 1264 790 namque

234 825 377 899 tempore
395 809 583 876 accedentes
601 811 749 898 quidam,
772 813 971 900 percunctati
992 825 1067 878 sunt
1084 833 1126 877 ex
1143 810 1213 886 ilio,
1227 835 1262 876 an

233 920 349 988 Caesari
367 917 529 1006 vectigalia
550 919 690 1006 pendere
706 920 893 1008 oporteat¹i³
908 921 972 1000 Qui
995 943 1185 1009 responsum
1206 919 1264 985 hoe

232 1033 273 1096 ab
297 1051 336 1096 eo
363 1027 502 1093 retulero
520 1052 529 1092 :
545 1025 562 1088 ι’
578 1011 694 1104 Dicite,
718 1029 836 1116 inquit,
858 1028 955 1105 mihi,
980 1028 1075 1116 cujus
1097 1029 1263 1117 imaginem

232 1161 411 1206 »nummus
435 1136 553 1202 habeti
569 1164 583 1199 ι
601 1137 665 1216 Qui
682 1137 735 1202 ubi
752 1119 915 1214 dixiss‘tmt,
932 1166 946 1198 ι
960 1137 1094 1203 casaris
1110 1137 1265 1202 :Reddite

232 1278 246 1310 »
260 1247 367 1334 igitur,
383 1245 439 1322 ait,
453 1267 523 1332 quae
537 1245 667 1314 Gaesaris
679 1257 765 1321 sunt,
779 1245 910 1320 Caesam:
921 1259 954 1312 et
965 1271 1037 1337 quae
1049 1247 1121 1322 Dei,
1130 1247 1229 1314 lte02.
1243 1276 1255 1304 ι

197 1369 199 1372 ’
232 1356 368 1423 Proinde
380 1379 439 1422 nos
453 1353 558 1422 solum
572 1355 678 1422 Deum
693 1355 863 1422 adoramus
868 1381 878 1430 ς
898 1357 986 1424 robis
1002 1369 1111 1422 autem
1127 1357 1160 1422 in
1174 1359 1261 1422 rebus

232 1466 302 1534 aliis
312 1465 373 1532 luti
387 1467 541 1532 servimus
549 1490 558 1537 ;
571 1489 661 1555 rogos
672 1489 711 1532 ac
725 1465 884 1554 principes
900 1466 1070 1532 hominum
1080 1489 1152 1532 esse
1161 1489 1260 1556 agnos

233 1589 357 1648 centasr
372 1587 405 1640 et
420 1575 514 1640 simui
533 1588 713 1663 precautes,
731 1588 767 1642 ut
785 1599 860 1643 cum
879 1576 963 1664 regia
983 1588 1144 1664 potestate
1161 1597 1260 1642 sanam

233 1709 359 1774 quoque
375 1695 516 1750 montem
535 1685 679 1750 obtinere
686 1685 946 1773 compatiamini.
963 1685 1103 1764 Quodsi
1119 1709 1179 1752 uos
1194 1709 1259 1776 pre·

233 1807 353 1870 cantes,
364 1783 465 1882 'atque
480 1793 586 1858 omnia
602 1794 635 1859 in
651 1793 757 1860 lucem
769 1794 979 1882 proferentes,
991 1817 1059 1859 uon
1071 1795 1255 1868 curaveritis,

233 1904 311 1970 nihil
327 1927 384 1968 nos
399 1903 530 1990 quidam
546 1901 708 1990 capiemus
725 1901 920 1979 detrimenti,
936 1902 1055 1991 quippe
1072 1926 1152 1968 cnm
1165 1903 1257 1970 creda·

234 2037 318 2088 mus,
330 2011 377 2077 vel
388 2013 491 2100 potius
503 2033 690 2098 persuasum
702 2011 890 2088 habeamus,
902 2035 960 2100 pro
972 2013 1142 2077 actionum
1154 2012 1261 2078 meritis

234 2143 494 2210 unumquemque
509 2141 620 2209 poenas
636 2143 692 2207 pcr
704 2130 858 2186 aetcrnunr
870 2120 977 2210 ignem
989 2119 1158 2196 daturum,
1170 2112 1259 2208 etpro

233 2230 355 2295 rationu
370 2239 577 2316 acceptarum
592 2251 609 2293 a
624 2225 693 2294 Deo
709 2227 897 2294 securitatum
913 2227 1074 2294 rationem
1088 2229 1119 2294 ai
1134 2230 1258 2295 reddin·

193 2425 195 2428 Ι
234 2361 319 2413 ιιιιιι,
348 2336 619 2423 quemadmodum
643 2336 787 2407 Christus
811 2335 994 2411 declaravit,
1020 2335 1156 2404 dicens:
1185 2337 1251 2401 rCui

234 2478 246 2511 s
261 2446 332 2536 plus
349 2445 484 2512 contulit
499 2445 597 2521 Deus,
614 2443 686 2534 plus
700 2447 796 2512 etiam
812 2458 998 2534 reposcetur
1013 2449 1053 2514 uh
1070 2449 1170 2512 (τοὶ.

276 2555 396 2626 XVIII.
414 2557 571 2645 Respicite
586 2556 672 2622 enim
687 2556 809 2648 arritum
823 2556 980 2644 cujusque
996 2557 1193 2646 superiorum
1206 2559 1262 2623 iau-

233 2680 444 2754 paratorum:
464 2689 669 2732 communem
690 2666 839 2732 omnibus
859 2679 996 2731 mortem
1016 2669 1166 2738 obierunt,
1186 2688 1256 2754 qum

234 2778 259 2843 si
279 2778 312 2844 in
333 2787 452 2844 statum
471 2799 580 2853 sensus
599 2786 764 2862 expertem
782 2774 943 2850 eraderet,
965 2775 1007 2841 de
1027 2775 1111 2841 lucro
1124 2774 1159 2840 id
1176 2787 1261 2839 assat

234 2885 386 2973 improbis
404 2883 562 2950 omnibus.
588 2881 652 2947 Sed
671 2882 793 2968 quinat
813 2905 922 2948 sensus
941 2897 1052 2948 manet
1067 2883 1106 2948 iis
1118 2885 1262 2950 mnibus

137 2999 141 3005 “
234 2996 288 3082 qui
303 2995 489 3068 extiterunt,
508 3004 542 3060 et
560 2991 715 3081 supplicia
735 3003 853 3058 {aterna
871 2994 1009 3081 reposita
1027 3007 1119 3069 sant:
1139 3017 1176 3059 aa
1196 2995 1259 3059 tac

233 3125 291 3190 pro
311 3101 405 3168 certis
425 3100 543 3168 habere
563 3123 601 3166 ac
620 3123 693 3168 vera
714 3101 847 3168 credere
866 3100 1041 3190 negligatis.
1066 3103 1150 3170 Nam
1166 3117 1198 3168 at
1214 3125 1265 3168 ne-

235 3209 423 3300 cyomantiae
444 3221 477 3272 et
501 3210 761 3298 incorruptorum
785 3235 960 3299 puerorum
985 3214 1213 3301 impactioueo,
1237 3225 1267 3277 et

233 3321 411 3388 animarum
438 3317 653 3386 humanarum
676 3319 890 3396 avocationes,
919 3332 951 3384 et
973 3321 1030 3407 qui
1051 3321 1141 3408 apud
1164 3345 1269 3412 mgna

234 3429 384 3496 dicuntur
406 3425 605 3492 somniorum
625 3426 820 3494 immissores
841 3439 878 3494 et.
896 3450 1080 3504 assessores,
1108 3443 1141 3494 et
1164 3455 1270 3520 quaa

233 3537 340 3625 peritis
352 3535 478 3602 illarum
489 3557 599 3602 rerum
611 3535 707 3612 stunt,
717 3537 928 3624 persuadeant
940 3539 1029 3604 vobis
1039 3539 1270 3608 anianensium
1285 3541 1288 3548 ’

232 3655 451 3731 postmortem
463 3665 557 3709 sensu
569 3644 715 3732 praeditas
727 3666 795 3708 esse
810 3666 818 3708 ε
836 3627 868 3708 et
880 3645 933 3731 qui
945 3647 985 3710 ab
1002 3647 1173 3715 animabus
1186 3674 1270 3718 rnor-

233 3765 361 3816 tuorum
375 3753 513 3841 correpti
529 3753 754 3843 projiciuntur,
772 3727 959 3821 daemoniaci
970 3767 1003 3820 et
1018 3755 1129 3822 furiosi
1145 3761 1189 3825 ab
1208 3785 1271 3826 om·

267 3883 379 3933 ‘Mattiu
391 3899 453 3942 xxu,
467 3899 502 3948 ¹7·
519 3913 548 3922 -
560 3883 571 3919 ²
582 3885 672 3935 ttsut.
687 3903 748 3946 ιιιι,
765 3901 801 3949 19,
816 3901 853 3950 ιο,
866 3904 901 3937 ιι.
915 3887 964 3926 -¹
976 3887 1036 3938 Luc
1051 3905 1097 3948 ru,
1109 3890 1150 3948 48.
