<?xml version="1.0" encoding="UTF-8"?>
<!DOCTYPE html PUBLIC "-//W3C//DTD XHTML 1.0 Transitional//EN"
    "http://www.w3.org/TR/xhtml1/DTD/xhtml1-transitional.dtd">
<html xmlns="http://www.w3.org/1999/xhtml" xml:lang="en" lang="en">
 <head>
  <title>
</title>
<meta http-equiv="Content-Type" content="text/html;charset=utf-8" />
  <meta name='ocr-system' content='tesseract 3.04.00' />
  <meta name='ocr-capabilities' content='ocr_page ocr_carea ocr_par ocr_line ocrx_word'/>
</head>
<body>
  <div class='ocr_page' id='page_1' title='image "./collectioselect02guilgoog_0296.png"; bbox 0 0 2772 4620; ppageno 0'>
   <div class='ocr_carea' id='block_1_1' title="bbox 288 281 1076 361">
    <p class='ocr_par' dir='ltr' id='par_1_1' title="bbox 288 281 1076 361">
     <span class='ocr_line' id='line_1_1' title="bbox 288 281 1076 361; baseline -0.004 -16"><span class='ocrx_word' id='word_1_1' title='bbox 288 303 435 344; x_wconf 72' lang='lat' dir='ltr'><strong>ntntout&#39;s</strong></span> <span class='ocrx_word' id='word_1_2' title='bbox 459 301 519 342; x_wconf 81' lang='lat' dir='ltr'><strong>cntt</strong></span> <span class='ocrx_word' id='word_1_3' title='bbox 543 297 705 344; x_wconf 69' lang='lat' dir='ltr'><strong>TRYPHONE</strong></span> <span class='ocrx_word' id='word_1_4' title='bbox 728 299 841 340; x_wconf 61' lang='grc' dir='ltr'><strong>ΝΜΟ.</strong></span> <span class='ocrx_word' id='word_1_5' title='bbox 1015 281 1076 361; x_wconf 69' lang='grc'><strong>989</strong></span> 
     </span>
    </p>
   </div>
   <div class='ocr_carea' id='block_1_2' title="bbox 47 401 1087 3578">
    <p class='ocr_par' dir='ltr' id='par_1_2' title="bbox 47 401 1085 919">
     <span class='ocr_line' id='line_1_2' title="bbox 100 401 1081 494; baseline -0.003 -25"><span class='ocrx_word' id='word_1_6' title='bbox 100 407 254 483; x_wconf 78' lang='lat' dir='ltr'><strong>Qnaenom</strong></span> <span class='ocrx_word' id='word_1_7' title='bbox 269 407 365 494; x_wconf 76' lang='lat' dir='ltr'><strong>igitur</strong></span> <span class='ocrx_word' id='word_1_8' title='bbox 380 405 484 477; x_wconf 82' lang='lat' dir='ltr'><strong>nobis,</strong></span> <span class='ocrx_word' id='word_1_9' title='bbox 505 403 622 476; x_wconf 76' lang='lat' dir='ltr'><strong>ciebat,</strong></span> <span class='ocrx_word' id='word_1_10' title='bbox 642 401 787 487; x_wconf 75' lang='lat' dir='ltr'><strong>cognatio</strong></span> <span class='ocrx_word' id='word_1_11' title='bbox 803 423 878 464; x_wconf 91' lang='lat' dir='ltr'><strong>cum</strong></span> <span class='ocrx_word' id='word_1_12' title='bbox 893 401 983 464; x_wconf 80' lang='lat' dir='ltr'><strong>Deo?</strong></span> <span class='ocrx_word' id='word_1_13' title='bbox 998 401 1081 470; x_wconf 87' lang='lat' dir='ltr'><strong>Num</strong></span> 
     </span>
     <span class='ocr_line' id='line_1_3' title="bbox 47 507 1083 596; baseline 0.003 -25"><span class='ocrx_word' id='word_1_14' title='bbox 47 511 160 574; x_wconf 79' lang='lat' dir='ltr'><strong>anima</strong></span> <span class='ocrx_word' id='word_1_15' title='bbox 176 512 279 576; x_wconf 82' lang='lat' dir='ltr'><strong>divino</strong></span> <span class='ocrx_word' id='word_1_16' title='bbox 297 523 330 577; x_wconf 87' lang='lat' dir='ltr'><strong>ct</strong></span> <span class='ocrx_word' id='word_1_17' title='bbox 345 508 531 576; x_wconf 77' lang='lat' dir='ltr'><strong>immortalis</strong></span> <span class='ocrx_word' id='word_1_18' title='bbox 546 519 607 582; x_wconf 76' lang='lat' dir='ltr'><strong>cst,</strong></span> <span class='ocrx_word' id='word_1_19' title='bbox 626 521 659 572; x_wconf 87' lang='lat' dir='ltr'><strong>et</strong></span> <span class='ocrx_word' id='word_1_20' title='bbox 677 509 773 594; x_wconf 83' lang='lat' dir='ltr'><strong>ipsius</strong></span> <span class='ocrx_word' id='word_1_21' title='bbox 788 508 881 596; x_wconf 73' lang='lat' dir='ltr'><strong>regim</strong></span> <span class='ocrx_word' id='word_1_22' title='bbox 896 507 978 573; x_wconf 85' lang='lat' dir='ltr'><strong>illius</strong></span> <span class='ocrx_word' id='word_1_23' title='bbox 993 533 1083 576; x_wconf 88' lang='lat' dir='ltr'><strong>men-</strong></span> 
     </span>
     <span class='ocr_line' id='line_1_4' title="bbox 48 613 1085 704; baseline 0.005 -27"><span class='ocrx_word' id='word_1_24' title='bbox 48 617 94 678; x_wconf 75' lang='lat' dir='ltr'><strong>tis</strong></span> <span class='ocrx_word' id='word_1_25' title='bbox 111 617 282 704; x_wconf 77' lang='lat' dir='ltr'><strong>porticulu3</strong></span> <span class='ocrx_word' id='word_1_26' title='bbox 304 632 338 681; x_wconf 88' lang='lat' dir='ltr'><strong>et</strong></span> <span class='ocrx_word' id='word_1_27' title='bbox 356 615 625 704; x_wconf 77' lang='lat' dir='ltr'><strong>quemadmodum</strong></span> <span class='ocrx_word' id='word_1_28' title='bbox 644 613 695 678; x_wconf 79' lang='lat' dir='ltr'><strong>itta</strong></span> <span class='ocrx_word' id='word_1_29' title='bbox 715 615 818 678; x_wconf 86' lang='lat' dir='ltr'><strong>Deum</strong></span> <span class='ocrx_word' id='word_1_30' title='bbox 832 616 929 690; x_wconf 84' lang='lat' dir='ltr'><strong>videt,</strong></span> <span class='ocrx_word' id='word_1_31' title='bbox 948 616 990 679; x_wconf 80' lang='lat' dir='ltr'><strong>itu</strong></span> <span class='ocrx_word' id='word_1_32' title='bbox 1007 639 1085 704; x_wconf 79' lang='lat' dir='ltr'><strong>con·</strong></span> 
     </span>
     <span class='ocr_line' id='line_1_5' title="bbox 48 711 1085 812; baseline 0.004 -28"><span class='ocrx_word' id='word_1_33' title='bbox 48 727 146 811; x_wconf 82' lang='lat' dir='ltr'><strong>sequi</strong></span> <span class='ocrx_word' id='word_1_34' title='bbox 167 749 348 812; x_wconf 77' lang='lat' dir='ltr'><strong>possumus,</strong></span> <span class='ocrx_word' id='word_1_35' title='bbox 372 737 409 788; x_wconf 92' lang='lat' dir='ltr'><strong>nt</strong></span> <span class='ocrx_word' id='word_1_36' title='bbox 428 735 535 789; x_wconf 88' lang='lat' dir='ltr'><strong>mente</strong></span> <span class='ocrx_word' id='word_1_37' title='bbox 557 711 829 788; x_wconf 64' lang='lat' dir='ltr'><strong>nostru&#39;divinum</strong></span> <span class='ocrx_word' id='word_1_38' title='bbox 851 745 970 788; x_wconf 87' lang='lat' dir='ltr'><strong>numen</strong></span> <span class='ocrx_word' id='word_1_39' title='bbox 994 746 1085 788; x_wconf 89' lang='lat' dir='ltr'><strong>com-</strong></span> 
     </span>
     <span class='ocr_line' id='line_1_6' title="bbox 51 830 774 919; baseline -0.006 -24"><span class='ocrx_word' id='word_1_40' title='bbox 51 830 251 916; x_wconf 77' lang='lat' dir='ltr'><strong>plectemur,</strong></span> <span class='ocrx_word' id='word_1_41' title='bbox 268 843 362 919; x_wconf 83' lang='lat' dir='ltr'><strong>utque</strong></span> <span class='ocrx_word' id='word_1_42' title='bbox 377 832 450 896; x_wconf 88' lang='lat' dir='ltr'><strong>inde</strong></span> <span class='ocrx_word' id='word_1_43' title='bbox 464 832 528 917; x_wconf 83' lang='lat' dir='ltr'><strong>jum</strong></span> <span class='ocrx_word' id='word_1_44' title='bbox 543 831 640 896; x_wconf 81' lang='lat' dir='ltr'><strong>simus</strong></span> <span class='ocrx_word' id='word_1_45' title='bbox 654 830 774 918; x_wconf 13' lang='lat' dir='ltr'><strong>beotii!</strong></span> 
     </span>
    </p>

    <p class='ocr_par' dir='ltr' id='par_1_3' title="bbox 104 939 414 1026">
     <span class='ocr_line' id='line_1_7' title="bbox 104 939 414 1026; baseline 0 -22"><span class='ocrx_word' id='word_1_46' title='bbox 104 939 260 1015; x_wconf 87' lang='lat' dir='ltr'>Omnino,</span> <span class='ocrx_word' id='word_1_47' title='bbox 277 941 414 1026; x_wconf 81' lang='lat' dir='ltr'><strong>inquam.</strong></span> 
     </span>
    </p>

    <p class='ocr_par' dir='ltr' id='par_1_4' title="bbox 53 1046 1083 1324">
     <span class='ocr_line' id='line_1_8' title="bbox 109 1046 1083 1136; baseline -0.002 -24"><span class='ocrx_word' id='word_1_48' title='bbox 109 1047 193 1112; x_wconf 87' lang='lat' dir='ltr'><strong>Num</strong></span> <span class='ocrx_word' id='word_1_49' title='bbox 206 1048 284 1114; x_wconf 86' lang='lat' dir='ltr'><strong>iltud</strong></span> <span class='ocrx_word' id='word_1_50' title='bbox 295 1051 388 1112; x_wconf 87' lang='lat' dir='ltr'><strong>etium</strong></span> <span class='ocrx_word' id='word_1_51' title='bbox 398 1046 673 1136; x_wconf 73' lang='lat' dir='ltr'><strong>comprehendunt</strong></span> <span class='ocrx_word' id='word_1_52' title='bbox 683 1047 796 1112; x_wconf 79' lang='lat' dir='ltr'><strong>nnimae</strong></span> <span class='ocrx_word' id='word_1_53' title='bbox 806 1047 950 1110; x_wconf 89' lang='lat' dir='ltr'><strong>omnium</strong></span> <span class='ocrx_word' id='word_1_54' title='bbox 961 1047 1083 1118; x_wconf 81' lang='lat' dir='ltr'><strong>unima-</strong></span> 
     </span>
     <span class='ocr_line' id='line_1_9' title="bbox 55 1151 1082 1246; baseline 0.001 -32"><span class='ocrx_word' id='word_1_55' title='bbox 55 1151 152 1228; x_wconf 85' lang='lat' dir='ltr'>lium,</span> <span class='ocrx_word' id='word_1_56' title='bbox 168 1156 379 1242; x_wconf 78' lang='lat' dir='ltr'><strong>intenognbnt</strong></span> <span class='ocrx_word' id='word_1_57' title='bbox 394 1155 457 1230; x_wconf 83' lang='lat' dir='ltr'><strong>iile,</strong></span> <span class='ocrx_word' id='word_1_58' title='bbox 473 1178 513 1220; x_wconf 81' lang='lat' dir='ltr'><strong>nu</strong></span> <span class='ocrx_word' id='word_1_59' title='bbox 528 1153 587 1220; x_wconf 80' lang='lat' dir='ltr'><strong>aliu</strong></span> <span class='ocrx_word' id='word_1_60' title='bbox 602 1153 740 1218; x_wconf 82' lang='lat' dir='ltr'><strong>hominis</strong></span> <span class='ocrx_word' id='word_1_61' title='bbox 755 1153 873 1246; x_wconf 78' lang='lat' dir='ltr'><strong>anima,</strong></span> <span class='ocrx_word' id='word_1_62' title='bbox 889 1151 949 1218; x_wconf 80' lang='lat' dir='ltr'><strong>alie</strong></span> <span class='ocrx_word' id='word_1_63' title='bbox 964 1156 1036 1240; x_wconf 87' lang='lat' dir='ltr'><strong>eqni</strong></span> <span class='ocrx_word' id='word_1_64' title='bbox 1050 1165 1082 1216; x_wconf 85' lang='lat' dir='ltr'><strong>ot</strong></span> 
     </span>
     <span class='ocr_line' id='line_1_10' title="bbox 53 1261 161 1324; baseline -0.009 0"><span class='ocrx_word' id='word_1_65' title='bbox 53 1261 161 1324; x_wconf 78' lang='lat' dir='ltr'><strong>asini?</strong></span> 
     </span>
    </p>

    <p class='ocr_par' dir='ltr' id='par_1_5' title="bbox 103 1365 927 1456">
     <span class='ocr_line' id='line_1_11' title="bbox 103 1365 927 1456; baseline -0.006 -24"><span class='ocrx_word' id='word_1_66' title='bbox 103 1369 245 1443; x_wconf 83' lang='lat' dir='ltr'><strong>Minime,</strong></span> <span class='ocrx_word' id='word_1_67' title='bbox 260 1372 402 1456; x_wconf 70' lang='lat' dir='ltr'><strong>inquom</strong></span> <span class='ocrx_word' id='word_1_68' title='bbox 426 1367 482 1434; x_wconf 76' lang='lat' dir='ltr'><strong>sed</strong></span> <span class='ocrx_word' id='word_1_69' title='bbox 497 1369 615 1434; x_wconf 80' lang='lat' dir='ltr'><strong>eaedem</strong></span> <span class='ocrx_word' id='word_1_70' title='bbox 631 1377 705 1432; x_wconf 83' lang='lat' dir='ltr'><strong>sunt</strong></span> <span class='ocrx_word' id='word_1_71' title='bbox 720 1369 752 1430; x_wconf 89' lang='lat' dir='ltr'><strong>iu</strong></span> <span class='ocrx_word' id='word_1_72' title='bbox 767 1365 927 1430; x_wconf 78' lang='lat' dir='ltr'><strong>omnibus.</strong></span> 
     </span>
    </p>

    <p class='ocr_par' dir='ltr' id='par_1_6' title="bbox 55 1469 1085 1666">
     <span class='ocr_line' id='line_1_12' title="bbox 102 1469 1085 1562; baseline -0.001 -25"><span class='ocrx_word' id='word_1_73' title='bbox 102 1473 264 1540; x_wconf 80' lang='lat' dir='ltr'><strong>Videbunt</strong></span> <span class='ocrx_word' id='word_1_74' title='bbox 274 1477 381 1562; x_wconf 76' lang='lat' dir='ltr'><strong>igitur,</strong></span> <span class='ocrx_word' id='word_1_75' title='bbox 392 1474 506 1562; x_wconf 84' lang='lat' dir='ltr'><strong>inquit,</strong></span> <span class='ocrx_word' id='word_1_76' title='bbox 524 1473 596 1560; x_wconf 84' lang='lat' dir='ltr'><strong>eqni</strong></span> <span class='ocrx_word' id='word_1_77' title='bbox 608 1485 640 1537; x_wconf 87' lang='lat' dir='ltr'><strong>et</strong></span> <span class='ocrx_word' id='word_1_78' title='bbox 651 1473 743 1547; x_wconf 83' lang='lat' dir='ltr'><strong>esini,</strong></span> <span class='ocrx_word' id='word_1_79' title='bbox 756 1483 811 1536; x_wconf 83' lang='lat' dir='ltr'><strong>out</strong></span> <span class='ocrx_word' id='word_1_80' title='bbox 823 1471 971 1536; x_wconf 79' lang='lat' dir='ltr'><strong>viderunt</strong></span> <span class='ocrx_word' id='word_1_81' title='bbox 980 1469 1085 1536; x_wconf 87' lang='lat' dir='ltr'><strong>Deum</strong></span> 
     </span>
     <span class='ocr_line' id='line_1_13' title="bbox 55 1579 249 1666; baseline 0 -22"><span class='ocrx_word' id='word_1_82' title='bbox 55 1579 249 1666; x_wconf 75' lang='lat' dir='ltr'><strong>aliquando?</strong></span> 
     </span>
    </p>

    <p class='ocr_par' dir='ltr' id='par_1_7' title="bbox 54 1683 1087 1964">
     <span class='ocr_line' id='line_1_14' title="bbox 104 1683 1082 1774; baseline -0.001 -24"><span class='ocrx_word' id='word_1_83' title='bbox 104 1685 174 1750; x_wconf 90' lang='lat' dir='ltr'><strong>Non</strong></span> <span class='ocrx_word' id='word_1_84' title='bbox 194 1709 283 1762; x_wconf 80' lang='lat' dir='ltr'><strong>sanc,</strong></span> <span class='ocrx_word' id='word_1_85' title='bbox 303 1689 449 1774; x_wconf 80' lang='lat' dir='ltr'><strong>inquum3</strong></span> <span class='ocrx_word' id='word_1_86' title='bbox 475 1709 550 1752; x_wconf 84' lang='lat' dir='ltr'><strong>nam</strong></span> <span class='ocrx_word' id='word_1_87' title='bbox 568 1709 609 1750; x_wconf 91' lang='lat' dir='ltr'><strong>ne</strong></span> <span class='ocrx_word' id='word_1_88' title='bbox 627 1685 793 1751; x_wconf 90' lang='lat' dir='ltr'><strong>hominum</strong></span> <span class='ocrx_word' id='word_1_89' title='bbox 812 1684 942 1771; x_wconf 84' lang='lat' dir='ltr'><strong>quidem</strong></span> <span class='ocrx_word' id='word_1_90' title='bbox 956 1683 1082 1771; x_wconf 69' lang='lat' dir='ltr'><strong>vulgum</strong></span> 
     </span>
     <span class='ocr_line' id='line_1_15' title="bbox 54 1789 1087 1880; baseline 0.004 -28"><span class='ocrx_word' id='word_1_91' title='bbox 54 1793 114 1855; x_wconf 80' lang='lat' dir='ltr'><strong>scd</strong></span> <span class='ocrx_word' id='word_1_92' title='bbox 129 1803 255 1856; x_wconf 79' lang='lat' dir='ltr'><strong>tantum</strong></span> <span class='ocrx_word' id='word_1_93' title='bbox 270 1794 379 1880; x_wconf 81' lang='lat' dir='ltr'><strong>siquis</strong></span> <span class='ocrx_word' id='word_1_94' title='bbox 395 1795 479 1879; x_wconf 86' lang='lat' dir='ltr'><strong>juste</strong></span> <span class='ocrx_word' id='word_1_95' title='bbox 493 1792 620 1867; x_wconf 79' lang='lat' dir='ltr'><strong>vixerit,</strong></span> <span class='ocrx_word' id='word_1_96' title='bbox 635 1813 674 1856; x_wconf 83' lang='lat' dir='ltr'><strong>nc</strong></span> <span class='ocrx_word' id='word_1_97' title='bbox 690 1789 809 1878; x_wconf 79' lang='lat' dir='ltr'><strong>justitia</strong></span> <span class='ocrx_word' id='word_1_98' title='bbox 825 1790 1008 1878; x_wconf 68' lang='lat' dir='ltr'><strong>caeterisque</strong></span> <span class='ocrx_word' id='word_1_99' title='bbox 1020 1813 1087 1856; x_wconf 91' lang='lat' dir='ltr'><strong>om·</strong></span> 
     </span>
     <span class='ocr_line' id='line_1_16' title="bbox 56 1897 625 1964; baseline 0.004 -6"><span class='ocrx_word' id='word_1_100' title='bbox 56 1898 155 1962; x_wconf 84' lang='lat' dir='ltr'><strong>nibus</strong></span> <span class='ocrx_word' id='word_1_101' title='bbox 172 1899 339 1964; x_wconf 85' lang='lat' dir='ltr'><strong>virtutibus</strong></span> <span class='ocrx_word' id='word_1_102' title='bbox 355 1897 506 1963; x_wconf 79' lang='lat' dir='ltr'><strong>lustratus</strong></span> <span class='ocrx_word' id='word_1_103' title='bbox 522 1898 625 1962; x_wconf 84' lang='lat' dir='ltr'><strong>suerit.</strong></span> 
     </span>
    </p>

    <p class='ocr_par' dir='ltr' id='par_1_8' title="bbox 56 2002 1084 2299">
     <span class='ocr_line' id='line_1_17' title="bbox 106 2002 1082 2092; baseline 0 -26"><span class='ocrx_word' id='word_1_104' title='bbox 106 2003 179 2067; x_wconf 90' lang='lat' dir='ltr'><strong>Nou</strong></span> <span class='ocrx_word' id='word_1_105' title='bbox 197 2005 263 2090; x_wconf 79' lang='lat' dir='ltr'><strong>jum</strong></span> <span class='ocrx_word' id='word_1_106' title='bbox 284 2027 372 2092; x_wconf 77' lang='lat' dir='ltr'><strong>ergo,</strong></span> <span class='ocrx_word' id='word_1_107' title='bbox 394 2005 496 2091; x_wconf 89' lang='lat' dir='ltr'><strong>inquit</strong></span> <span class='ocrx_word' id='word_1_108' title='bbox 518 2002 582 2076; x_wconf 85' lang='lat' dir='ltr'><strong>ille,</strong></span> <span class='ocrx_word' id='word_1_109' title='bbox 606 2014 737 2090; x_wconf 77' lang='lat' dir='ltr'><strong>propter</strong></span> <span class='ocrx_word' id='word_1_110' title='bbox 757 2004 977 2090; x_wconf 76' lang='lat' dir='ltr'><strong>cognationem</strong></span> <span class='ocrx_word' id='word_1_111' title='bbox 998 2003 1082 2068; x_wconf 85' lang='lat' dir='ltr'><strong>videt</strong></span> 
     </span>
     <span class='ocr_line' id='line_1_18' title="bbox 56 2109 1084 2198; baseline 0 -25"><span class='ocrx_word' id='word_1_112' title='bbox 56 2111 181 2184; x_wconf 84' lang='lat' dir='ltr'><strong>Deum,</strong></span> <span class='ocrx_word' id='word_1_113' title='bbox 205 2133 307 2196; x_wconf 88' lang='lat' dir='ltr'><strong>neque</strong></span> <span class='ocrx_word' id='word_1_114' title='bbox 329 2133 367 2174; x_wconf 87' lang='lat' dir='ltr'><strong>co</strong></span> <span class='ocrx_word' id='word_1_115' title='bbox 389 2111 475 2198; x_wconf 90' lang='lat' dir='ltr'><strong>quod</strong></span> <span class='ocrx_word' id='word_1_116' title='bbox 495 2132 583 2176; x_wconf 83' lang='lat' dir='ltr'><strong>mens</strong></span> <span class='ocrx_word' id='word_1_117' title='bbox 606 2110 657 2185; x_wconf 86' lang='lat' dir='ltr'><strong>sit,</strong></span> <span class='ocrx_word' id='word_1_118' title='bbox 681 2109 737 2174; x_wconf 81' lang='lat' dir='ltr'><strong>sed</strong></span> <span class='ocrx_word' id='word_1_119' title='bbox 759 2110 829 2196; x_wconf 83' lang='lat' dir='ltr'><strong>quia</strong></span> <span class='ocrx_word' id='word_1_120' title='bbox 852 2121 1030 2198; x_wconf 77' lang='lat' dir='ltr'><strong>temperans</strong></span> <span class='ocrx_word' id='word_1_121' title='bbox 1051 2122 1084 2173; x_wconf 88' lang='lat' dir='ltr'><strong>et</strong></span> 
     </span>
     <span class='ocr_line' id='line_1_19' title="bbox 57 2213 740 2299; baseline 0.003 -23"><span class='ocrx_word' id='word_1_122' title='bbox 57 2213 172 2299; x_wconf 82' lang='lat' dir='ltr'><strong>justu?</strong></span> <span class='ocrx_word' id='word_1_123' title='bbox 729 2223 740 2238; x_wconf 81' lang='lat'><strong><em>¹</em></strong></span> 
     </span>
    </p>

    <p class='ocr_par' dir='ltr' id='par_1_9' title="bbox 104 2320 984 2410">
     <span class='ocr_line' id='line_1_20' title="bbox 104 2320 984 2410; baseline 0 -26"><span class='ocrx_word' id='word_1_124' title='bbox 104 2321 201 2395; x_wconf 80' lang='lat' dir='ltr'><strong>Sane,</strong></span> <span class='ocrx_word' id='word_1_125' title='bbox 218 2323 361 2410; x_wconf 79' lang='lat' dir='ltr'><strong>iuquam:</strong></span> <span class='ocrx_word' id='word_1_126' title='bbox 380 2336 413 2388; x_wconf 82' lang='lat' dir='ltr'><strong>ct</strong></span> <span class='ocrx_word' id='word_1_127' title='bbox 427 2324 500 2410; x_wconf 76' lang='lat' dir='ltr'><strong>quio</strong></span> <span class='ocrx_word' id='word_1_128' title='bbox 513 2322 611 2388; x_wconf 82' lang='lat' dir='ltr'><strong>habet</strong></span> <span class='ocrx_word' id='word_1_129' title='bbox 626 2343 689 2410; x_wconf 86' lang='lat' dir='ltr'><strong>qno</strong></span> <span class='ocrx_word' id='word_1_130' title='bbox 703 2322 808 2386; x_wconf 87' lang='lat' dir='ltr'><strong>Deum</strong></span> <span class='ocrx_word' id='word_1_131' title='bbox 823 2320 984 2409; x_wconf 80' lang='lat' dir='ltr'><strong>intelliget.</strong></span> 
     </span>
    </p>

    <p class='ocr_par' dir='ltr' id='par_1_10' title="bbox 103 2429 843 2517">
     <span class='ocr_line' id='line_1_21' title="bbox 103 2429 843 2517; baseline 0 -25"><span class='ocrx_word' id='word_1_132' title='bbox 103 2429 236 2494; x_wconf 78' lang='lat' dir='ltr'><strong>Faciunt</strong></span> <span class='ocrx_word' id='word_1_133' title='bbox 251 2431 398 2517; x_wconf 79' lang='lat' dir='ltr'><strong>cuiquam</strong></span> <span class='ocrx_word' id='word_1_134' title='bbox 414 2430 563 2516; x_wconf 68' lang='lat' dir='ltr'><strong>injunium</strong></span> <span class='ocrx_word' id='word_1_135' title='bbox 578 2451 681 2517; x_wconf 68' lang='lat' dir='ltr'><strong>caprae</strong></span> <span class='ocrx_word' id='word_1_136' title='bbox 697 2441 730 2494; x_wconf 85' lang='lat' dir='ltr'><strong>et</strong></span> <span class='ocrx_word' id='word_1_137' title='bbox 748 2429 843 2494; x_wconf 74' lang='lat' dir='ltr'><strong>oven?</strong></span> 
     </span>
    </p>

    <p class='ocr_par' dir='ltr' id='par_1_11' title="bbox 107 2534 553 2621">
     <span class='ocr_line' id='line_1_22' title="bbox 107 2534 553 2621; baseline -0.002 -23"><span class='ocrx_word' id='word_1_138' title='bbox 107 2534 231 2598; x_wconf 81' lang='lat' dir='ltr'><strong>Nemini</strong></span> <span class='ocrx_word' id='word_1_139' title='bbox 245 2537 398 2620; x_wconf 79' lang='lat' dir='ltr'><strong>profecto,</strong></span> <span class='ocrx_word' id='word_1_140' title='bbox 415 2537 553 2621; x_wconf 76' lang='lat' dir='ltr'><strong>inquam.</strong></span> 
     </span>
    </p>

    <p class='ocr_par' dir='ltr' id='par_1_12' title="bbox 58 2639 1082 2814">
     <span class='ocr_line' id='line_1_23' title="bbox 106 2639 1082 2730; baseline 0.001 -25"><span class='ocrx_word' id='word_1_141' title='bbox 106 2639 265 2706; x_wconf 84' lang='lat' dir='ltr'><strong>Videbunt</strong></span> <span class='ocrx_word' id='word_1_142' title='bbox 276 2643 491 2730; x_wconf 67' lang='lat' dir='ltr'><strong>erguinquit,</strong></span> <span class='ocrx_word' id='word_1_143' title='bbox 508 2643 685 2707; x_wconf 87' lang='lat' dir='ltr'><strong>secundum</strong></span> <span class='ocrx_word' id='word_1_144' title='bbox 696 2654 785 2704; x_wconf 81' lang='lat' dir='ltr'><strong>tuam</strong></span> <span class='ocrx_word' id='word_1_145' title='bbox 796 2639 1082 2716; x_wconf 77' lang='lat' dir='ltr'><strong>ratiocinationem,</strong></span> 
     </span>
     <span class='ocr_line' id='line_1_24' title="bbox 58 2747 363 2814; baseline 0.01 -3"><span class='ocrx_word' id='word_1_146' title='bbox 58 2760 93 2811; x_wconf 85' lang='lat' dir='ltr'><strong>et</strong></span> <span class='ocrx_word' id='word_1_147' title='bbox 108 2747 165 2812; x_wconf 79' lang='lat' dir='ltr'><strong>isto</strong></span> <span class='ocrx_word' id='word_1_148' title='bbox 184 2751 363 2814; x_wconf 77' lang='lat' dir='ltr'><strong>animantia.</strong></span> 
     </span>
    </p>

    <p class='ocr_par' dir='ltr' id='par_1_13' title="bbox 104 2853 1081 2944">
     <span class='ocr_line' id='line_1_25' title="bbox 104 2853 1081 2944; baseline 0.003 -27"><span class='ocrx_word' id='word_1_149' title='bbox 104 2853 246 2927; x_wconf 83' lang='lat' dir='ltr'><strong>Minime;</strong></span> <span class='ocrx_word' id='word_1_150' title='bbox 260 2855 319 2921; x_wconf 84' lang='lat' dir='ltr'><strong>iltis</strong></span> <span class='ocrx_word' id='word_1_151' title='bbox 330 2858 416 2921; x_wconf 86' lang='lat' dir='ltr'><strong>enim</strong></span> <span class='ocrx_word' id='word_1_152' title='bbox 424 2879 551 2944; x_wconf 77' lang='lat' dir='ltr'><strong>corpus.</strong></span> <span class='ocrx_word' id='word_1_153' title='bbox 562 2878 637 2921; x_wconf 90' lang='lat' dir='ltr'><strong>cum</strong></span> <span class='ocrx_word' id='word_1_154' title='bbox 649 2854 711 2922; x_wconf 80' lang='lat' dir='ltr'><strong>tole</strong></span> <span class='ocrx_word' id='word_1_155' title='bbox 719 2857 771 2930; x_wconf 83' lang='lat' dir='ltr'><strong>sit,</strong></span> <span class='ocrx_word' id='word_1_156' title='bbox 789 2856 1016 2942; x_wconf 85' lang='lat' dir='ltr'><strong>impedimento</strong></span> <span class='ocrx_word' id='word_1_157' title='bbox 1023 2867 1081 2920; x_wconf 81' lang='lat' dir='ltr'><strong>est.</strong></span> 
     </span>
    </p>

    <p class='ocr_par' dir='ltr' id='par_1_14' title="bbox 58 2958 1085 3470">
     <span class='ocr_line' id='line_1_26' title="bbox 104 2958 1085 3048; baseline 0.001 -25"><span class='ocrx_word' id='word_1_158' title='bbox 104 2958 137 3023; x_wconf 90' lang='lat' dir='ltr'><strong>Si</strong></span> <span class='ocrx_word' id='word_1_159' title='bbox 149 2982 259 3026; x_wconf 82' lang='lat' dir='ltr'><strong>vocem</strong></span> <span class='ocrx_word' id='word_1_160' title='bbox 270 2962 428 3048; x_wconf 78' lang='lat' dir='ltr'><strong>occipiunt</strong></span> <span class='ocrx_word' id='word_1_161' title='bbox 435 2962 504 3028; x_wconf 80' lang='lat' dir='ltr'><strong>hoee</strong></span> <span class='ocrx_word' id='word_1_162' title='bbox 511 2962 697 3035; x_wconf 73' lang='lat' dir='ltr'><strong>animantia,</strong></span> <span class='ocrx_word' id='word_1_163' title='bbox 709 2961 811 3046; x_wconf 88' lang='lat' dir='ltr'><strong>inquit</strong></span> <span class='ocrx_word' id='word_1_164' title='bbox 822 2959 886 3033; x_wconf 88' lang='lat' dir='ltr'><strong>ille,</strong></span> <span class='ocrx_word' id='word_1_165' title='bbox 900 2962 1085 3047; x_wconf 73' lang='lat' dir='ltr'><strong>penitenciae</strong></span> 
     </span>
     <span class='ocr_line' id='line_1_27' title="bbox 58 3061 1085 3154; baseline 0.006 -27"><span class='ocrx_word' id='word_1_166' title='bbox 58 3063 161 3128; x_wconf 84' lang='lat' dir='ltr'><strong>multo</strong></span> <span class='ocrx_word' id='word_1_167' title='bbox 177 3067 290 3152; x_wconf 85' lang='lat' dir='ltr'><strong>potiori</strong></span> <span class='ocrx_word' id='word_1_168' title='bbox 305 3069 376 3152; x_wconf 79' lang='lat' dir='ltr'><strong>jure</strong></span> <span class='ocrx_word' id='word_1_169' title='bbox 391 3068 571 3134; x_wconf 79' lang='lat' dir='ltr'><strong>convicium</strong></span> <span class='ocrx_word' id='word_1_170' title='bbox 587 3061 713 3154; x_wconf 79' lang='lat' dir='ltr'><strong>conponi</strong></span> <span class='ocrx_word' id='word_1_171' title='bbox 725 3078 832 3130; x_wconf 77' lang='lat' dir='ltr'><strong>nostro</strong></span> <span class='ocrx_word' id='word_1_172' title='bbox 844 3067 973 3132; x_wconf 80' lang='lat' dir='ltr'><strong>suctum.</strong></span> <span class='ocrx_word' id='word_1_173' title='bbox 993 3069 1085 3134; x_wconf 88' lang='lat' dir='ltr'><strong>Nunc</strong></span> 
     </span>
     <span class='ocr_line' id='line_1_28' title="bbox 61 3171 1079 3250; baseline 0.004 -16"><span class='ocrx_word' id='word_1_174' title='bbox 61 3181 171 3234; x_wconf 80' lang='lat' dir='ltr'><strong>nutem</strong></span> <span class='ocrx_word' id='word_1_175' title='bbox 187 3171 219 3234; x_wconf 92' lang='lat' dir='ltr'><strong>id</strong></span> <span class='ocrx_word' id='word_1_176' title='bbox 234 3173 428 3247; x_wconf 78' lang='lat' dir='ltr'><strong>omittamus,</strong></span> <span class='ocrx_word' id='word_1_177' title='bbox 445 3196 483 3250; x_wconf 72' lang='lat' dir='ltr'><strong>nc</strong></span> <span class='ocrx_word' id='word_1_178' title='bbox 499 3173 556 3238; x_wconf 90' lang='lat' dir='ltr'><strong>tibi</strong></span> <span class='ocrx_word' id='word_1_179' title='bbox 572 3173 613 3236; x_wconf 85' lang='lat' dir='ltr'><strong>itu</strong></span> <span class='ocrx_word' id='word_1_180' title='bbox 626 3194 707 3246; x_wconf 87' lang='lat' dir='ltr'><strong>csse,</strong></span> <span class='ocrx_word' id='word_1_181' title='bbox 724 3184 759 3236; x_wconf 89' lang='lat' dir='ltr'><strong>ut</strong></span> <span class='ocrx_word' id='word_1_182' title='bbox 771 3172 861 3246; x_wconf 78' lang='lat' dir='ltr'><strong>dicio,</strong></span> <span class='ocrx_word' id='word_1_183' title='bbox 877 3175 1079 3239; x_wconf 79' lang='lat' dir='ltr'><strong>concedatur.</strong></span> 
     </span>
     <span class='ocr_line' id='line_1_29' title="bbox 63 3274 1085 3368; baseline 0.008 -28"><span class='ocrx_word' id='word_1_184' title='bbox 63 3275 131 3340; x_wconf 87' lang='lat' dir='ltr'><strong>Sed</strong></span> <span class='ocrx_word' id='word_1_185' title='bbox 147 3274 209 3340; x_wconf 89' lang='lat' dir='ltr'><strong>hoc</strong></span> <span class='ocrx_word' id='word_1_186' title='bbox 224 3277 302 3340; x_wconf 90' lang='lat' dir='ltr'><strong>mihi</strong></span> <span class='ocrx_word' id='word_1_187' title='bbox 317 3278 483 3362; x_wconf 84' lang='lat' dir='ltr'><strong>responde,</strong></span> <span class='ocrx_word' id='word_1_188' title='bbox 500 3290 607 3342; x_wconf 78' lang='lat' dir='ltr'><strong>utrum</strong></span> <span class='ocrx_word' id='word_1_189' title='bbox 621 3279 725 3343; x_wconf 75' lang='lat' dir='ltr'><strong>enimn</strong></span> <span class='ocrx_word' id='word_1_190' title='bbox 737 3279 841 3343; x_wconf 89' lang='lat' dir='ltr'><strong>Deum</strong></span> <span class='ocrx_word' id='word_1_191' title='bbox 855 3279 958 3346; x_wconf 82' lang='lat' dir='ltr'><strong>vident</strong></span> <span class='ocrx_word' id='word_1_192' title='bbox 973 3305 1085 3368; x_wconf 78' lang='lat' dir='ltr'><strong>quum-</strong></span> 
     </span>
     <span class='ocr_line' id='line_1_30' title="bbox 63 3381 821 3470; baseline 0.001 -24"><span class='ocrx_word' id='word_1_193' title='bbox 63 3381 119 3446; x_wconf 94' lang='lat' dir='ltr'><strong>din</strong></span> <span class='ocrx_word' id='word_1_194' title='bbox 137 3381 169 3444; x_wconf 89' lang='lat' dir='ltr'><strong>in</strong></span> <span class='ocrx_word' id='word_1_195' title='bbox 186 3403 320 3469; x_wconf 79' lang='lat' dir='ltr'><strong>corpore</strong></span> <span class='ocrx_word' id='word_1_196' title='bbox 335 3394 395 3454; x_wconf 85' lang='lat' dir='ltr'><strong>est,</strong></span> <span class='ocrx_word' id='word_1_197' title='bbox 411 3405 450 3446; x_wconf 84' lang='lat' dir='ltr'><strong>un</strong></span> <span class='ocrx_word' id='word_1_198' title='bbox 464 3395 630 3470; x_wconf 79' lang='lat' dir='ltr'><strong>postquam</strong></span> <span class='ocrx_word' id='word_1_199' title='bbox 644 3407 682 3449; x_wconf 87' lang='lat' dir='ltr'><strong>eo</strong></span> <span class='ocrx_word' id='word_1_200' title='bbox 698 3382 821 3448; x_wconf 76' lang='lat' dir='ltr'><strong>solute?</strong></span> 
     </span>
    </p>

    <p class='ocr_par' dir='ltr' id='par_1_15' title="bbox 107 3475 1084 3578">
     <span class='ocr_line' id='line_1_31' title="bbox 107 3475 1084 3578; baseline 0.007 -27"><span class='ocrx_word' id='word_1_201' title='bbox 107 3487 270 3566; x_wconf 84' lang='lat' dir='ltr'><strong>Quamdiu</strong></span> <span class='ocrx_word' id='word_1_202' title='bbox 281 3489 314 3552; x_wconf 89' lang='lat' dir='ltr'><strong>in</strong></span> <span class='ocrx_word' id='word_1_203' title='bbox 326 3487 463 3554; x_wconf 80' lang='lat' dir='ltr'><strong>hominis</strong></span> <span class='ocrx_word' id='word_1_204' title='bbox 473 3487 573 3553; x_wconf 82' lang='lat' dir='ltr'><strong>formu</strong></span> <span class='ocrx_word' id='word_1_205' title='bbox 583 3501 643 3563; x_wconf 76' lang='lat' dir='ltr'><strong>eet,</strong></span> <span class='ocrx_word' id='word_1_206' title='bbox 656 3491 800 3578; x_wconf 80' lang='lat' dir='ltr'><strong>inquam,</strong></span> <span class='ocrx_word' id='word_1_207' title='bbox 815 3503 919 3578; x_wconf 75' lang='lat' dir='ltr'><strong>potest</strong></span> <span class='ocrx_word' id='word_1_208' title='bbox 931 3492 963 3557; x_wconf 95' lang='lat' dir='ltr'><strong>id</strong></span> <span class='ocrx_word' id='word_1_209' title='bbox 979 3475 1084 3558; x_wconf 86' lang='lat' dir='ltr'><strong>mente</strong></span> 
     </span>
    </p>
   </div>
   <div class='ocr_carea' id='block_1_3' title="bbox 63 3587 1086 3912">
    <p class='ocr_par' dir='ltr' id='par_1_16' title="bbox 63 3587 1086 3912">
     <span class='ocr_line' id='line_1_32' title="bbox 63 3587 1086 3684; baseline 0.008 -25"><span class='ocrx_word' id='word_1_210' title='bbox 63 3596 231 3684; x_wconf 79' lang='lat' dir='ltr'><strong>consequi;</strong></span> <span class='ocrx_word' id='word_1_211' title='bbox 254 3596 310 3660; x_wconf 84' lang='lat' dir='ltr'><strong>scd</strong></span> <span class='ocrx_word' id='word_1_212' title='bbox 332 3607 400 3662; x_wconf 88' lang='lat' dir='ltr'><strong>tum</strong></span> <span class='ocrx_word' id='word_1_213' title='bbox 423 3595 571 3669; x_wconf 79' lang='lat' dir='ltr'><strong>maxime,</strong></span> <span class='ocrx_word' id='word_1_214' title='bbox 597 3617 671 3660; x_wconf 89' lang='lat' dir='ltr'><strong>cum</strong></span> <span class='ocrx_word' id='word_1_215' title='bbox 691 3610 824 3684; x_wconf 77' lang='lat' dir='ltr'><strong>corpore</strong></span> <span class='ocrx_word' id='word_1_216' title='bbox 845 3587 945 3664; x_wconf 77' lang='lat' dir='ltr'><strong>solun</strong></span> <span class='ocrx_word' id='word_1_217' title='bbox 966 3606 1086 3676; x_wconf 65' lang='lat' dir='ltr'><strong>cuju</strong></span> 
     </span>
     <span class='ocr_line' id='line_1_33' title="bbox 64 3703 1085 3807; baseline 0.007 -39"><span class='ocrx_word' id='word_1_218' title='bbox 64 3727 171 3768; x_wconf 81' lang='lat' dir='ltr'><strong>secum</strong></span> <span class='ocrx_word' id='word_1_219' title='bbox 190 3705 255 3794; x_wconf 79' lang='lat' dir='ltr'><strong>ipsu</strong></span> <span class='ocrx_word' id='word_1_220' title='bbox 277 3717 432 3782; x_wconf 77' lang='lat' dir='ltr'><strong>versatur,</strong></span> <span class='ocrx_word' id='word_1_221' title='bbox 451 3703 492 3770; x_wconf 78' lang='lat' dir='ltr'><strong>fic</strong></span> <span class='ocrx_word' id='word_1_222' title='bbox 504 3703 635 3770; x_wconf 82' lang='lat' dir='ltr'><strong>omnino</strong></span> <span class='ocrx_word' id='word_1_223' title='bbox 647 3718 682 3771; x_wconf 84' lang='lat' dir='ltr'><strong>ct</strong></span> <span class='ocrx_word' id='word_1_224' title='bbox 694 3705 727 3771; x_wconf 89' lang='lat' dir='ltr'><strong>in</strong></span> <span class='ocrx_word' id='word_1_225' title='bbox 746 3725 842 3773; x_wconf 81' lang='lat' dir='ltr'><strong>omne</strong></span> <span class='ocrx_word' id='word_1_226' title='bbox 857 3721 958 3774; x_wconf 72' lang='lat' dir='ltr'><strong>oerum</strong></span> <span class='ocrx_word' id='word_1_227' title='bbox 973 3710 1016 3775; x_wconf 77' lang='lat' dir='ltr'><strong>mi</strong></span> <span class='ocrx_word' id='word_1_228' title='bbox 1030 3711 1085 3807; x_wconf 73' lang='lat' dir='ltr'><strong>nd·</strong></span> 
     </span>
     <span class='ocr_line' id='line_1_34' title="bbox 67 3821 335 3912; baseline 0.007 -36"><span class='ocrx_word' id='word_1_229' title='bbox 67 3821 178 3880; x_wconf 72' lang='lat' dir='ltr'><strong>emate</strong></span> <span class='ocrx_word' id='word_1_230' title='bbox 195 3837 335 3912; x_wconf 84' lang='lat' dir='ltr'><strong>compos.</strong></span> 
     </span>
    </p>
   </div>
   <div class='ocr_carea' id='block_1_4' title="bbox 153 3943 909 4012">
    <p class='ocr_par' dir='ltr' id='par_1_17' title="bbox 153 3943 909 4012">
     <span class='ocr_line' id='line_1_35' title="bbox 153 3943 909 4012; baseline 0 -29"><span class='ocrx_word' id='word_1_231' title='bbox 153 3943 174 3983; x_wconf 82' lang='lat'><strong>1·</strong></span> <span class='ocrx_word' id='word_1_232' title='bbox 872 3948 909 4012; x_wconf 68' lang='lat'><strong>19</strong></span> 
     </span>
    </p>
   </div>
   <div class='ocr_carea' id='block_1_5' title="bbox 0 0 1402 4620">
    <p class='ocr_par' dir='ltr' id='par_1_18' title="bbox 0 0 1402 4620">
     <span class='ocr_line' id='line_1_36' title="bbox 0 0 1402 4620; baseline 0 0"><span class='ocrx_word' id='word_1_233' title='bbox 0 0 1402 4620; x_wconf 95' lang='lat' dir='ltr'><strong> </strong></span> 
     </span>
    </p>
   </div>
  </div>
 </body>
</html>
