<?xml version="1.0" encoding="UTF-8"?>
<!DOCTYPE html PUBLIC "-//W3C//DTD XHTML 1.0 Transitional//EN"
    "http://www.w3.org/TR/xhtml1/DTD/xhtml1-transitional.dtd">
<html xmlns="http://www.w3.org/1999/xhtml" xml:lang="en" lang="en">
 <head>
  <title>
</title>
<meta http-equiv="Content-Type" content="text/html;charset=utf-8" />
  <meta name='ocr-system' content='tesseract 3.04.00' />
  <meta name='ocr-capabilities' content='ocr_page ocr_carea ocr_par ocr_line ocrx_word'/>
</head>
<body>
  <div class='ocr_page' id='page_1' title='image "./collectioselect02guilgoog_0854.png"; bbox 0 0 2516 4636; ppageno 0'>
   <div class='ocr_carea' id='block_1_1' title="bbox 315 317 976 390">
    <p class='ocr_par' dir='ltr' id='par_1_1' title="bbox 315 317 976 390">
     <span class='ocr_line' id='line_1_1' title="bbox 315 317 976 390; baseline 0 -2"><span class='ocrx_word' id='word_1_1' title='bbox 315 339 437 388; x_wconf 78' lang='lat' dir='ltr'>coram</span> <span class='ocrx_word' id='word_1_2' title='bbox 460 339 611 390; x_wconf 74' lang='lat' dir='ltr'>uasere.</span> <span class='ocrx_word' id='word_1_3' title='bbox 913 317 976 388; x_wconf 75' lang='lat'>553</span> 
     </span>
    </p>
   </div>
   <div class='ocr_carea' id='block_1_2' title="bbox 19 449 1036 3929">
    <p class='ocr_par' dir='ltr' id='par_1_2' title="bbox 19 449 1036 3929">
     <span class='ocr_line' id='line_1_2' title="bbox 19 449 979 544; baseline 0.005 -26"><span class='ocrx_word' id='word_1_4' title='bbox 19 471 84 530; x_wconf 86' lang='lat' dir='ltr'>tm,</span> <span class='ocrx_word' id='word_1_5' title='bbox 100 465 141 520; x_wconf 88' lang='lat' dir='ltr'>ut</span> <span class='ocrx_word' id='word_1_6' title='bbox 159 474 225 520; x_wconf 90' lang='lat' dir='ltr'>non</span> <span class='ocrx_word' id='word_1_7' title='bbox 245 451 362 523; x_wconf 86' lang='lat' dir='ltr'>similes</span> <span class='ocrx_word' id='word_1_8' title='bbox 380 466 485 521; x_wconf 88' lang='lat' dir='ltr'>essent</span> <span class='ocrx_word' id='word_1_9' title='bbox 502 451 696 544; x_wconf 77' lang='lat' dir='ltr'>AEgyptiis);</span> <span class='ocrx_word' id='word_1_10' title='bbox 718 454 807 522; x_wconf 89' lang='lat' dir='ltr'>bunc</span> <span class='ocrx_word' id='word_1_11' title='bbox 825 449 979 523; x_wconf 79' lang='lat' dir='ltr'>lectorem</span> 
     </span>
     <span class='ocr_line' id='line_1_3' title="bbox 19 562 980 640; baseline 0.004 -12"><span class='ocrx_word' id='word_1_12' title='bbox 19 587 97 640; x_wconf 89' lang='lat' dir='ltr'>nm,</span> <span class='ocrx_word' id='word_1_13' title='bbox 119 563 211 631; x_wconf 91' lang='lat' dir='ltr'>hunc</span> <span class='ocrx_word' id='word_1_14' title='bbox 229 562 357 630; x_wconf 88' lang='lat' dir='ltr'>Patrem</span> <span class='ocrx_word' id='word_1_15' title='bbox 376 562 504 630; x_wconf 88' lang='lat' dir='ltr'>Domini</span> <span class='ocrx_word' id='word_1_16' title='bbox 524 564 623 630; x_wconf 79' lang='lat' dir='ltr'><strong>nostri</strong></span> <span class='ocrx_word' id='word_1_17' title='bbox 641 562 719 630; x_wconf 84' lang='lat' dir='ltr'>lesu</span> <span class='ocrx_word' id='word_1_18' title='bbox 739 562 869 639; x_wconf 80' lang='lat' dir='ltr'>Christi,</span> <span class='ocrx_word' id='word_1_19' title='bbox 891 563 980 632; x_wconf 89' lang='lat' dir='ltr'>hunc</span> 
     </span>
     <span class='ocr_line' id='line_1_4' title="bbox 22 672 980 764; baseline 0.002 -24"><span class='ocrx_word' id='word_1_20' title='bbox 22 699 37 740; x_wconf 83' lang='lat'>1</span> <span class='ocrx_word' id='word_1_21' title='bbox 55 672 227 750; x_wconf 87' lang='lat' dir='ltr'>claritatis,</span> <span class='ocrx_word' id='word_1_22' title='bbox 245 696 285 740; x_wconf 81' lang='lat' dir='ltr'>ex</span> <span class='ocrx_word' id='word_1_23' title='bbox 304 673 378 762; x_wconf 83' lang='lat' dir='ltr'>ipsis</span> <span class='ocrx_word' id='word_1_24' title='bbox 394 673 593 741; x_wconf 75' lang='lat' dir='ltr'>sermonibus</span> <span class='ocrx_word' id='word_1_25' title='bbox 611 685 644 740; x_wconf 88' lang='lat' dir='ltr'>et</span> <span class='ocrx_word' id='word_1_26' title='bbox 661 673 794 740; x_wconf 77' lang='lat' dir='ltr'>Actibus</span> <span class='ocrx_word' id='word_1_27' title='bbox 810 672 980 764; x_wconf 63' lang='lat' dir='ltr'>Apostolo=</span> 
     </span>
     <span class='ocr_line' id='line_1_5' title="bbox 29 780 980 872; baseline 0.003 -24"><span class='ocrx_word' id='word_1_28' title='bbox 29 780 184 850; x_wconf 85' lang='lat' dir='ltr'>volentes</span> <span class='ocrx_word' id='word_1_29' title='bbox 209 781 331 850; x_wconf 88' lang='lat' dir='ltr'>discere</span> <span class='ocrx_word' id='word_1_30' title='bbox 352 791 498 872; x_wconf 86' lang='lat' dir='ltr'>possunt,</span> <span class='ocrx_word' id='word_1_31' title='bbox 523 793 557 847; x_wconf 93' lang='lat' dir='ltr'>et</span> <span class='ocrx_word' id='word_1_32' title='bbox 582 781 802 872; x_wconf 87' lang='lat' dir='ltr'>contemplari,</span> <span class='ocrx_word' id='word_1_33' title='bbox 829 784 980 870; x_wconf 85' lang='lat' dir='ltr'>quoniam</span> 
     </span>
     <span class='ocr_line' id='line_1_6' title="bbox 33 885 980 981; baseline 0.002 -23"><span class='ocrx_word' id='word_1_34' title='bbox 33 891 94 959; x_wconf 90' lang='lat' dir='ltr'>hio</span> <span class='ocrx_word' id='word_1_35' title='bbox 108 891 211 969; x_wconf 83' lang='lat' dir='ltr'>Dens,</span> <span class='ocrx_word' id='word_1_36' title='bbox 227 913 323 981; x_wconf 87' lang='lat' dir='ltr'>super</span> <span class='ocrx_word' id='word_1_37' title='bbox 337 913 433 980; x_wconf 87' lang='lat' dir='ltr'>quem</span> <span class='ocrx_word' id='word_1_38' title='bbox 447 887 526 958; x_wconf 83' lang='lat' dir='ltr'>ebus</span> <span class='ocrx_word' id='word_1_39' title='bbox 542 903 677 959; x_wconf 88' lang='lat' dir='ltr'>nonest.</span> <span class='ocrx_word' id='word_1_40' title='bbox 695 885 730 958; x_wconf 82' lang='lat' dir='ltr'>si</span> <span class='ocrx_word' id='word_1_41' title='bbox 745 905 852 960; x_wconf 87' lang='lat' dir='ltr'>autem</span> <span class='ocrx_word' id='word_1_42' title='bbox 867 905 900 960; x_wconf 94' lang='lat' dir='ltr'>et</span> <span class='ocrx_word' id='word_1_43' title='bbox 911 906 980 960; x_wconf 85' lang='lat' dir='ltr'>erat</span> 
     </span>
     <span class='ocr_line' id='line_1_7' title="bbox 19 998 979 1091; baseline 0.002 -25"><span class='ocrx_word' id='word_1_44' title='bbox 19 1026 31 1066; x_wconf 87' lang='lat'>.·</span> <span class='ocrx_word' id='word_1_45' title='bbox 51 999 148 1068; x_wconf 89' lang='lat' dir='ltr'>huno</span> <span class='ocrx_word' id='word_1_46' title='bbox 166 999 245 1068; x_wconf 89' lang='lat' dir='ltr'>alius</span> <span class='ocrx_word' id='word_1_47' title='bbox 263 1001 361 1075; x_wconf 83' lang='lat' dir='ltr'>Deus,</span> <span class='ocrx_word' id='word_1_48' title='bbox 382 1021 422 1066; x_wconf 81' lang='lat' dir='ltr'>ex</span> <span class='ocrx_word' id='word_1_49' title='bbox 440 998 616 1068; x_wconf 79' lang='lat' dir='ltr'>abundanti</span> <span class='ocrx_word' id='word_1_50' title='bbox 633 1021 692 1089; x_wconf 88' lang='lat' dir='ltr'>per</span> <span class='ocrx_word' id='word_1_51' title='bbox 708 1001 979 1091; x_wconf 83' lang='lat' dir='ltr'>comparationem</span> 
     </span>
     <span class='ocr_line' id='line_1_8' title="bbox 19 1101 985 1201; baseline 0.001 -25"><span class='ocrx_word' id='word_1_52' title='bbox 19 1133 124 1176; x_wconf 73' lang='lat' dir='ltr'>emus</span> <span class='ocrx_word' id='word_1_53' title='bbox 146 1128 155 1175; x_wconf 78' lang='lat' dir='ltr'>t</span> <span class='ocrx_word' id='word_1_54' title='bbox 173 1109 235 1176; x_wconf 86' lang='lat' dir='ltr'>llio</span> <span class='ocrx_word' id='word_1_55' title='bbox 253 1107 307 1176; x_wconf 91' lang='lat' dir='ltr'>illo</span> <span class='ocrx_word' id='word_1_56' title='bbox 326 1105 438 1174; x_wconf 89' lang='lat' dir='ltr'>melior</span> <span class='ocrx_word' id='word_1_57' title='bbox 456 1119 515 1174; x_wconf 78' lang='lat' dir='ltr'>est.</span> <span class='ocrx_word' id='word_1_58' title='bbox 536 1101 652 1175; x_wconf 78' lang='lat' dir='ltr'>blalior</span> <span class='ocrx_word' id='word_1_59' title='bbox 666 1108 752 1176; x_wconf 84' lang='lat' dir='ltr'>enim</span> <span class='ocrx_word' id='word_1_60' title='bbox 771 1112 985 1201; x_wconf 77' lang='lat' dir='ltr'>exoperibus</span> 
     </span>
     <span class='ocr_line' id='line_1_9' title="bbox 19 1215 981 1307; baseline 0.003 -23"><span class='ocrx_word' id='word_1_61' title='bbox 19 1228 87 1294; x_wconf 87' lang='lat' dir='ltr'>ret,</span> <span class='ocrx_word' id='word_1_62' title='bbox 107 1216 382 1307; x_wconf 87' lang='lat' dir='ltr'>quemadmodum</span> <span class='ocrx_word' id='word_1_63' title='bbox 399 1226 432 1282; x_wconf 86' lang='lat' dir='ltr'>et</span> <span class='ocrx_word' id='word_1_64' title='bbox 449 1215 652 1306; x_wconf 79' lang='lat' dir='ltr'>praediximus</span> <span class='ocrx_word' id='word_1_65' title='bbox 667 1239 676 1282; x_wconf 70' lang='grc' dir='ltr'><em>τ</em></span> <span class='ocrx_word' id='word_1_66' title='bbox 698 1227 731 1284; x_wconf 88' lang='lat' dir='ltr'>et</span> <span class='ocrx_word' id='word_1_67' title='bbox 749 1239 823 1285; x_wconf 90' lang='lat' dir='ltr'>oum</span> <span class='ocrx_word' id='word_1_68' title='bbox 840 1217 884 1286; x_wconf 91' lang='lat' dir='ltr'>illi</span> <span class='ocrx_word' id='word_1_69' title='bbox 906 1219 981 1287; x_wconf 79' lang='lat' dir='ltr'>nul-</span> 
     </span>
     <span class='ocr_line' id='line_1_10' title="bbox 19 1324 980 1418; baseline 0.002 -24"><span class='ocrx_word' id='word_1_70' title='bbox 19 1327 129 1396; x_wconf 88' lang='lat' dir='ltr'>Patris</span> <span class='ocrx_word' id='word_1_71' title='bbox 150 1329 200 1394; x_wconf 88' lang='lat' dir='ltr'>sui</span> <span class='ocrx_word' id='word_1_72' title='bbox 222 1349 302 1418; x_wconf 86' lang='lat' dir='ltr'>opus</span> <span class='ocrx_word' id='word_1_73' title='bbox 321 1326 461 1394; x_wconf 79' lang='lat' dir='ltr'>habeant</span> <span class='ocrx_word' id='word_1_74' title='bbox 478 1324 657 1403; x_wconf 87' lang='lat' dir='ltr'>ostendere,</span> <span class='ocrx_word' id='word_1_75' title='bbox 686 1326 741 1395; x_wconf 90' lang='lat' dir='ltr'>bic</span> <span class='ocrx_word' id='word_1_76' title='bbox 764 1325 850 1395; x_wconf 90' lang='lat' dir='ltr'>solus</span> <span class='ocrx_word' id='word_1_77' title='bbox 871 1339 980 1397; x_wconf 85' lang='lat' dir='ltr'>osten-</span> 
     </span>
     <span class='ocr_line' id='line_1_11' title="bbox 19 1433 981 1526; baseline 0.003 -24"><span class='ocrx_word' id='word_1_78' title='bbox 19 1461 27 1479; x_wconf 88' lang='lat'>·</span> <span class='ocrx_word' id='word_1_79' title='bbox 48 1436 148 1504; x_wconf 88' lang='lat' dir='ltr'>Deus.</span> <span class='ocrx_word' id='word_1_80' title='bbox 165 1435 281 1523; x_wconf 87' lang='lat' dir='ltr'>Siquis</span> <span class='ocrx_word' id='word_1_81' title='bbox 298 1444 406 1500; x_wconf 85' lang='lat' dir='ltr'>autem</span> <span class='ocrx_word' id='word_1_82' title='bbox 418 1450 584 1526; x_wconf 66' lang='lat' dir='ltr'>agrotans</span> <span class='ocrx_word' id='word_1_83' title='bbox 594 1433 684 1501; x_wconf 76' lang='lat' dir='ltr'>cisoa</span> <span class='ocrx_word' id='word_1_84' title='bbox 695 1434 922 1522; x_wconf 72' lang='lat' dir='ltr'>quaetiones¹,</span> <span class='ocrx_word' id='word_1_85' title='bbox 943 1461 981 1504; x_wconf 91' lang='lat' dir='ltr'>ea</span> 
     </span>
     <span class='ocr_line' id='line_1_12' title="bbox 30 1541 982 1635; baseline -0.001 -23"><span class='ocrx_word' id='word_1_86' title='bbox 30 1547 73 1612; x_wconf 93' lang='lat' dir='ltr'>ab</span> <span class='ocrx_word' id='word_1_87' title='bbox 95 1542 254 1635; x_wconf 84' lang='lat' dir='ltr'>Apostolis</span> <span class='ocrx_word' id='word_1_88' title='bbox 272 1542 313 1610; x_wconf 90' lang='lat' dir='ltr'>de</span> <span class='ocrx_word' id='word_1_89' title='bbox 331 1543 399 1611; x_wconf 88' lang='lat' dir='ltr'>Deo</span> <span class='ocrx_word' id='word_1_90' title='bbox 419 1542 503 1611; x_wconf 89' lang='lat' dir='ltr'>dicta</span> <span class='ocrx_word' id='word_1_91' title='bbox 521 1553 608 1620; x_wconf 89' lang='lat' dir='ltr'>sunt,</span> <span class='ocrx_word' id='word_1_92' title='bbox 627 1541 858 1634; x_wconf 76' lang='lat' dir='ltr'>allegorizanda</span> <span class='ocrx_word' id='word_1_93' title='bbox 873 1545 982 1612; x_wconf 84' lang='lat' dir='ltr'>existi-</span> 
     </span>
     <span class='ocr_line' id='line_1_13' title="bbox 19 1652 982 1746; baseline -0.001 -23"><span class='ocrx_word' id='word_1_94' title='bbox 19 1685 21 1723; x_wconf 95' lang='lat'><strong>:</strong></span> <span class='ocrx_word' id='word_1_95' title='bbox 41 1655 214 1746; x_wconf 85' lang='lat' dir='ltr'>praedictos</span> <span class='ocrx_word' id='word_1_96' title='bbox 222 1659 386 1722; x_wconf 80' lang='lat' dir='ltr'>&#39;mrmones</span> <span class='ocrx_word' id='word_1_97' title='bbox 397 1664 522 1720; x_wconf 86' lang='lat' dir='ltr'>nostros</span> <span class='ocrx_word' id='word_1_98' title='bbox 533 1652 694 1730; x_wconf 82' lang='lat' dir='ltr'>discutiat,</span> <span class='ocrx_word' id='word_1_99' title='bbox 707 1653 740 1720; x_wconf 88' lang='lat' dir='ltr'>in</span> <span class='ocrx_word' id='word_1_100' title='bbox 753 1653 869 1743; x_wconf 89' lang='lat' dir='ltr'>quibas</span> <span class='ocrx_word' id='word_1_101' title='bbox 880 1676 982 1722; x_wconf 89' lang='lat' dir='ltr'>unum</span> 
     </span>
     <span class='ocr_line' id='line_1_14' title="bbox 19 1761 982 1841; baseline -0.002 -9"><span class='ocrx_word' id='word_1_102' title='bbox 19 1787 49 1832; x_wconf 89' lang='lat' dir='ltr'>m</span> <span class='ocrx_word' id='word_1_103' title='bbox 67 1765 270 1832; x_wconf 89' lang='lat' dir='ltr'>conditorem</span> <span class='ocrx_word' id='word_1_104' title='bbox 283 1773 318 1830; x_wconf 90' lang='lat' dir='ltr'>et</span> <span class='ocrx_word' id='word_1_105' title='bbox 336 1761 491 1829; x_wconf 85' lang='lat' dir='ltr'>lactarem</span> <span class='ocrx_word' id='word_1_106' title='bbox 510 1763 654 1829; x_wconf 89' lang='lat' dir='ltr'>omnium</span> <span class='ocrx_word' id='word_1_107' title='bbox 668 1762 877 1841; x_wconf 81' lang='lat' dir='ltr'>ostendimus,</span> <span class='ocrx_word' id='word_1_108' title='bbox 897 1775 931 1831; x_wconf 91' lang='lat' dir='ltr'>et</span> <span class='ocrx_word' id='word_1_109' title='bbox 944 1786 982 1830; x_wconf 85' lang='lat' dir='ltr'>es</span> 
     </span>
     <span class='ocr_line' id='line_1_15' title="bbox 30 1868 982 1940; baseline 0 0"><span class='ocrx_word' id='word_1_110' title='bbox 30 1875 72 1940; x_wconf 90' lang='lat' dir='ltr'>ab</span> <span class='ocrx_word' id='word_1_111' title='bbox 95 1871 157 1939; x_wconf 88' lang='lat' dir='ltr'>illis</span> <span class='ocrx_word' id='word_1_112' title='bbox 173 1871 324 1940; x_wconf 87' lang='lat' dir='ltr'>dicuntur</span> <span class='ocrx_word' id='word_1_113' title='bbox 337 1868 550 1939; x_wconf 70' lang='lat' dir='ltr'>destruximus</span> <span class='ocrx_word' id='word_1_114' title='bbox 564 1882 598 1936; x_wconf 91' lang='lat' dir='ltr'>et</span> <span class='ocrx_word' id='word_1_115' title='bbox 611 1870 841 1940; x_wconf 77' lang='lat' dir='ltr'>denudavimus</span> <span class='ocrx_word' id='word_1_116' title='bbox 855 1897 864 1940; x_wconf 78' lang='lat' dir='ltr'>s</span> <span class='ocrx_word' id='word_1_117' title='bbox 881 1885 916 1940; x_wconf 85' lang='lat' dir='ltr'>ct</span> <span class='ocrx_word' id='word_1_118' title='bbox 930 1873 982 1940; x_wconf 78' lang='lat' dir='ltr'>in·-</span> 
     </span>
     <span class='ocr_line' id='line_1_16' title="bbox 19 1977 983 2068; baseline 0 -18"><span class='ocrx_word' id='word_1_119' title='bbox 19 1993 53 2050; x_wconf 86' lang='lat' dir='ltr'>et</span> <span class='ocrx_word' id='word_1_120' title='bbox 63 1992 274 2050; x_wconf 78' lang='lat' dir='ltr'>consonantes</span> <span class='ocrx_word' id='word_1_121' title='bbox 285 2001 340 2046; x_wconf 90' lang='lat' dir='ltr'>eos</span> <span class='ocrx_word' id='word_1_122' title='bbox 350 1977 575 2068; x_wconf 77' lang='lat' dir='ltr'>Apostolorum</span> <span class='ocrx_word' id='word_1_123' title='bbox 585 1980 749 2060; x_wconf 81' lang='lat' dir='ltr'>doctrinae,</span> <span class='ocrx_word' id='word_1_124' title='bbox 762 1993 795 2049; x_wconf 90' lang='lat' dir='ltr'>et</span> <span class='ocrx_word' id='word_1_125' title='bbox 806 1983 852 2050; x_wconf 87' lang='lat' dir='ltr'>sic</span> <span class='ocrx_word' id='word_1_126' title='bbox 862 1981 983 2050; x_wconf 83' lang='lat' dir='ltr'>habere</span> 
     </span>
     <span class='ocr_line' id='line_1_17' title="bbox 19 2087 1036 2180; baseline 0.001 -22"><span class='ocrx_word' id='word_1_127' title='bbox 19 2089 221 2158; x_wconf 87' lang='lat' dir='ltr'>nadmodum</span> <span class='ocrx_word' id='word_1_128' title='bbox 233 2089 391 2156; x_wconf 87' lang='lat' dir='ltr'>docebant</span> <span class='ocrx_word' id='word_1_129' title='bbox 400 2101 434 2154; x_wconf 90' lang='lat' dir='ltr'>et</span> <span class='ocrx_word' id='word_1_130' title='bbox 442 2087 726 2177; x_wconf 86' lang='lat' dir='ltr'>persuadebantur,</span> <span class='ocrx_word' id='word_1_131' title='bbox 738 2092 889 2180; x_wconf 86' lang='lat' dir='ltr'>quoniam</span> <span class='ocrx_word' id='word_1_132' title='bbox 900 2115 982 2159; x_wconf 88' lang='lat' dir='ltr'>unus</span> <span class='ocrx_word' id='word_1_133' title='bbox 1030 2107 1036 2112; x_wconf 90' lang='grc'><em>“</em></span> 
     </span>
     <span class='ocr_line' id='line_1_18' title="bbox 19 2195 981 2287; baseline 0 -20"><span class='ocrx_word' id='word_1_134' title='bbox 19 2199 184 2267; x_wconf 84' lang='lat' dir='ltr'>&#39;abriestor</span> <span class='ocrx_word' id='word_1_135' title='bbox 199 2199 343 2265; x_wconf 89' lang='lat' dir='ltr'>omnium</span> <span class='ocrx_word' id='word_1_136' title='bbox 361 2195 469 2263; x_wconf 75' lang='lat' dir='ltr'>Derras</span> <span class='ocrx_word' id='word_1_137' title='bbox 488 2209 521 2262; x_wconf 91' lang='lat' dir='ltr'>ot</span> <span class='ocrx_word' id='word_1_138' title='bbox 535 2215 611 2264; x_wconf 89' lang='lat' dir='ltr'>oum</span> <span class='ocrx_word' id='word_1_139' title='bbox 626 2197 810 2287; x_wconf 76' lang='lat' dir='ltr'>repuleritis</span> <span class='ocrx_word' id='word_1_140' title='bbox 825 2201 981 2267; x_wconf 87' lang='lat' dir='ltr'>sententia</span> 
     </span>
     <span class='ocr_line' id='line_1_19' title="bbox 19 2308 981 2396; baseline -0.002 -18"><span class='ocrx_word' id='word_1_141' title='bbox 19 2323 146 2378; x_wconf 84' lang='lat' dir='ltr'>tantum</span> <span class='ocrx_word' id='word_1_142' title='bbox 159 2329 316 2386; x_wconf 84' lang='lat' dir='ltr'>errorem,</span> <span class='ocrx_word' id='word_1_143' title='bbox 331 2319 364 2374; x_wconf 90' lang='lat' dir='ltr'>at</span> <span class='ocrx_word' id='word_1_144' title='bbox 374 2329 446 2374; x_wconf 89' lang='lat' dir='ltr'>eam</span> <span class='ocrx_word' id='word_1_145' title='bbox 461 2331 532 2396; x_wconf 80' lang='lat' dir='ltr'>qsrae</span> <span class='ocrx_word' id='word_1_146' title='bbox 542 2320 590 2376; x_wconf 84' lang='lat' dir='ltr'>est</span> <span class='ocrx_word' id='word_1_147' title='bbox 607 2308 757 2376; x_wconf 79' lang='lat' dir='ltr'>adversus</span> <span class='ocrx_word' id='word_1_148' title='bbox 773 2309 878 2376; x_wconf 89' lang='lat' dir='ltr'>Deum</span> <span class='ocrx_word' id='word_1_149' title='bbox 899 2310 981 2377; x_wconf 88' lang='lat' dir='ltr'>blas·</span> 
     </span>
     <span class='ocr_line' id='line_1_20' title="bbox 20 2416 978 2509; baseline 0 -23"><span class='ocrx_word' id='word_1_150' title='bbox 20 2419 124 2498; x_wconf 87' lang='lat' dir='ltr'>niam,</span> <span class='ocrx_word' id='word_1_151' title='bbox 139 2431 202 2486; x_wconf 86' lang='lat' dir='ltr'>eta</span> <span class='ocrx_word' id='word_1_152' title='bbox 217 2416 385 2507; x_wconf 87' lang='lat' dir='ltr'>semetipso</span> <span class='ocrx_word' id='word_1_153' title='bbox 399 2416 539 2484; x_wconf 81' lang='lat' dir='ltr'>inveniet</span> <span class='ocrx_word' id='word_1_154' title='bbox 552 2416 720 2494; x_wconf 82' lang='lat' dir='ltr'>rationem,</span> <span class='ocrx_word' id='word_1_155' title='bbox 736 2437 931 2509; x_wconf 74' lang='lat' dir='ltr'>cognoscens</span> <span class='ocrx_word' id='word_1_156' title='bbox 945 2433 978 2486; x_wconf 90' lang='lat' dir='ltr'>et</span> 
     </span>
     <span class='ocr_line' id='line_1_21' title="bbox 41 2522 980 2618; baseline -0.001 -23"><span class='ocrx_word' id='word_1_157' title='bbox 41 2549 111 2618; x_wconf 72' lang='lat' dir='ltr'>quae</span> <span class='ocrx_word' id='word_1_158' title='bbox 129 2537 178 2595; x_wconf 88' lang='lat' dir='ltr'>est</span> <span class='ocrx_word' id='word_1_159' title='bbox 194 2525 370 2594; x_wconf 86' lang='lat' dir='ltr'>secundum</span> <span class='ocrx_word' id='word_1_160' title='bbox 387 2522 530 2612; x_wconf 87' lang='lat' dir='ltr'>bloysem</span> <span class='ocrx_word' id='word_1_161' title='bbox 556 2523 675 2614; x_wconf 78' lang='lat' dir='ltr'>legem,</span> <span class='ocrx_word' id='word_1_162' title='bbox 695 2538 728 2594; x_wconf 87' lang='lat' dir='ltr'>et</span> <span class='ocrx_word' id='word_1_163' title='bbox 749 2528 883 2617; x_wconf 76' lang='lat' dir='ltr'>gratim</span> <span class='ocrx_word' id='word_1_164' title='bbox 906 2527 980 2594; x_wconf 80' lang='lat' dir='ltr'>novi</span> 
     </span>
     <span class='ocr_line' id='line_1_22' title="bbox 20 2634 981 2725; baseline 0.002 -27"><span class='ocrx_word' id='word_1_165' title='bbox 20 2637 156 2715; x_wconf 79' lang='lat' dir='ltr'>amenti,</span> <span class='ocrx_word' id='word_1_166' title='bbox 179 2647 312 2725; x_wconf 84' lang='lat' dir='ltr'>utraque</span> <span class='ocrx_word' id='word_1_167' title='bbox 333 2646 406 2725; x_wconf 84' lang='lat' dir='ltr'>apta</span> <span class='ocrx_word' id='word_1_168' title='bbox 428 2634 637 2724; x_wconf 80' lang='lat' dir='ltr'>temporibus,</span> <span class='ocrx_word' id='word_1_169' title='bbox 663 2635 705 2701; x_wconf 91' lang='lat' dir='ltr'>ad</span> <span class='ocrx_word' id='word_1_170' title='bbox 725 2635 895 2703; x_wconf 79' lang='lat' dir='ltr'>utilitatem</span> <span class='ocrx_word' id='word_1_171' title='bbox 917 2636 981 2703; x_wconf 87' lang='lat' dir='ltr'>hu-</span> 
     </span>
     <span class='ocr_line' id='line_1_23' title="bbox 22 2744 727 2837; baseline -0.009 -22"><span class='ocrx_word' id='word_1_172' title='bbox 22 2749 33 2815; x_wconf 92' lang='lat' dir='ltr'>i</span> <span class='ocrx_word' id='word_1_173' title='bbox 51 2747 172 2837; x_wconf 74' lang='lat' dir='ltr'>generis</span> <span class='ocrx_word' id='word_1_174' title='bbox 186 2747 228 2814; x_wconf 86' lang='lat' dir='ltr'>ab</span> <span class='ocrx_word' id='word_1_175' title='bbox 243 2769 307 2813; x_wconf 91' lang='lat' dir='ltr'>uno</span> <span class='ocrx_word' id='word_1_176' title='bbox 320 2757 355 2812; x_wconf 87' lang='lat' dir='ltr'>et</span> <span class='ocrx_word' id='word_1_177' title='bbox 367 2744 483 2812; x_wconf 88' lang='lat' dir='ltr'>eodem</span> <span class='ocrx_word' id='word_1_178' title='bbox 496 2745 634 2834; x_wconf 75' lang='lat' dir='ltr'>praestita</span> <span class='ocrx_word' id='word_1_179' title='bbox 649 2744 727 2812; x_wconf 89' lang='lat' dir='ltr'>Deo.</span> 
     </span>
     <span class='ocr_line' id='line_1_24' title="bbox 23 2849 981 2946; baseline -0.006 -21"><span class='ocrx_word' id='word_1_180' title='bbox 23 2879 114 2926; x_wconf 88' lang='lat' dir='ltr'>mnes</span> <span class='ocrx_word' id='word_1_181' title='bbox 127 2857 213 2924; x_wconf 86' lang='lat' dir='ltr'>enim</span> <span class='ocrx_word' id='word_1_182' title='bbox 227 2857 369 2946; x_wconf 87' lang='lat' dir='ltr'>quisunt</span> <span class='ocrx_word' id='word_1_183' title='bbox 385 2853 476 2922; x_wconf 80' lang='lat' dir='ltr'>malae</span> <span class='ocrx_word' id='word_1_184' title='bbox 491 2855 668 2928; x_wconf 76' lang='lat' dir='ltr'>sententies,</span> <span class='ocrx_word' id='word_1_185' title='bbox 684 2853 762 2920; x_wconf 87' lang='lat' dir='ltr'>moti</span> <span class='ocrx_word' id='word_1_186' title='bbox 776 2851 819 2918; x_wconf 82' lang='lat' dir='ltr'>ob</span> <span class='ocrx_word' id='word_1_187' title='bbox 833 2867 870 2918; x_wconf 82' lang='lat' dir='ltr'>ea</span> <span class='ocrx_word' id='word_1_188' title='bbox 890 2849 981 2942; x_wconf 76' lang='lat' dir='ltr'>legis-</span> 
     </span>
     <span class='ocr_line' id='line_1_25' title="bbox 21 2959 981 3056; baseline -0.006 -21"><span class='ocrx_word' id='word_1_189' title='bbox 21 2991 68 3036; x_wconf 74' lang='lat' dir='ltr'>›ne</span> <span class='ocrx_word' id='word_1_190' title='bbox 83 2991 150 3056; x_wconf 76' lang='lat' dir='ltr'>qum</span> <span class='ocrx_word' id='word_1_191' title='bbox 168 2964 346 3034; x_wconf 87' lang='lat' dir='ltr'>secundum</span> <span class='ocrx_word' id='word_1_192' title='bbox 363 2963 520 3050; x_wconf 84' lang='lat' dir='ltr'>bloysom,</span> <span class='ocrx_word' id='word_1_193' title='bbox 538 2959 721 3028; x_wconf 87' lang='lat' dir='ltr'>dissimilem</span> <span class='ocrx_word' id='word_1_194' title='bbox 731 2983 802 3028; x_wconf 90' lang='lat' dir='ltr'>eam</span> <span class='ocrx_word' id='word_1_195' title='bbox 814 2973 847 3028; x_wconf 92' lang='lat' dir='ltr'>et</span> <span class='ocrx_word' id='word_1_196' title='bbox 857 2974 981 3030; x_wconf 87' lang='lat' dir='ltr'>contra·</span> 
     </span>
     <span class='ocr_line' id='line_1_26' title="bbox 22 3069 979 3163; baseline -0.005 -19"><span class='ocrx_word' id='word_1_197' title='bbox 22 3073 200 3163; x_wconf 77' lang='lat' dir='ltr'>tllvangelii</span> <span class='ocrx_word' id='word_1_198' title='bbox 211 3073 364 3140; x_wconf 76' lang='lat' dir='ltr'>&lt;locutos</span> <span class='ocrx_word' id='word_1_199' title='bbox 374 3069 577 3146; x_wconf 85' lang='lat' dir='ltr'>arbitrantes,</span> <span class='ocrx_word' id='word_1_200' title='bbox 588 3070 654 3159; x_wconf 90' lang='lat' dir='ltr'>jam</span> <span class='ocrx_word' id='word_1_201' title='bbox 664 3091 729 3136; x_wconf 84' lang='lat' dir='ltr'>non</span> <span class='ocrx_word' id='word_1_202' title='bbox 740 3081 815 3138; x_wconf 84' lang='lat' dir='ltr'>sunt</span> <span class='ocrx_word' id='word_1_203' title='bbox 822 3073 979 3149; x_wconf 83' lang='lat' dir='ltr'>conversi,</span> 
     </span>
     <span class='ocr_line' id='line_1_27' title="bbox 26 3177 976 3270; baseline -0.003 -20"><span class='ocrx_word' id='word_1_204' title='bbox 26 3182 206 3252; x_wconf 71' lang='lat' dir='ltr'>differentia</span> <span class='ocrx_word' id='word_1_205' title='bbox 232 3181 395 3270; x_wconf 84' lang='lat' dir='ltr'>utriusque</span> <span class='ocrx_word' id='word_1_206' title='bbox 415 3177 610 3248; x_wconf 88' lang='lat' dir='ltr'>Testamenti</span> <span class='ocrx_word' id='word_1_207' title='bbox 636 3178 833 3268; x_wconf 86' lang='lat' dir='ltr'>inquirerent</span> <span class='ocrx_word' id='word_1_208' title='bbox 855 3203 976 3248; x_wconf 86' lang='lat' dir='ltr'>causas.</span> 
     </span>
     <span class='ocr_line' id='line_1_28' title="bbox 22 3284 979 3382; baseline -0.004 -22"><span class='ocrx_word' id='word_1_209' title='bbox 22 3293 76 3360; x_wconf 86' lang='lat' dir='ltr'>erti</span> <span class='ocrx_word' id='word_1_210' title='bbox 90 3291 181 3382; x_wconf 77' lang='lat' dir='ltr'>igitur</span> <span class='ocrx_word' id='word_1_211' title='bbox 192 3313 267 3360; x_wconf 88' lang='lat' dir='ltr'>eum</span> <span class='ocrx_word' id='word_1_212' title='bbox 280 3289 343 3357; x_wconf 89' lang='lat' dir='ltr'>sint</span> <span class='ocrx_word' id='word_1_213' title='bbox 355 3311 372 3354; x_wconf 90' lang='lat' dir='ltr'>a</span> <span class='ocrx_word' id='word_1_214' title='bbox 386 3300 518 3378; x_wconf 86' lang='lat' dir='ltr'>paterna</span> <span class='ocrx_word' id='word_1_215' title='bbox 534 3284 714 3364; x_wconf 79' lang='lat' dir='ltr'>dilectione,</span> <span class='ocrx_word' id='word_1_216' title='bbox 730 3302 764 3355; x_wconf 87' lang='lat' dir='ltr'>et</span> <span class='ocrx_word' id='word_1_217' title='bbox 774 3287 903 3356; x_wconf 84' lang='lat' dir='ltr'>inllatis</span> <span class='ocrx_word' id='word_1_218' title='bbox 919 3289 979 3356; x_wconf 87' lang='lat' dir='ltr'>Sa-</span> 
     </span>
     <span class='ocr_line' id='line_1_29' title="bbox 23 3396 981 3487; baseline -0.003 -18"><span class='ocrx_word' id='word_1_219' title='bbox 23 3435 42 3481; x_wconf 82' lang='lat' dir='ltr'>t,</span> <span class='ocrx_word' id='word_1_220' title='bbox 54 3401 190 3470; x_wconf 82' lang='lat' dir='ltr'>conversi</span> <span class='ocrx_word' id='word_1_221' title='bbox 206 3401 239 3468; x_wconf 88' lang='lat' dir='ltr'>in</span> <span class='ocrx_word' id='word_1_222' title='bbox 254 3397 392 3467; x_wconf 88' lang='lat' dir='ltr'>Simonis</span> <span class='ocrx_word' id='word_1_223' title='bbox 406 3398 491 3487; x_wconf 72' lang='lat' dir='ltr'>magi</span> <span class='ocrx_word' id='word_1_224' title='bbox 502 3396 693 3472; x_wconf 76' lang='lat' dir='ltr'>doctrinam,</span> <span class='ocrx_word' id='word_1_225' title='bbox 709 3396 901 3464; x_wconf 87' lang='lat' dir='ltr'>abstiterunt</span> <span class='ocrx_word' id='word_1_226' title='bbox 910 3421 981 3466; x_wconf 66' lang='lat' dir='ltr'>sen*</span> 
     </span>
     <span class='ocr_line' id='line_1_30' title="bbox 24 3507 979 3599; baseline -0.006 -18"><span class='ocrx_word' id='word_1_227' title='bbox 24 3515 61 3582; x_wconf 88' lang='lat' dir='ltr'>iis</span> <span class='ocrx_word' id='word_1_228' title='bbox 81 3513 141 3578; x_wconf 88' lang='lat' dir='ltr'>suis</span> <span class='ocrx_word' id='word_1_229' title='bbox 158 3511 198 3578; x_wconf 91' lang='lat' dir='ltr'>ab</span> <span class='ocrx_word' id='word_1_230' title='bbox 218 3533 257 3577; x_wconf 92' lang='lat' dir='ltr'>eo</span> <span class='ocrx_word' id='word_1_231' title='bbox 276 3510 330 3599; x_wconf 87' lang='lat' dir='ltr'>qui</span> <span class='ocrx_word' id='word_1_232' title='bbox 349 3513 397 3575; x_wconf 88' lang='lat' dir='ltr'>est</span> <span class='ocrx_word' id='word_1_233' title='bbox 415 3507 513 3585; x_wconf 85' lang='lat' dir='ltr'>Deus,</span> <span class='ocrx_word' id='word_1_234' title='bbox 534 3517 568 3574; x_wconf 93' lang='lat' dir='ltr'>et</span> <span class='ocrx_word' id='word_1_235' title='bbox 586 3517 777 3596; x_wconf 79' lang='lat' dir='ltr'>putaverunt</span> <span class='ocrx_word' id='word_1_236' title='bbox 796 3508 979 3599; x_wconf 86' lang='lat' dir='ltr'>semetipsos</span> 
     </span>
     <span class='ocr_line' id='line_1_31' title="bbox 23 3616 979 3710; baseline 0.002 -26"><span class='ocrx_word' id='word_1_237' title='bbox 23 3655 25 3684; x_wconf 37' lang='grc' dir='ltr'>ἢ</span> <span class='ocrx_word' id='word_1_238' title='bbox 46 3622 193 3690; x_wconf 85' lang='lat' dir='ltr'>invenisse</span> <span class='ocrx_word' id='word_1_239' title='bbox 210 3641 307 3710; x_wconf 87' lang='lat' dir='ltr'>quarn</span> <span class='ocrx_word' id='word_1_240' title='bbox 328 3618 484 3708; x_wconf 79' lang='lat' dir='ltr'>Apostoli,</span> <span class='ocrx_word' id='word_1_241' title='bbox 503 3616 638 3686; x_wconf 87' lang='lat' dir='ltr'>alterum</span> <span class='ocrx_word' id='word_1_242' title='bbox 652 3619 758 3686; x_wconf 88' lang='lat' dir='ltr'>Deum</span> <span class='ocrx_word' id='word_1_243' title='bbox 772 3617 979 3686; x_wconf 78' lang='lat' dir='ltr'>adinvenien-</span> 
     </span>
     <span class='ocr_line' id='line_1_32' title="bbox 43 3726 979 3822; baseline -0.004 -22"><span class='ocrx_word' id='word_1_244' title='bbox 43 3745 75 3800; x_wconf 88' lang='lat' dir='ltr'>et</span> <span class='ocrx_word' id='word_1_245' title='bbox 88 3728 249 3822; x_wconf 73' lang='lat' dir='ltr'>Apostolos</span> <span class='ocrx_word' id='word_1_246' title='bbox 263 3727 392 3819; x_wconf 88' lang='lat' dir='ltr'>quidem</span> <span class='ocrx_word' id='word_1_247' title='bbox 410 3727 517 3796; x_wconf 88' lang='lat' dir='ltr'>adhuc</span> <span class='ocrx_word' id='word_1_248' title='bbox 531 3751 602 3818; x_wconf 75' lang='lat' dir='ltr'>qum</span> <span class='ocrx_word' id='word_1_249' title='bbox 617 3739 691 3794; x_wconf 87' lang='lat' dir='ltr'>sunt</span> <span class='ocrx_word' id='word_1_250' title='bbox 703 3726 890 3796; x_wconf 76' lang='lat' dir='ltr'>ludaeorum</span> <span class='ocrx_word' id='word_1_251' title='bbox 905 3751 979 3796; x_wconf 88' lang='lat' dir='ltr'>scn-</span> 
     </span>
     <span class='ocr_line' id='line_1_33' title="bbox 24 3837 979 3929; baseline -0.008 -16"><span class='ocrx_word' id='word_1_252' title='bbox 24 3857 82 3921; x_wconf 86' lang='lat' dir='ltr'>tes,</span> <span class='ocrx_word' id='word_1_253' title='bbox 99 3839 296 3912; x_wconf 85' lang='lat' dir='ltr'>mnuntiasse</span> <span class='ocrx_word' id='word_1_254' title='bbox 314 3837 537 3929; x_wconf 72' lang='lat' dir='ltr'>Evangeliuuns</span> <span class='ocrx_word' id='word_1_255' title='bbox 559 3861 592 3907; x_wconf 87' lang='lat' dir='ltr'>se</span> <span class='ocrx_word' id='word_1_256' title='bbox 611 3851 717 3907; x_wconf 85' lang='lat' dir='ltr'>autem</span> <span class='ocrx_word' id='word_1_257' title='bbox 737 3839 923 3908; x_wconf 82' lang='lat' dir='ltr'>sinceriores</span> <span class='ocrx_word' id='word_1_258' title='bbox 946 3848 979 3905; x_wconf 88' lang='lat' dir='ltr'>et</span> 
     </span>
    </p>
   </div>
   <div class='ocr_carea' id='block_1_3' title="bbox 35 3973 802 4124">
    <p class='ocr_par' dir='ltr' id='par_1_3' title="bbox 35 3973 802 4124">
     <span class='ocr_line' id='line_1_34' title="bbox 35 3973 171 4034; baseline 0.007 -11"><span class='ocrx_word' id='word_1_259' title='bbox 35 3976 98 4025; x_wconf 82' lang='lat' dir='ltr'>Tim.</span> <span class='ocrx_word' id='word_1_260' title='bbox 109 3989 142 4034; x_wconf 83' lang='lat' dir='ltr'>u,</span> <span class='ocrx_word' id='word_1_261' title='bbox 150 3973 171 4034; x_wconf 75' lang='lat' dir='ltr'>l.</span> 
     </span>
     <span class='ocr_line' id='line_1_35' title="bbox 48 4053 802 4124; baseline -0.007 0"><span class='ocrx_word' id='word_1_262' title='bbox 48 4081 80 4124; x_wconf 89' lang='lat' dir='ltr'>u.</span> <span class='ocrx_word' id='word_1_263' title='bbox 763 4053 802 4120; x_wconf 76' lang='lat' dir='ltr'>sd</span> 
     </span>
    </p>
   </div>
   <div class='ocr_carea' id='block_1_4' title="bbox 0 0 1265 4636">
    <p class='ocr_par' dir='ltr' id='par_1_4' title="bbox 0 0 1265 4636">
     <span class='ocr_line' id='line_1_36' title="bbox 0 0 1265 4636; baseline 0 0"><span class='ocrx_word' id='word_1_264' title='bbox 0 0 1265 4636; x_wconf 95' lang='lat' dir='ltr'> </span> 
     </span>
    </p>
   </div>
  </div>
 </body>
</html>
