2674 4618
384 297 519 338 unarum
544 295 600 338 rno
624 295 826 338 cuarsrtan'rs.
1073 279 1115 362 49

99 404 211 490 Reges,
223 404 371 490 injuriam
382 427 400 468 a
411 403 501 468 nohis
512 401 581 490 lege
592 383 789 489 propulsare:
806 415 841 470 ut
853 403 1118 488 quemadmodum

101 515 133 584 in
147 522 216 577 toto
230 513 308 577 orbe
324 523 357 576 et
371 491 628 598 unumquemque
645 521 677 574 et
692 510 832 577 civitates
846 510 1000 578 beneficia
1017 525 1118 578 vestra

102 619 370 710 complectuntur,
387 620 429 685 ita
443 631 476 686 at
490 642 546 689 uos
560 620 693 706 gratiam
704 619 791 690 vobis
802 619 973 686 habeamus
989 619 1121 709 glorian·

102 745 160 806 tes,
177 729 262 818 quod
277 727 441 796 calumniis
457 728 560 816 appeti
578 725 768 794 desierimus.
791 727 898 816 Neque
913 728 998 794 enim
1013 742 1122 796 vestrm

104 837 255 925 :equitatis
269 847 330 910 est,
348 847 381 899 ut
395 834 447 900 alii
463 834 604 924 quidem,
621 834 646 900 si
662 835 694 900 in
706 834 860 921 judicium
876 836 916 901 de
927 836 1059 902 erimine
1071 837 1124 902 ali·

1 1001 2 1018 ,
107 970 168 1034 quo
184 957 346 1018 vocentur,
367 967 431 1009 non
449 956 522 1008 ante
537 945 708 1032 puniantur
721 967 819 1031 quatu
831 945 968 1011 cundati
986 944 1120 1018 suarint3

106 1057 137 1120 in
152 1054 242 1120 nohis
256 1065 364 1123 autem
378 1049 448 1140 plus
464 1074 579 1117 nomen
594 1050 706 1127 valeat,
726 1074 820 1140 quam
838 1051 871 1120 iu
888 1051 1008 1140 judicio
1029 1077 1124 1143 argu-

106 1173 228 1235 menta3
246 1153 309 1226 non
326 1160 358 1226 id
372 1159 602 1246 inquirentibus
615 1159 786 1247 judicibus,
803 1170 910 1228 utrum
921 1185 994 1228 reus
1006 1161 1126 1251 aliquid

107 1267 178 1334 mali
190 1267 362 1342 admiserit,
374 1267 429 1332 sed
441 1267 573 1340 nomini,
586 1278 738 1354 tanquam
749 1266 872 1342 sceleri,
884 1282 992 1336 notam
1002 1271 1128 1337 inuren-

108 1379 199 1469 tibus.
219 1375 347 1443 Nullum
362 1387 467 1442 autem
480 1397 596 1442 nomen
610 1375 643 1439 in
654 1397 687 1440 se
698 1388 730 1440 et
742 1399 796 1442 sua
809 1391 922 1465 sponte
938 1380 1060 1444 honum
1072 1393 1127 1445 aut

108 1486 226 1555 malum
242 1499 403 1560 causeturr
422 1485 478 1552 sed
492 1498 621 1573 propter
635 1487 792 1574 subjectas
807 1486 866 1554 illis
881 1491 980 1573 bonas
995 1501 1050 1554 aut
1063 1513 1128 1555 ma-

107 1597 151 1663 las
166 1598 318 1670 actiones,
330 1597 416 1664 hona
432 1606 487 1660 aut
502 1592 583 1659 mala
600 1594 754 1666 ridentur.
778 1595 842 1661 Sed
857 1597 926 1662 hmo
941 1596 1054 1663 elarius
1069 1599 1128 1687 ipsi

109 1705 296 1796 perspicitis,
317 1715 424 1792 utpote
441 1704 473 1775 in
492 1701 687 1792 philosophia.
705 1715 738 1768 et
758 1705 934 1770 eruditione
953 1707 1039 1772 omni
1058 1719 1129 1771 v'er-

109 1816 173 1880 sati.
189 1815 358 1902 Propterea
370 1824 401 1878 et
413 1814 466 1901 qui
477 1813 562 1900 apud
574 1836 627 1878 voa
638 1812 833 1900 judicantur,
850 1814 970 1880 etiamsi
985 1815 1128 1880 maximis

111 1924 148 1988 de
163 1921 347 1988 criminibus
362 1920 394 1986 in
408 1918 562 2006 judicium
574 1920 676 1986 voeati
690 1919 818 1994 suerint,
833 1920 998 1986 confidunt
1009 1933 1128 1998 tamen,

111 2054 182 2097 cum
195 2029 340 2094 futurum
355 2024 540 2116 intelligant,
560 2039 596 2093 ut
614 2027 647 2094 in
662 2050 772 2096 eorum
791 2029 888 2095 vitam
903 2031 1076 2116 inquiratis,
1092 2053 1131 2096 aa

114 2161 211 2228 neque
232 2136 425 2214 nominihus,
447 2137 472 2200 si
492 2136 595 2206 inania
618 2136 745 2212 suerint,
768 2160 869 2223 neque
891 2139 1131 2205 accusationum

112 2247 307 2316 criminibus.
325 2245 349 2313 si
364 2243 452 2319 salsa,
468 2245 669 2320 moveamini,
685 2257 717 2310 et
728 2244 930 2312 damnantem
942 2247 1128 2312 sententiam

110 2357 223 2425 eodem
243 2353 350 2442 judicii
372 2352 481 2418 ordine
502 2375 541 2418 aa
559 2352 773 2426 absolventem
794 2353 1008 2440 experiuntur.
1035 2355 1131 2434 Quod

110 2466 207 2553 igitur
223 2485 389 2537 commune
407 2463 458 2549 jus
476 2475 523 2528 est
537 2462 691 2536 omniurn,
709 2485 766 2528 noa
785 2486 910 2552 quoque
926 2463 1132 2552 postulamus,

114 2585 152 2637 ut
169 2594 363 2658 nequaquam
381 2571 453 2636 odio
469 2569 642 2637 habeamur
659 2582 691 2637 et
708 2573 889 2658 puniamur,
908 2573 981 2660 quia
997 2573 1134 2638 dicimur

61 2693 66 2700 '
112 2679 283 2752 Christiani
304 2679 397 2766 (quid
415 2677 501 2744 enim
518 2679 608 2750 nohis
626 2679 689 2746 hoo
708 2702 825 2748 nomen
843 2679 883 2742 a'd
899 2681 1072 2768 nequitiam
1086 2680 1134 2746 as-

114 2788 212 2878 terat)
229 2788 284 2854 sed
298 2787 476 2875 judicemur
491 2786 530 2852 de
546 2810 746 2875 quocumque
761 2788 830 2875 quis
845 2790 1015 2865 vocaverit,
1031 2809 1070 2855 aa
1084 2788 1134 2854 val

114 2897 313 2966 absolvamur
327 2898 461 2963 refutato
476 2897 619 2972 erimine,
635 2896 683 2963 vel
698 2897 841 2968 convicta
857 2897 1058 2985 improbitate
1073 2921 1134 2986 pu·
1230 2913 1235 2920 '

116 3010 254 3081 nhmura
278 3031 340 3073 non
354 3021 483 3096 propter
498 3030 615 3077 nomen
637 3007 749 3091 (nemo
764 3007 849 3072 enim
865 3005 1060 3074 Christianus
1075 3009 1136 3086 im,-

117 3119 245 3206 prohus,
260 3117 318 3182 nisi
329 3116 504 3182 doctrinam
516 3116 600 3189 haue
611 3111 753 3182 simulate
766 3112 962 3202 profiteatur)
977 3117 1032 3182 sed
1043 3141 1137 3207 prop·

119 3239 164 3290 ter
178 3226 309 3292 crimen.
332 3222 385 3290 Sic
404 3237 436 3290 et
453 3224 492 3290 de
507 3220 701 3310 philosophia
719 3218 876 3307 judicium·
892 3221 965 3288 ferri
979 3225 1133 3299 videmus,

119 3359 253 3423 quorum
273 3357 366 3401 nemo
387 3347 463 3400 ante
483 3333 650 3422 judicium,
674 3331 812 3398 scientiae
830 3335 976 3411 sotanis
993 3336 1133 3411 nomine,

116 3447 219 3513 bonus
233 3454 288 3508 aut
302 3442 403 3509 malus
417 3444 515 3531 judici
526 3442 661 3519 videtur,
677 3439 732 3506 sed
748 3441 910 3528 improbus
922 3442 1135 3532 deprehensus

118 3554 260 3642 punitur,
282 3550 368 3619 nullo
391 3553 422 3618 in
443 3549 672 3640 philosophiam
692 3551 888 3616 redundante
910 3552 1041 3616 crimine
1065 3553 1139 3637 (irn-

116 3661 236 3750 prohus
251 3659 335 3725 enim
347 3656 399 3724 ille
410 3670 469 3734 est,
486 3660 540 3746 qui
552 3681 616 3724 non
627 3657 765 3746 legitime
775 3656 1026 3747 philosophatur,
1043 3661 1141 3726 scien·

1 3791 2 3806 ³
117 3769 160 3837 tia
178 3779 264 3832 extra
278 3768 423 3852 noxiam)
443 3765 573 3856 repulsis
589 3779 695 3842 autem
710 3767 874 3835 calumniis
885 3768 1063 3834 dimittitur.
1083 3770 1143 3837 No·

1 3893 2 3964 q
118 3877 168 3940 bis
189 3898 316 3964 quoque
337 3889 477 3941 servetur
494 3875 561 3942 haec
581 3876 658 3961 juris
677 3873 890 3961 aequabilitas:
914 3877 1091 3962 inquiratur
1110 3879 1143 3942 in
1183 3893 1188 3902 ’

215 4009 248 4050 ¹¹·
950 3991 969 4064 l
