2648 4634
216 239 279 318 452
539 259 651 302 asueri
677 257 791 304 insuar
816 257 877 302 arn.
905 259 937 301 rr

217 380 348 442 sterrae,
375 368 518 455 jumenta
544 367 577 432 iu
604 366 766 432 montibus
789 379 822 430 et
840 367 965 432 boves:
990 365 1129 454 cognovi
1150 364 1248 429 omnis

218 475 382 544 »volatilia
404 474 488 551 eoeli,
514 489 547 542 et
565 475 686 566 species
708 474 775 565 agri
794 497 923 542 mecum
942 465 1000 542 est.
1037 475 1071 540 Si
1101 475 1249 546 esuriero,

219 615 232 650 s
247 609 312 653 non
327 585 432 652 dicam
446 584 502 650 tibi
519 607 527 648 r
548 608 639 651 meus
654 597 702 651 est
717 585 803 652 euim
821 587 907 654 orbis
921 599 1027 663 terrra,
1044 598 1077 651 et
1092 583 1251 674 plenitudo

221 697 328 784 »ejus
348 693 511 782 Numquid
521 693 725 760 manducabo
740 706 1046 772 carnestaurorum,
1059 706 1116 760 aut
1133 695 1251 782 megui-

220 825 320 870 »nem
336 802 497 869 hircorum
512 801 633 890 potabo
643 801 653 836 ¹
664 801 702 866 P·
716 801 840 868 Deinde
857 803 980 891 nequis
994 813 1101 891 putet,
1118 813 1251 890 proptor-

219 935 255 978 aa
268 912 353 1001 quod
365 911 567 987 irasceretur,
584 933 658 978 eum
671 933 818 978 recusare
830 910 912 987 baec,
924 911 1032 987 insert,
1046 909 1250 978 consilinmei

221 1023 320 1088 daus:
337 1018 489 1088 «immola
505 1019 573 1086 Deo
589 1019 783 1086 sacrificium
799 1018 914 1098 laudis,
934 1033 966 1086 et
981 1021 1080 1086 redde
1097 1019 1250 1086 ditissimo

219 1159 232 1194 s
248 1141 318 1196 vota
333 1141 401 1205 tua,
418 1140 451 1192 et
465 1129 576 1194 invoca
588 1150 640 1194 me
651 1128 685 1194 in
697 1127 748 1194 dic
760 1127 972 1196 tribulationis
983 1139 1060 1204 tuse,
1078 1141 1113 1196 et
1128 1127 1250 1217 eripiam

219 1250 290 1314 ste,
309 1249 341 1304 et
358 1234 550 1327 glorificabis
566 1233 656 1309 me²3
673 1233 751 1301 »illa
768 1235 913 1324 quidam,
934 1260 993 1326 per
1009 1261 1082 1327 quae
1103 1238 1251 1327 putabant

219 1359 388 1438 peccantes
403 1343 566 1436 propitiari
582 1343 699 1422 Deum,
720 1347 864 1412 abnuens
882 1370 890 1412 ε
908 1344 976 1413 haee
990 1358 1102 1412 autem
1118 1367 1179 1434 pcr
1192 1369 1251 1431 qua

219 1455 411 1546 justificetur
425 1453 535 1527 bomo,
550 1463 583 1518 et
596 1453 829 1544 appropinquat
845 1453 926 1530 Deo,
941 1454 1088 1521 bortatur
1104 1465 1142 1518 et
1155 1453 1251 1518 admo

220 1577 285 1633 net.
307 1565 377 1632 Hoc
395 1562 481 1630 idem
498 1573 607 1628 autem
625 1573 658 1628 et
676 1563 783 1628 Esaias
802 1563 866 1628 aits
889 1564 988 1644 «Quo
1010 1563 1089 1629 mihi
1114 1561 1252 1629 multitu-

220 1677 356 1742 »dinem
376 1672 603 1741 sacrificiorum
627 1673 827 1740 vestrorum?
852 1674 931 1740 dicit
948 1673 1118 1740 Dominus.
1145 1671 1252 1738 Plenus

221 1783 381 1850 »sum⁸.»
403 1782 443 1847 Et
461 1803 536 1848 eum
556 1781 717 1848 abnuisset
734 1780 1019 1858 holocaustomata,
1038 1795 1073 1847 et
1088 1781 1251 1856 sacrificia,

220 1905 252 1960 at
270 1891 457 1966 oblationes,
475 1891 571 1958 etiam
587 1900 619 1956 et
634 1892 830 1968 neomenias,
847 1905 879 1958 et
894 1891 1038 1968 sabbata,
1055 1903 1089 1959 et
1104 1891 1212 1966 serias,
1225 1903 1252 1956 et

221 2001 376 2092 reliquam
395 2001 574 2068 universam
594 2013 841 2090 consequentem
857 2002 904 2068 his
920 2002 1192 2078 observationem,
1210 2003 1252 2066 in-

222 2111 306 2188 tulit,
319 2111 455 2178 suadens
466 2111 511 2176 eis
523 2135 594 2200 quae
606 2109 752 2178 salutaria
764 2122 837 2178 sunt
851 2136 858 2178 :
878 2111 1075 2188 moramini.
1087 2111 1204 2178 muudi
1214 2135 1251 2177 ee

221 2235 327 2297 stote,
345 2219 466 2287 auferte
481 2221 637 2310 nequitias
653 2244 671 2287 a
687 2220 838 2288 cordibus
854 2222 965 2288 vestris
980 2223 1020 2288 ab
1036 2220 1141 2288 oculis
1157 2223 1250 2288 meis:

221 2328 382 2396 »desinite
397 2352 414 2394 a
431 2325 559 2394 malitiis
570 2328 693 2404 vestris,
707 2328 817 2397 discite
833 2331 954 2395 bonum
971 2328 1087 2406 iacere,
1104 2329 1252 2418 exquirito

221 2469 234 2502 s
248 2437 418 2528 judicium,
439 2437 541 2502 eruite
559 2459 633 2502 eum
651 2436 706 2525 qui
728 2437 877 2525 injuriam
891 2438 1024 2528 patitur,
1039 2437 1184 2526 judicate
1199 2463 1254 2526 pn-

221 2577 233 2610 ι
249 2545 337 2639 pillo,
360 2556 393 2612 et
410 2544 581 2634 justificate
600 2545 741 2624 viduam,
761 2559 794 2614 et
812 2548 930 2624 venite,
950 2546 1163 2638 disputemus,
1184 2547 1256 2615 dicit

222 2657 403 2724 »Dominus
413 2655 459 2720 ’.ι

266 2766 307 2833 ΙΙ.
326 2766 397 2834 Non
412 2765 499 2832 enim
514 2764 597 2832 sicut
607 2765 705 2834 homo
721 2779 838 2844 motus,
855 2779 891 2834 ut
902 2765 994 2834 multi
1006 2767 1124 2833 audent
1134 2766 1259 2840 dicere,

223 2876 349 2944 divertit
366 2897 478 2941 eorum
497 2874 668 2950 sacrificia:
694 2875 750 2942 sed
766 2876 918 2942 miserans
933 2899 1047 2944 eorum
1062 2877 1209 2952 caecitati,
1229 2889 1260 2942 et

220 3009 331 3054 verum
350 2983 541 3052 sacrificium
560 2986 734 3063 insinuans,
751 2986 837 3074 quod
852 2985 1020 3054 offerentes
1035 2989 1256 3077 propitiabun·

221 3110 273 3164 tur
288 3095 405 3170 Deum,
422 3103 458 3159 ut
470 3094 510 3159 ab
523 3116 561 3159 eo
574 3093 672 3159 vitam
684 3095 869 3184 percipiant.
889 3094 1173 3175 Quemadmodum
1183 3095 1256 3162 alibi

222 3208 286 3274 ait:
305 3201 531 3271 ‹Sacdfieium
550 3201 618 3268 Deo
636 3224 693 3268 cor
713 3201 979 3278 contribulatumr
999 3204 1080 3304 odor
1096 3205 1259 3270 suavitatis

221 3313 329 3390 »Dao,
352 3335 409 3381 cor
431 3307 609 3379 clarificans
631 3333 707 3376 eum
725 3311 781 3399 qui
799 3309 1005 3401 plasmavit.»
1025 3313 1059 3380 si
1076 3314 1165 3380 enim
1181 3317 1257 3382 iras-

223 3445 297 3492 cens
313 3422 469 3487 abnueret
487 3419 556 3485 haec
575 3441 688 3485 eorum
708 3417 875 3497 sacrificia,
894 3433 1047 3510 tanquam
1065 3423 1119 3513 qni
1136 3423 1258 3515 indigni

222 3543 326 3601 essent
337 3532 488 3619 consequi
500 3529 750 3598 misericordiam
761 3531 844 3620 ejus,
856 3555 921 3599 non
933 3532 1042 3622 utique
1052 3533 1175 3602 eaden
1186 3535 1258 3624 ipsis

223 3641 369 3710 suaderet
390 3663 447 3731 per
467 3661 538 3729 quas
556 3638 667 3706 salvari
682 3653 821 3732 possent.
847 3640 1079 3732 sedquoniam
1096 3643 1185 3712 Deus
1203 3645 1258 3712 mi-

255 3799 339 3852 ¹Pssb
356 3815 422 3862 xtra,
437 3819 453 3868 9
467 3809 492 3853 et
509 3819 581 3868 seqq.
600 3829 631 3844 ι-
648 3800 732 3853 ²1tid.
751 3801 789 3862 rt,
802 3805 837 3852 15.
855 3829 885 3841 ·-
899 3802 985 3854 Ἐπὶ.
997 3823 1016 3864 ι,
1029 3820 1064 3853 ιι.
1083 3831 1115 3842 -
1130 3801 1218 3854 *ΜΛ
1233 3804 1257 3850 st

222 3897 247 3938 et
261 3900 333 3952 seqq.
