2516 4636
323 305 445 352 coarat
471 305 620 350 mansas.
925 279 986 363 547

24 381 56 487 i,
79 411 142 479 sed
159 411 314 478 sententia
336 435 447 479 eorum
463 412 502 478 de
518 412 586 478 Deo
605 432 679 479 oum
693 420 776 477 asset
795 408 879 484 talis,
899 429 989 475 oroe-

24 509 49 587 ‘t
71 522 272 598 doctrinam,
288 521 559 610 quemadmodum
572 522 683 590 audire
695 531 853 610 poterant.
868 517 989 585 Secun-

24 609 133 699 iruno
148 632 245 721 igitur
260 653 440 698 sermonem
454 633 540 722 apud
559 633 719 700 neminem
734 633 795 698 erit
811 628 918 720 regula
932 651 989 694 ve-

24 723 61 815 is,
82 739 143 806 aed
160 761 270 806 omnes
285 738 431 829 discipuli
446 742 594 808 omnibus
609 741 824 831 imputabunt,
837 731 991 829 quoniam

24 847 228 916 ,admodum
250 850 465 939 unusquisqne
487 851 657 927 sentiebat,
673 864 706 917 et
720 849 990 938 quemadmodum

24 959 110 1035 bat,
127 958 176 1025 aio
191 971 224 1024 et
240 981 344 1026 sermo
355 957 396 1024 nd
408 981 483 1026 eum
497 959 599 1026 faetus
611 971 669 1026 est.
684 959 871 1048 Superssuus
882 971 991 1024 autem

24 1065 117 1134 utilis
141 1068 299 1134 adventus
316 1066 446 1134 Domini
463 1069 600 1158 parebit,
618 1068 643 1134 si
662 1068 793 1156 quidem
813 1069 899 1134 venit
915 1089 991 1156 per-

24 1199 103 1241 rrue
127 1188 163 1241 et
184 1187 365 1242 servaturam
381 1175 632 1265 uniuscujusque
644 1175 720 1244 olim
732 1176 858 1242 inuitam
869 1176 910 1244 de
920 1176 988 1242 Deo
1082 1199 1088 1207 ·

24 1307 144 1352 onem.
164 1283 281 1352 Adhuc
295 1285 392 1352 etiam
410 1297 443 1352 et
465 1283 567 1352 multo
586 1285 697 1352 durius
718 1295 800 1361 erat,
815 1307 911 1373 quem
929 1285 990 1351 bo-

24 1415 67 1459 m
80 1393 230 1460 viderant
239 1393 355 1470 Judaei,
371 1405 404 1461 et
419 1395 507 1461 ornei
520 1393 697 1471 affixerant,
710 1396 892 1463 annuntiari
903 1395 990 1462 buno

24 1503 201 1568 Christum
215 1501 332 1570 Filium
348 1503 420 1581 Dei,
436 1516 593 1571 eternum
608 1504 751 1592 ipsorum
766 1504 896 1593 Regem.
919 1503 990 1571 Non

24 1635 36 1676 r
54 1613 126 1700 jam
148 1613 327 1679 secundum
349 1611 516 1700 priatinam
537 1633 650 1678 eorum
672 1613 858 1702 opinionem
878 1611 991 1701 ioque-

24 1743 65 1784 nr
79 1720 123 1785 ad
136 1741 201 1786 eos.
222 1719 286 1800 Qui
308 1720 394 1786 enim
414 1719 447 1786 in
470 1719 585 1786 faeiem
605 1719 825 1788 interfectores
841 1743 896 1786 eoa
919 1743 988 1788 esse

25 1830 76 1894 ini
93 1827 257 1904 dicebant,
269 1825 371 1894 multo
382 1829 482 1918 magia
493 1827 685 1896 fiducialiter
695 1852 770 1894 oum
781 1828 921 1905 Patrem,
933 1831 988 1917 qui

24 1961 41 2001 r
59 1937 270 2026 Demiurgum
281 1949 342 2014 eet,
354 1947 387 2004 et
399 1937 472 2034 ipsis
483 1939 721 2016 annuntiarent,
733 1951 766 2006 ot
777 1961 842 2006 non
857 1940 890 2006 in
902 1939 989 2029 quod

24 2049 82 2114 bat
106 2049 336 2138 unusquisque;
354 2061 386 2116 et
407 2048 508 2115 multo
528 2050 634 2117 minus
654 2062 722 2116 erat
740 2061 922 2139 peceatum,
943 2049 987 2116 sf-

24 2179 79 2222 em
102 2159 299 2247 superiorem
320 2155 530 2236 Salvatorem,
555 2159 596 2224 ad
619 2181 716 2249 quem
737 2160 909 2230 ascendere
931 2183 986 2238 eoa

24 2279 126 2344 teret,
136 2269 287 2358 quoniam
299 2282 381 2336 esset
397 2269 608 2359 impassibilia,
621 2293 685 2336 non
702 2267 872 2336 affixiseent
883 2270 982 2338 eruci.

24 2377 233 2445 madmodam
246 2377 333 2446 enim
348 2377 505 2447 Gentibus
520 2403 584 2446 nou
600 2381 779 2446 seeundum
794 2381 985 2447 sententiam

24 2509 80 2552 um
101 2487 325 2576 loquebantur,
349 2488 406 2556 sed
428 2511 503 2556 oum
522 2488 639 2556 fiducia
662 2489 812 2557 dicebaut
835 2489 985 2577 quoniam

24 2598 163 2685 ipsorum
181 2621 246 2666 non
260 2611 365 2664 essent
379 2597 436 2674 dii,
453 2597 509 2664 sed
525 2597 607 2665 idola
624 2599 871 2672 daemonioruma
890 2595 985 2664 eimili

24 2729 45 2771 o
61 2717 93 2772 et
106 2704 224 2774 Jndaeie
237 2709 491 2786 annuntiassent,
507 2709 532 2775 si
548 2707 686 2774 alterum
701 2710 857 2795 majorem
872 2717 905 2772 et
916 2727 986 2794 per-
1063 2767 1066 2774 .

24 2839 112 2882 orem
131 2818 263 2885 soiseent
280 2818 420 2896 Patrem,
445 2841 510 2885 non
538 2819 769 2893 adnutrientes,
791 2839 896 2905 neque
923 2839 983 2882 au-

24 2949 60 2992 es
73 2949 182 2994 aarum
203 2951 268 2994 non
291 2951 398 2994 veram
414 2929 453 2993 de
475 2928 544 2995 Deo
560 2929 755 3016 opinionem.
774 2927 985 2993 Ethnioorum

24 3057 60 3098 m
74 3033 227 3100 solventes
241 3057 396 3112 errorem,
409 3046 443 3101 et
453 3035 632 3102 auferentes
644 3057 698 3101 eos
713 3058 731 3100 a
746 3035 811 3101 suis
826 3035 906 3113 Diis,
918 3059 984 3108 non

24 3167 63 3210 ne
78 3141 210 3211 alterum
224 3146 269 3211 eie
291 3145 470 3221 inferebant
485 3167 644 3220 errorema
662 3147 718 3214 aad
733 3145 913 3212 auferentes
930 3169 985 3212 eoa

25 3277 89 3320 non
99 3248 193 3321 ernnt'
198 3254 255 3331 dii,
269 3277 344 3321 eum
362 3255 416 3344 qui
432 3254 517 3322 solue
533 3267 601 3322 erat
613 3255 699 3322 Deus
714 3267 747 3322 et
761 3277 855 3320 verua
876 3254 982 3329 Pater,
1014 3287 1021 3298 ,

24 3365 166 3432 nderunt.
868 3371 871 3380 ’

24 3497 44 3538 x
59 3473 156 3540 verbis
173 3473 257 3541 Petri
278 3472 385 3564 igitur,
402 3497 472 3563 quae
491 3475 566 3542 faoit
585 3476 618 3542 in
634 3475 776 3542 Cesarea
792 3475 833 3540 ad
856 3473 983 3540 Corne-

24 3608 32 3648 r
53 3583 278 3659 centurionem,
294 3595 328 3650 et
348 3605 402 3650 eos
419 3585 472 3672 qui
487 3606 563 3651 oum
577 3609 619 3650 eo
631 3596 723 3652 erant
738 3583 892 3660 Gentiles,
909 3584 982 3673 qui-

28 3692 126 3784 primo
141 3704 304 3760 enarratas
320 3705 367 3760 est
382 3715 486 3760 sermo
502 3695 573 3771 Dei,
590 3695 850 3786 cognoscendum
864 3707 912 3762 est
927 3717 981 3764 uo

32 3827 98 3892 qua
117 3803 345 3870 annuntiabant
368 3803 522 3895 Apostoli,
546 3815 579 3871 et
599 3803 699 3893 qualis
723 3805 781 3870 fuit
799 3805 981 3894 pradicatio

24 3936 111 3989 uum,
132 3927 162 3981 et
182 3936 279 4002 quam
299 3915 480 3982 babuerunt
503 3915 542 3982 de
566 3913 633 3982 Deo
657 3916 855 3986 sententiam.
876 3942 888 3975 ι
906 3917 982 3981 Erat
