2710 4662
493 250 685 294 suranensis.
1045 249 1102 314 rap

101 358 245 448 Quarta
271 381 407 455 porro,
430 358 531 456 quod
555 362 708 430 Romam
730 353 927 426 deveniens
948 357 993 428 de
1016 357 1103 430 cele·

50 459 197 532 brando
213 461 404 536 Paschate
419 489 504 536 cum
518 466 552 536 S.
566 465 717 536 Aniceto
731 485 936 534 sermonem
951 463 1105 536 contule·

50 569 116 652 rit,
139 569 195 637 ita
217 581 354 641 tamen
377 563 692 678 utxu'nusquisqu‘e
709 573 745 640 in
763 592 828 640 sua
846 569 1107 644 consuetudine

48 692 312 768 permaneret.
329 679 404 748 Hic
420 679 608 748 inventum
624 678 863 760 Marcionem,
882 679 945 772 qui
964 675 1011 746 ab
1028 682 1107 777 ipso

46 778 253 872 quaerebat
265 797 400 854 utrum
412 797 621 880 agnosceret
634 805 734 868 eum,
747 782 882 878 repulit
894 780 952 854 his
963 783 1104 856 verbis:

45 913 63 948 a
79 889 267 983 Agnosco
283 899 323 964 t'e
340 893 622 988 primogenitum
640 893 787 960 Satanae.
802 919 820 955 a
838 891 921 976 Hic,
936 914 1021 960 cum
1039 893 1104 962 ali-

45 992 147 1088 quid
171 997 354 1070 Ecclesiae
375 999 548 1071 doctrinm
567 1000 788 1070 contrarium
807 997 965 1086 audiret,
984 1000 1102 1072 excla-

46 1123 153 1172 mare
171 1102 349 1176 solebat:
370 1109 499 1178 «Deus
514 1106 628 1194 bone,
647 1129 727 1203 quae
740 1129 799 1178 me
814 1110 849 1177 in
867 1120 1034 1203 tempora
1048 1133 1102 1180 re·

49 1239 66 1272 n
80 1215 236 1282 servasti
249 1210 257 1280 Ξ
272 1243 293 1280 a
313 1213 471 1312 (Euseb.
490 1213 552 1286 lib.
572 1239 608 1303 v,
627 1239 656 1286 c.
673 1214 752 1301 ao.)
765 1217 832 1286 Hic
849 1214 986 1286 multos
1000 1241 1022 1286 a
1034 1222 1102 1289 Va·

49 1314 197 1390 lentino
217 1318 403 1420 deceptos
419 1319 563 1394 reduxit
582 1320 629 1394 ad
644 1325 847 1409 veritatem,
861 1323 1102 1422 Ecclesiaeque

52 1426 228 1498 restituit.

101 1532 292 1629 Quintam
303 1534 477 1632 denique,
491 1537 753 1634 quapraecipue
763 1532 946 1620 inclaruit,
963 1557 1105 1608 causam

57 1637 97 1706 in
116 1644 307 1735 martyrio
321 1647 540 1738 reperimus,
553 1641 657 1737 quod
670 1653 866 1736 postquam
881 1643 1064 1736 sexaginta
1075 1659 1110 1714 et

62 1745 231 1841 amplius
250 1753 359 1819 annis
375 1771 479 1818 suam
495 1751 646 1817 rexisset
662 1745 851 1818 ecclesiam
862 1746 902 1814 in
918 1749 1001 1841 igne
1015 1747 1111 1818 forti-

68 1863 127 1918 ter
141 1851 255 1940 tulit,
276 1879 335 1925 an.
353 1855 396 1924 C.
421 1853 499 1948 169.
519 1859 665 1924 Beatam
686 1851 765 1946 ejus
782 1865 934 1922 mortem
954 1851 1112 1927 referunt

74 1957 326 2050 Smymenses
341 1961 379 2027 in
396 1956 527 2028 celebri
548 1957 609 2028 illa
629 1958 787 2055 Epistola
804 1981 911 2054 quam
931 1957 976 2030 ad
995 1959 1108 2033 Phila-

77 2057 320 2160 delphienses
338 2067 506 2162 scriptam
523 2064 616 2136 infra
637 2063 851 2154 referemus;
874 2067 970 2138 unde
990 2093 1010 2138 a
1028 2095 1106 2142 nar-

74 2164 205 2240 randis
222 2172 385 2267 martyrii
406 2173 697 2260 circumstantiis,
718 2195 816 2242 nunc
833 2195 981 2268 prorsus
998 2171 1104 2248 absti-

71 2271 255 2346 nendum.

120 2385 210 2454 Haec
230 2384 278 2456 de
305 2385 403 2457 illius
433 2385 659 2483 aliorumque
688 2388 775 2456 actis
799 2383 978 2481 Scaliger:
1008 2393 1105 2458 «Eo-

74 2515 92 2550 »
103 2510 187 2560 mm
204 2489 359 2564 lectione
376 2495 516 2590 piorum
537 2496 680 2564 animus
692 2495 743 2562 ita
759 2490 930 2580 afficitur,
946 2507 990 2563 ut
1012 2493 1103 2564 irun-

73 2619 219 2690 »quam
239 2616 338 2672 satur
361 2601 447 2672 inde
473 2599 644 2673 recedat:
669 2597 772 2697 quod
790 2597 940 2695 quidem
961 2603 1014 2671 ita
1032 2623 1107 2670 esse
1130 2670 1133 2676 .

74 2731 90 2762 n
104 2711 359 2806 unusquisque
379 2733 446 2808 pro
468 2721 577 2807 captu
597 2733 664 2780 suo
689 2723 726 2778 et
748 2709 971 2778 conscientia
999 2709 1108 2778 modo

77 2837 93 2868 a
107 2817 242 2886 sentire
256 2832 386 2914 potest.
403 2818 510 2890 Certe
526 2841 594 2914 ego
612 2815 704 2887 nihil
721 2838 887 2913 unquam
903 2817 940 2884 in
960 2813 1109 2886 historia

82 2921 349 2996 »ecclesiastica
363 2923 437 2995 vidi
455 2950 476 2996 a
490 2925 594 3021 cujus
609 2925 766 2995 lectione
780 2924 996 2992 commotior
1009 2946 1107 2994 rece·
1146 3005 1150 3014 ,

88 3043 103 3079 t
117 3019 215 3112 dam,
226 3044 354 3100 utnon
367 3031 522 3128 amplius
534 3053 637 3103 meus
650 3053 727 3102 esse
740 3027 873 3100 videar.
885 3059 901 3096 a
915 3028 1103 3125 (Animad.

92 3123 130 3190 in
148 3129 277 3202 chron.
294 3133 445 3231 Euseb.)

143 3237 230 3310 dcta
247 3246 407 3335 martyrii
426 3243 502 3336 ejus
521 3245 594 3337 jam
611 3244 698 3316 olim
717 3242 806 3314 lecta
825 3249 861 3316 in
881 3245 1056 3332 Ecclesia,
1074 3261 1109 3317 et

90 3335 168 3412 dies
179 3341 308 3416 natalis
321 3345 531 3434 celebratus:
543 3368 798 3447 nuncquoque
812 3350 1019 3446 sepulcrum
1033 3353 1108 3446 ejus

87 3451 309 3542 quotannis,
328 3449 420 3524 festo
434 3457 545 3550 ipsius
555 3458 736 3526 memoria
749 3469 969 3540 consecrato,
981 3457 1105 3530 solem·

84 3556 177 3628 niter
188 3561 299 3630 invisi
315 3573 470 3630 testatur
478 3559 631 3631 Thomas
641 3559 802 3631 Smithus
815 3563 851 3630 in
868 3565 990 3636 notitia
1003 3591 1023 3664 7
1038 3571 1102 3638 Ec·

85 3659 268 3739 elesiarum
288 3668 396 3752 Asin,
414 3664 480 3737 ubi
495 3681 533 3737 et
545 3669 680 3738 mentio
695 3666 819 3765 ampli,
835 3669 931 3766 quod
945 3675 1102 3770 Smyrnae

83 3769 197 3846 adhuc
217 3774 439 3864 ostenditur,
462 3775 736 3874 amphitheatri,
758 3780 793 3847 in
813 3803 885 3876 quo
907 3800 1103 3854 coronatus

81 3884 248 3978 martyrio
262 3882 483 3984 Polycarpus
496 3883 579 3974 luit,
595 3887 698 3984 cujus
709 3887 744 3959 in
757 3894 968 3962 memoriam
980 3895 1105 3962 Roma

161 4011 184 4058 ¹·
953 4020 974 4082 o
