2648 4634
218 297 286 380 454
542 319 655 366 aaacrr
678 317 793 366 ineam
816 319 878 366 nra.
904 317 938 365 rr

223 430 306 498 sicut
325 431 442 500 iterum
461 429 569 499 aniae
586 430 650 499 ait:
675 431 770 500 «Non
788 429 868 498 mihi
886 454 961 499 ovea
979 427 1257 498 hoiccnmtomatia

221 565 236 604 a
250 539 311 616 tui,
328 540 433 608 necin
446 537 608 608 sacrificiis
620 539 683 607 tuia
692 537 873 610 dedicanti
883 561 954 609 mo:
968 561 1035 608 non
1046 539 1173 606 cunuti
1186 539 1257 608 mihi

220 676 235 712 a
250 649 284 716 in
301 647 475 724 sacrificiis,
494 669 557 716 ncc
572 645 693 736 aliquid
710 645 867 714 laboriose
885 647 988 715 fecisti
1007 649 1042 715 in
1056 647 1183 714 thuro:
1204 670 1257 714 nec

218 769 455 826 »mercaturae
473 757 552 826 mihi
566 768 699 848 argento
717 758 897 837 incensum,
916 779 979 826 neo
993 758 1126 848 adipem
1142 756 1252 824 coccii

219 866 370 936 »dorum
391 877 522 934 tuorum
545 865 731 958 concupivia
756 866 813 934 aad
833 865 868 934 in
893 867 1033 957 pcccatis
1056 867 1123 932 tuis
1148 865 1253 932 otini

218 1001 232 1037 a
247 975 419 1066 quitatibus
435 975 499 1043 tuis
514 985 589 1044 ante
603 999 657 1044 mc
672 974 784 1044 ctotiati
795 975 818 1044 ⁸.
842 974 947 1068 Super
961 997 1060 1064 quem
1076 975 1192 1066 igitur,
1207 975 1253 1050 ait,

219 1083 412 1174 respiciam,
431 1084 491 1152 uici
506 1105 602 1175 anper
616 1083 784 1162 humilem,
799 1097 832 1152 et
846 1086 1003 1177 quietum,
1017 1095 1052 1152 ct
1068 1095 1254 1154 trementem

218 1215 408 1262 »sermones
423 1215 512 1264 mccc
521 1192 557 1262 ’i
572 1193 643 1266 Non
654 1195 741 1264 enim
756 1194 864 1286 adipes
879 1207 912 1264 ct
926 1217 1037 1262 carneo
1050 1193 1192 1284 pinguae
1205 1216 1253 1259 an-

216 1301 350 1371 afcrent
366 1325 385 1368 a
404 1314 438 1371 tc
455 1303 625 1391 injustitiae
643 1302 747 1372 tura·-
768 1303 839 1376 Hoc
855 1315 904 1371 eat
920 1303 1081 1394 jejunium
1097 1301 1190 1392 quod
1204 1325 1251 1392 aga

216 1407 340 1500 relegi,
366 1408 444 1478 dicit
467 1407 632 1479 Dominus.
664 1407 760 1478 Solve
783 1431 913 1478 omnem
936 1407 1060 1476 nodum
1081 1408 1251 1498 injustitie,

216 1515 382 1586 adiseolvc
406 1539 568 1588 connexus
596 1516 784 1587 violentium
812 1519 1104 1594 commerciorum,
1139 1517 1252 1586 dimitte

217 1637 409 1717 aquaaoatco
428 1627 462 1696 in
483 1628 640 1716 requiem,
661 1640 695 1696 ct
714 1650 845 1696 omnem
864 1627 1140 1717 conscriptionem
1159 1628 1251 1717 injus·

216 1748 311 1804 atam
330 1735 512 1804 conscinde.
534 1735 659 1828 Frange
672 1735 824 1804 esurienti
838 1758 955 1826 panem
971 1748 1063 1804 tuum
1080 1758 1124 1802 cx
1138 1735 1252 1812 animo,

215 1857 277 1914 act
289 1845 493 1936 peregrinum
507 1845 575 1914 cine
589 1856 675 1916 tecto
691 1845 790 1914 induc
804 1847 838 1914 in
854 1847 986 1914 domum
1001 1857 1104 1912 tuam.
1125 1844 1162 1912 Si
1177 1845 1251 1912 ride

214 1954 286 2024 »ris
304 1957 441 2033 nudum,
461 1957 590 2048 cooperi
607 1980 695 2035 eum,
715 1971 748 2026 ot
766 1958 957 2028 domcaticoe
975 1956 1108 2025 ceminio
1127 1958 1176 2023 tui
1193 1979 1251 2024 non

215 2093 229 2129 a
244 2065 407 2156 dmpicics.
426 2063 520 2134 Tunc
538 2079 689 2157 erumpet
698 2068 893 2136 matutinum
906 2065 1016 2134 lumen
1031 2077 1141 2142 tuum,
1157 2077 1192 2132 ot
1205 2088 1250 2132 ca·

215 2173 440 2241 »nitntca'tuae
459 2172 552 2242 citius
570 2175 725 2252 orientur,
745 2186 778 2242 ct
794 2174 953 2266 praecedet
971 2185 1046 2242 ante
1065 2187 1098 2240 tc
1120 2175 1251 2264 justitia,

215 2294 276 2350 act
293 2282 393 2372 gloria
411 2283 540 2351 Domini
558 2283 770 2354 circumdabit
787 2296 844 2351 ta:
866 2294 900 2350 et
921 2283 1028 2350 adhuc
1046 2293 1080 2349 te
1099 2281 1252 2370 loquente

215 2419 229 2455 a
243 2390 362 2469 dicam,
380 2393 466 2460 Ecce
480 2391 595 2462 adeum
604 2391 628 2457 ¹.
642 2420 655 2456 a
670 2393 711 2460 Et
725 2391 895 2461 Zachariae
909 2403 1020 2458 autem
1034 2392 1070 2458 in
1083 2391 1252 2458 duodecim

213 2499 394 2592 Prophetis,
414 2501 595 2592 significans
609 2503 655 2571 eia
670 2501 868 2572 voluntatem
882 2503 954 2581 Dei,
969 2503 1036 2570 ait:
1061 2503 1160 2570 «liaeo
1176 2501 1253 2568 <licit

215 2613 397 2682 ‚romnus
416 2613 641 2703 omnipotens:
663 2597 828 2683 iodicium
842 2617 964 2704 pacm
979 2615 1135 2704 jaree,
1152 2615 1254 2704 proa-

215 2731 310 2787 »tom
319 2732 351 2788 et
360 2719 611 2790 mirericordiam
621 2721 715 2790 facita
725 2723 1132 2815 unusquisqneadfratrem
1144 2745 1255 2789 auum.

215 2858 229 2894 a
243 2828 394 2906 Viduam,
405 2841 439 2896 ct
451 2827 644 2919 orphanum,
656 2843 690 2898 et
698 2829 909 2921 proaclytum,
922 2840 954 2897 ct
964 2852 1139 2921 pauperem
1152 2830 1255 2897 nolite

215 2938 434 3030 »opprimere
452 2951 487 3006 et
503 2939 721 3030 unusquisque
739 2940 867 3010 matitia
884 2940 990 3010 fratris
1006 2941 1057 3008 aui
1075 2963 1142 3008 non
1163 2943 1256 3008 remi-

215 3048 384 3118 »niocatur
403 3047 437 3114 in
460 3049 557 3118 corde
579 3049 697 3116 auci»
718 3051 760 3118 Et
776 3050 916 3118 iterum:
943 3049 1007 3116 «Hi
1025 3059 1113 3126 aunt,
1137 3051 1253 3138 inquit,

216 3178 406 3224 »aermonca
418 3179 497 3246 quoa
507 3155 637 3224 societis.
655 3157 837 3246 Loquimini
852 3159 1019 3226 veritatmn
1033 3160 1254 3250 unusquisque

216 3266 284 3334 aad
305 3267 485 3357 proximum
509 3287 616 3348 ouum,
639 3279 672 3334 ct
689 3267 846 3356 judicium
867 3267 1038 3358 pacificum
1057 3268 1253 3357 judicatein

217 3375 345 3466 »portia
367 3375 492 3451 vestrior
521 3385 554 3442 ot
578 3375 796 3465 unusquisque
818 3375 972 3445 maiitiam
991 3376 1097 3446 fratria
1119 3377 1172 3445 sui
1191 3401 1254 3446 non

216 3513 230 3549 a
246 3485 448 3575 recogitatio
463 3483 561 3554 corde
576 3508 650 3562 ouo;
673 3495 707 3552 ot
728 3486 920 3576 jurationem
940 3485 1050 3554 fabam
1070 3509 1112 3556 ne
1133 3485 1254 3554 dilexe-

217 3593 313 3660 »ritia
331 3615 340 3656 a
363 3592 516 3682 quoniam
533 3592 604 3662 haec
622 3593 728 3664 omnia
748 3594 814 3671 odi,
834 3593 912 3662 dicit
930 3593 1085 3666 Dominus
1104 3597 1253 3686 omnipo-

217 3701 347 3770 atene‘.
369 3728 383 3763 r
405 3701 446 3770 Et
467 3700 569 3770 David
591 3713 699 3772 autem
721 3701 865 3770 similiter
885 3726 894 3768 ε
918 3703 1027 3783 «Quis
1049 3712 1110 3780 cot,
1134 3704 1251 3793 inquit,

250 3855 338 3906 ¹Eaai.
347 3871 417 3916 naara,
430 3853 599 3907 23.—²Paai.
609 3871 675 3918 ura,
687 3873 711 3907 a.
721 3883 751 3895 ·-
760 3855 874 3909 ⁸Jarcm.
884 3871 922 3918 ra,
933 3857 973 3910 ri.
982 3885 1013 3898 -
1022 3856 1105 3908 ‘Beni
1119 3873 1192 3916 cvm,
1203 3855 1251 3904 fact

216 3941 345 4011 ccqq.-⁸
354 3943 459 3996 zachar.
469 3958 515 4004 vu,
525 3959 551 4008 9,
564 3959 601 3996 ro.
610 3943 658 3984 -θ
667 3943 770 3996 zacho
784 3959 839 4006 vau,
852 3943 890 4004 16,
903 3958 941 4008 ¹7·
