2640 4622
224 283 371 328 orasocos
396 281 455 326 cna
479 279 642 324 rarrnoan
664 278 779 322 sunno.
949 257 1010 322 385

18 407 72 448 ius.
99 384 152 451 Sic
172 391 279 454 ant'em
303 389 490 453 dictumest
510 408 517 447 :
536 387 604 450 «m
625 384 702 450 dixit
716 382 871 450 Dominus
891 383 1011 449 llosae:

18 491 76 554 Dic
97 492 214 580 populo
235 494 286 559 isti
309 516 317 555 τ
339 494 424 560 Ecce
442 515 501 579 ego
521 491 614 556 mitto
635 488 792 577 Angelum
811 511 920 555 mcum
942 504 1015 555 anto

18 595 132 662 sociem
146 611 247 675 tuam,
261 611 297 664 nt
309 598 466 664 custodiat
477 609 508 660 ta
520 597 552 662 in
564 597 625 671 ria,
636 607 669 660 ct
680 595 860 664 introducat
871 610 903 660 ta
911 597 944 661 in
956 609 1015 661 tor·

19 728 89 768 ram
111 730 207 793 qnam
231 707 337 794 paravi
356 705 424 770 tibi.
444 705 584 772 Observa
606 727 680 768 enm
694 715 727 769 et
748 705 821 770 andi
836 725 931 770 anm:
951 728 1014 770 non

19 809 140 874 rebella
161 813 203 886 ei,
222 835 287 878 non
301 812 386 878 anim
403 812 538 876 dimittet
551 824 594 876 te.
612 811 733 876 Nomen
748 835 885 900 namquo
906 835 1014 878 meum

21 929 69 980 cst
90 918 124 980 in
145 918 214 984 co¹.
233 920 338 997 »Quis
356 919 451 1007 igitar
468 929 573 1006 patres
591 930 709 982 vestros
727 919 760 986 in
782 932 898 984 terram
912 921 1014 985 intro-

18 1025 119 1088 uxorit
139 1025 267 1090 tandem
286 1025 453 1112 aliquando
473 1025 684 1095 considerator
710 1023 762 1088 illc
782 1026 942 1100 nimirum,
958 1027 1013 1114 qui

18 1154 55 1194 oc
70 1131 197 1196 nomina
213 1133 451 1219 cognominatus
467 1132 632 1206 estimas,
649 1153 723 1196 cnm
739 1131 837 1197 Auses
852 1145 942 1197 antea
959 1157 1015 1198 vc-

18 1249 128 1300 arctur.
149 1237 268 1302 Nomai
284 1238 317 1302 id
332 1239 615 1311 consideraveritis,
631 1237 709 1302 illud
727 1241 853 1324 quoqne
867 1239 1015 1328 intellige-

21 1367 48 1417 s,
67 1365 183 1408 nomen
201 1342 283 1408 illius
295 1346 348 1431 qni
364 1344 441 1408 dixit
457 1341 548 1417 Masi,
561 1343 688 1410 Nomen
698 1367 959 1430 nomquemcam
972 1363 1017 1411 cst

18 1478 31 1514 s
49 1476 97 1526 ιο,
117 1453 227 1517 Jesum
248 1452 352 1518 fuisse.
372 1454 452 1519 Nam
467 1465 500 1517 at
514 1451 609 1517 lsrael
624 1453 689 1540 ipse
704 1456 891 1529 vocabatur,
907 1467 940 1520 ot
955 1455 1017 1520 hoc

18 1561 115 1624 ncobo
131 1581 308 1648 cognomen
326 1560 486 1647 imposuit.
510 1559 646 1647 Angelos
668 1573 774 1625 antem
796 1572 828 1626 ct
850 1560 1017 1647 Apostolos

18 1668 51 1732 *ci
66 1667 168 1732 vocari
183 1668 351 1754 prophotas
372 1666 453 1741 illos,
473 1667 526 1752 qui
541 1666 582 1731 ad
597 1667 769 1732 nuntianda
786 1668 854 1753 ejus
870 1667 1017 1732 mandata

18 1775 177 1849 sitiuntur,
194 1775 277 1862 apud
293 1773 417 1838 Esaiam
432 1755 618 1838 declaratur.
634 1773 681 1837 lbi
702 1774 787 1838 enim
799 1773 875 1838 dicit
890 1773 1013 1838 Esaias:

18 1884 93 1946 litte
114 1882 196 1946 me².
222 1883 351 1946 Fortem
371 1894 477 1946 antem
497 1894 530 1946 ct
550 1904 699 1969 magnum
717 1882 907 1968 Prophetam
925 1882 1019 1947 luisse

20 2013 73 2052 um
85 1990 138 2073 qui
149 1988 227 2056 Jcsu
238 2009 414 2074 cognomen
425 1989 719 2074 accepit,omnibus
737 1990 938 2077 perspicuum
958 2002 1015 2054 est.

18 2098 99 2183 gitur
116 2085 150 2160 si¹
161 2108 207 2160 tot
229 2097 261 2161 in
277 2096 383 2160 formis
397 2097 501 2160 licum
516 2095 650 2160 Abrahae
672 2109 704 2159 et
718 2097 817 2160 Jacob
835 2108 866 2160 ct
881 2097 958 2163 llosi
972 2098 1020 2162 vi-

18 2227 68 2266 um
85 2227 152 2268 esse
175 2203 305 2274 acimum
328 2226 387 2267 cnr
400 2203 555 2268 lraercmns
570 2202 694 2276 incerti,
711 2225 771 2268 nec
791 2204 919 2266 credero
936 2203 1021 2267 voln-

19 2335 69 2374 tus
81 2335 155 2376 cum
168 2311 340 2376 secundom
357 2308 549 2374 voluntatem
567 2308 666 2372 Patris
687 2309 905 2374 unitersornm
924 2311 1020 2374 etiam

23 2419 159 2482 ominem
175 2441 213 2482 ex
227 2417 344 2506 virgine
360 2417 447 2480 nasci
461 2415 616 2504 potuisset
632 2437 706 2478 cum
718 2417 892 2501 pracsertim
907 2428 955 2480 tot
966 2418 1021 2481 lra-

19 2549 131 2589 camus
153 2525 342 2612 Scripturas,
366 2523 539 2611 exquibus
560 2534 668 2608 oporte
687 2521 860 2611 intelligere
881 2523 974 2589 licoat
988 2523 1021 2587 id

19 2655 126 2720 noque
143 2633 182 2696 de
197 2633 294 2696 Patris
310 2632 470 2697 voluntate
485 2631 603 2696 sactum
618 2630 708 2694 essai

44 2736 188 2802 LXXVI.
205 2737 283 2804 Nam
294 2736 418 2812 Daniel,
433 2759 506 2802 cnm
523 2755 684 2822 tanquam
695 2737 807 2823 {iliam
818 2737 961 2801 hominis
972 2759 1023 2824 ap

20 2846 96 2910 ellat
118 2869 191 2911 eum
208 2847 261 2932 qui
278 2867 411 2933 regnum
426 2855 580 2910 aternum
595 2844 727 2930 accipit,
745 2865 849 2907 nonne
865 2843 897 2906 id
920 2843 1023 2930 ipsum

20 2954 128 3018 anniti
144 2953 239 3031 Quod
254 2953 340 3016 enim
355 2969 516 3036 unquam
530 2951 642 3038 filiam
656 2950 799 3014 lerninis
813 2949 902 3024 dicit,
921 2948 1026 3014 homi-

20 3085 77 3126 nm
92 3061 220 3146 qnidam
234 3061 335 3126 visum
349 3073 382 3124 ct
396 3060 514 3124 factum
524 3081 593 3123 osse
605 3057 774 3144 significat,
787 3079 826 3121 ex
841 3047 959 3122 semine
973 3079 1026 3122 au-

21 3191 71 3232 om
90 3168 228 3230 humano
243 3167 448 3231 constitutum
463 3189 527 3232 non
543 3166 637 3230 luisse
653 3163 801 3230 declarat.
818 3165 858 3228 Et
869 3187 942 3229 curn
952 3188 1026 3230 cum

20 3275 144 3362 apidcm
158 3272 223 3336 sina
230 3271 374 3338 manibus
382 3272 554 3338 abscissum
566 3283 669 3345 vocat.
679 3270 764 3336 idam
773 3270 887 3336 clamat
900 3291 1023 3336 arcane.

21 3383 88 3446 lam
102 3379 189 3466 qaod
204 3401 278 3442 eum
293 3378 359 3442 sino
374 3379 518 3443 manibus
532 3379 706 3444 abscissum
723 3379 817 3444 luisse
836 3378 925 3451 dicit,
945 3378 1029 3442 idem

21 3489 88 3554 yalet
99 3511 137 3553 ac
149 3510 224 3552 enm
240 3508 304 3551 non
315 3508 381 3552 csse
392 3485 559 3551 hominnm
571 3509 662 3572 opus,
680 3485 736 3550 sed
749 3483 918 3550 voluntatis
933 3482 1027 3558 illius,

21 3597 60 3682 lui
77 3618 148 3660 aum
163 3593 324 3682 produxit,
341 3592 440 3658 Patris
457 3593 674 3658 universorum
687 3593 755 3656 Dei.
770 3593 810 3658 Et
824 3592 907 3680 quod
924 3593 1028 3658 Esaias

21 3705 103 3768 licit:
116 3703 363 3768 Generatimcm
373 3703 443 3787 ejus
454 3701 527 3786 qais
542 3699 756 3765 manahim
770 3723 868 3790 genus
879 3725 952 3767 cum
964 3725 1027 3768 non

44 3831 51 3864 ¹
62 3828 141 3880 arod.
152 3845 223 3888 xxiii,
235 3843 273 3880 ao.
285 3827 335 3866 -Ι
346 3827 412 3878 Etsi.
426 3843 509 3876 anatra.
521 3855 552 3867 ·-
563 3827 572 3860 ³
584 3827 649 3876 Esar.
664 3845 714 3886 arar,
727 3827 749 3876 8.
