2688 4626
193 249 257 292 anu
430 224 436 232 “
488 243 601 288 ssucrr
623 241 918 288 murmuraremus
997 268 1003 282 .

188 354 320 424 omnino
336 349 513 420 contineret
529 371 567 418 ac
577 350 692 416 virtute
710 339 889 422 exornaret,
901 359 969 414 tum
986 347 1028 411 ad
1046 348 1132 424 boun
1150 369 1216 435 que

187 461 289 532 aDee
310 460 554 550 promittuntur,
576 450 814 545 consequenda,
831 469 902 523 tum
922 456 963 522 nd
978 455 1129 545 fugienda
1144 478 1216 544 eup-

187 569 292 659 pliciu.
311 569 422 658 Neque
435 568 524 636 enim
539 566 593 654 qui
609 579 758 654 permut,
773 557 939 655 iipropter
962 565 1081 654 posites
1102 585 1120 627 n
1136 565 1218 629 vebis

188 678 273 768 logos
287 690 321 746 et
334 700 444 766 poenas
460 677 557 742 intere
569 688 746 748 conantmt
762 675 819 742 md
829 697 906 768 cum
919 697 952 740 se
963 673 1119 762 consequi
1134 695 1218 761 posse

188 788 302 860 sciant,
319 783 355 850 ιἰι
370 808 438 862 vos,
454 796 565 874 utpote
581 784 739 858 hemines,
755 781 888 858 lateant,
904 783 1012 870 iniqua
1027 781 1164 848 iaciunt.
1182 781 1218 846 At

190 893 217 958 si
236 891 421 962 didicissent
447 905 480 958 et
500 913 687 982 paucarum
705 889 862 957 haberent
884 889 953 956 fieri
979 912 1045 955 non
1071 911 1164 978 posse
1188 900 1221 951 ιιι

190 1003 295 1070 Deum
311 1001 484 1088 quidquam
499 1000 607 1076 lateat,
624 1024 688 1068 non
704 1000 802 1066 modo
815 999 950 1075 iactum,
963 999 1127 1066 sedetiam
1144 996 1222 1086 cogi

192 1120 311 1184 tntum.
330 1106 443 1174 saltem
465 1121 596 1198 propter
616 1108 832 1196 impendentia
848 1105 1007 1196 supplicia
1028 1107 1221 1173 honestatem

193 1217 326 1288 omnino
341 1215 497 1290 celerentr
517 1217 550 1282 id
565 1217 654 1304 quod
668 1229 702 1282 et
715 1239 733 1282 ι
745 1216 836 1283 vohis
851 1216 1059 1286 concedetur.
1079 1213 1143 1280 Sed
1156 1236 1222 1278 mo-

195 1335 285 1392 tuere
300 1324 464 1400 videmini.
480 1348 522 1392 ne
537 1347 650 1391 omnes
666 1347 755 1412 eque
770 1325 900 1402 iaciant,
920 1347 981 1392 nec
1002 1325 1070 1412 jam
1089 1321 1222 1389 habentis

90 1433 94 1444 ’
196 1430 229 1496 in
243 1452 324 1517 quos
339 1429 607 1500 animadvertatis.
626 1429 824 1498 Cernitioum
840 1454 916 1498 sune
935 1430 968 1496 id
983 1429 1222 1508 toret.nonbu
1342 1504 1343 1507 Ἴ

198 1560 315 1610 norum
338 1538 531 1628 principum.
549 1538 740 1606 Persuasum
758 1552 867 1606 eutem
882 1539 1055 1614 habemus,
1073 1536 1223 1602 nselmum

199 1645 381 1740 dampnum
396 1648 592 1736 operatione,
608 1651 664 1739 qni
679 1649 797 1716 hostias
809 1661 843 1714 et
859 1646 982 1714 cultum
993 1648 1034 1712 ah
1049 1645 1223 1712 hominibus

200 1765 315 1840 praeter
335 1753 491 1822 rationem
513 1755 690 1822 viventibus
709 1767 835 1844 petunt,
855 1753 924 1820 hec
941 1777 1090 1841 qnoque,
1114 1764 1150 1816 ut
1167 1754 1221 1838 jun

129 1925 133 1932 ,
201 1860 351 1937 diximus,
366 1860 447 1928 fieri.
461 1859 526 1928 Vos
539 1875 662 1939 autem,
678 1863 732 1950 qui
747 1862 873 1950 pietatis
887 1873 918 1926 et
940 1859 1152 1950 philosophie
1165 1872 1223 1925 stu.

203 1968 281 2039 dicei
289 1969 376 2044 etis,
384 1967 463 2038 nihil
474 1981 589 2059 praeter
600 1972 758 2042 rationem
768 1971 909 2038 secturus
919 1970 1127 2034 arbitremur.
1142 1968 1225 2049 Quod

202 2076 230 2145 si
245 2077 305 2164 ipsi
319 2099 459 2166 quoque,
476 2078 587 2148 itidem
601 2092 637 2147 ut
651 2080 795 2148 homines
810 2080 1007 2169 insipientes,
1020 2079 1148 2144 veritati
1163 2100 1224 2145 oon

203 2185 408 2254 suetudinem
422 2189 612 2281 anteponitis
617 2213 627 2261 t
641 2189 728 2276 quod
739 2189 771 2254 in
782 2200 884 2254 vestra
896 2197 1055 2276 potestate
1067 2188 1163 2254 sitnm
1172 2198 1221 2260 est,
1342 2222 1343 2233 ι

204 2292 310 2364 tactu.
327 2292 402 2360 Plus
418 2307 524 2362 autem
540 2309 748 2386 nonpossunt
758 2319 799 2364 ne
809 2297 868 2385 ipsi
879 2296 1009 2383 quidem
1024 2293 1220 2384 principeesi

120 2461 125 2472 .
205 2405 330 2474 veritati
340 2405 522 2496 opinionem
532 2420 739 2498 anteponunt,
750 2405 1222 2499 quam-latroneainsolitudiue.

209 2513 250 2578 Aa
264 2534 319 2582 vnn
341 2513 473 2582 minime
491 2513 637 2582 litaturos
652 2515 795 2584 Verbum
813 2514 967 2592 declarat,
983 2539 1050 2605 quo
1069 2515 1166 2604 magis
1181 2536 1230 2578 re-

211 2619 300 2707 gium
321 2621 483 2711 magique
504 2625 625 2712 justum
647 2625 842 2714 principem,
862 2623 1040 2701 secundum
1062 2624 1224 2714 genitorem

208 2724 293 2795 itlius
307 2727 424 2806 Deum,
440 2732 584 2800 novimus
598 2735 769 2800 neminem.
788 2735 1068 2814 Quemadmodum
1079 2733 1163 2797 enim
1175 2752 1230 2795 ne-

211 2855 266 2900 mo
280 2849 328 2906 eat
343 2838 397 2926 qui
416 2853 636 2946 paupertatem
652 2855 708 2908 aut
721 2845 851 2910 morbos
872 2855 929 2908 aut
950 2841 1157 2930 ignominiam
1167 2839 1230 2903 hae-

211 2942 346 3008 ruditate
356 2967 374 3008 e
386 2948 568 3032 parentibus
579 2949 723 3038 accipere
734 2973 798 3016 non
809 2943 957 3038 refugietr
971 2949 1019 3016 sic
1030 2967 1228 3036 quaecumque

212 3047 356 3122 Verbum
371 3051 443 3141 eligi
454 3041 647 3124 uon‘dehem
657 3057 813 3134 docuerit,
825 3081 862 3125 ea
876 3059 923 3125 vir
933 3075 1016 3124 eante
1027 3057 1146 3124 mentis
1156 3055 1234 3121 haud

214 3156 318 3248 eliget.
336 3158 456 3230 Futura
467 3163 549 3240 hec,
565 3167 707 3254 inquam,
723 3166 828 3232 omnia
843 3165 987 3256 predixit
1005 3165 1159 3254 magister
1172 3185 1235 3228 noe

215 3279 277 3344 ter,
297 3270 436 3358 parentis
455 3283 489 3338 et
510 3273 631 3342 domini
656 3275 800 3342 omnium
821 3275 880 3353 Dei
901 3273 999 3345 Filius
1021 3285 1057 3340 et
1079 3271 1235 3362 apostolus

216 3373 309 3447 Jecur
329 3378 492 3456 Christus,
513 3404 532 3446 a
550 3406 615 3470 quo
634 3384 732 3450 etium
749 3384 919 3450 habuimus
939 3381 1170 3448 utChristiuni
1183 3402 1236 3466 ep-

217 3483 417 3570 pellaremnr.
446 3489 536 3556 Unde
561 3504 594 3558 et
617 3491 846 3559 confirmemur
870 3492 902 3557 in
926 3492 1074 3559 omnibus
1096 3511 1169 3576 quae
1190 3485 1237 3552 ille

218 3590 345 3668 decuit.
367 3597 624 3688 quandoquidem
646 3602 746 3691 reipsa
772 3600 920 3666 videmus
930 3599 1055 3666 evenire
1076 3619 1239 3686 quecum-

219 3718 282 3784 que
296 3698 400 3772 futuru
414 3706 567 3792 predixit.
586 3707 682 3788 Quod
696 3708 825 3796 quidem
840 3709 897 3774 Dei
912 3731 991 3796 opus
1006 3719 1066 3781 est,
1090 3729 1141 3770 res
1156 3715 1239 3769 ante

220 3829 318 3898 quum
338 3808 416 3878 fient
440 3814 625 3899 predicere,
648 3839 763 3904 easque
790 3816 1057 3904 quemadmodum
1083 3811 1240 3912 praedicte
