2808 4688
302 282 340 322 tn
362 280 551 324 contnrntos
576 279 725 322 rrtsront
749 279 855 322 rmus.
1049 263 1084 324 (it

48 389 223 477 Scriptura
241 412 249 453 :
280 387 509 452 «constituam
531 387 695 476 episcopos
715 407 831 452 eorum
858 386 892 452 in
917 386 1044 472 justitio,
1062 401 1094 452 ot

50 527 65 554 ι
78 497 239 562 diaconos
250 517 365 560 eorum
382 494 416 558 in
432 492 528 558 srde¹.
544 521 557 554 s

99 607 221 672 XLili.
240 607 283 670 Et
298 603 378 691 quid
393 604 527 678 mirum,
544 603 571 668 si
584 605 700 691 quibus
711 603 744 668 in
755 604 885 669 Christo
896 605 1099 668 commissum

53 727 107 778 est
118 738 137 777 n
153 713 227 778 Deo
238 712 304 776 hoc
319 733 450 784 munus,
463 710 633 798 predictos
645 711 888 776 constituerint?
901 711 1100 798 quondoqui-

57 825 141 888 dem
158 835 192 886 et
210 825 325 886 beatus
341 820 475 908 Moyses,
490 819 592 890 tidelis
608 819 744 886 samnius
759 821 791 886 in
809 833 873 886 totu
889 821 984 885 domo
994 819 1023 892 ’ς
1042 821 1097 908 qui

62 933 179 996 omnis
201 953 271 1018 quae
288 931 347 1018 ipsi
365 932 509 996 mandata
531 944 623 996 erant
640 933 671 996 in
690 932 786 997 sacris
803 930 891 996 libris
912 931 1090 1002 annotavitt

62 1063 231 1128 quemque
250 1039 351 1104 secuti
365 1051 438 1104 suot
454 1039 565 1128 reliqui
581 1040 758 1128 Prophetes,
775 1040 993 1106 testimonium
1008 1040 1094 1128 pori-

59 1163 112 1214 ter
129 1147 256 1236 iegibus
276 1147 358 1212 iliius
380 1150 566 1236 praebentos.
585 1145 642 1214 1110
663 1169 816 1235 namque,
838 1171 913 1214 cum
933 1147 1095 1214 aemulotio

56 1281 117 1346 pro
138 1256 318 1322 sacerdotio
339 1255 535 1332 incidissot⁸,
554 1280 593 1321 ao
614 1258 716 1322 trihus
735 1257 819 1322 inter
837 1279 870 1322 so
892 1257 1096 1322 dissentirent

55 1389 205 1456 quaenum
221 1365 348 1432 iliorum
363 1364 500 1454 glorioso
515 1389 556 1430 eo
571 1367 701 1432 nomine
716 1379 825 1431 ornatu
841 1378 935 1440 esset,
952 1366 1044 1452 jussit
1058 1377 1093 1429 ut

57 1473 229 1538 duodecim
256 1473 416 1561 principes
444 1474 589 1539 tribuum
615 1467 766 1538 offerrent
796 1471 855 1537 sibi
876 1473 995 1560 virgus,
1026 1493 1095 1558 quae

59 1582 313 1670 uniuscujusque
335 1583 438 1646 tribus
459 1583 556 1670 rirgae
578 1583 770 1646 nominatim
791 1591 897 1648 essent
919 1579 1095 1666 inscripto:

60 1691 182 1778 hasque
199 1703 350 1778 acceptos
370 1690 492 1778 ligavit,
505 1704 540 1754 et
554 1689 682 1756 annulis
697 1713 811 1754 eorum
827 1688 1008 1776 principum
1023 1688 1104 1752 obsi·

63 1799 191 1886 gonrit:
206 1798 385 1885 atqueiilos
397 1799 546 1886 deposuit
558 1799 592 1864 in
603 1796 812 1862 tabernaculo
829 1797 998 1861 testimonii
1015 1819 1106 1885 super

67 1930 217 1971 mensum
229 1907 293 1970 Dei
307 1929 316 1970 t
333 1919 368 1970 et
381 1906 491 1971 clauso
510 1905 732 1980 tabernaculo,
745 1904 846 1970 claves
859 1907 947 1992 juxto
963 1915 995 1970 ot
1007 1906 1107 1994 virgus

71 2015 227 2103 signavit3
244 2037 284 2079 ac
302 2015 382 2079 dixit
400 2013 480 2080 illis:
497 2015 562 2080 Viri
577 2015 701 2089 fratres,
715 2015 805 2100 cnjus
822 2015 921 2078 trihus
938 2015 1022 2102 virgo
1038 2037 1105 2103 geo

71 2120 261 2196 minaverit,
278 2121 362 2184 huno
377 2120 470 2208 elegit
488 2122 572 2185 Deus
592 2134 625 2184 ut
646 2121 703 2209 ipsi
720 2143 806 2185 soora
825 2121 920 2186 sociat
939 2133 971 2186 ot
993 2123 1103 2187 minis-

71 2241 145 2294 tret.
162 2227 257 2291 Mane
270 2239 379 2289 notem
403 2239 522 2302 exorto,
540 2229 726 2294 convocavit
742 2229 921 2294 universum
938 2229 1099 2304 lsraelem,

67 2349 216 2404 sexcenta
229 2333 325 2400 miliia
341 2335 480 2400 virorum
489 2335 518 2401 ⁴:
535 2349 567 2402 et
579 2335 677 2426 sigilio
690 2337 887 2427 principibus
898 2339 1042 2406 tribuum
1053 2363 1101 2406 os-

66 2445 184 2518 tendit,
202 2455 234 2506 et
244 2443 371 2530 aperuit
386 2443 626 2536 tubernaculum
638 2445 1031 2535 testimonii‚protulitque
1042 2450 1104 2512 rir-

65 2581 123 2645 gns
136 2579 144 2618 :
159 2565 191 2618 et
203 2555 827 2644 inventaestvirgudaronisnontantum
836 2557 1106 2644 germinasse‚sed

63 2679 97 2730 et
115 2665 256 2729 fructum
268 2663 398 2728 habero.
419 2665 505 2743 Quid
518 2667 667 2742 censetis,
680 2663 813 2732 dilecti?
828 2667 878 2732 An
893 2689 959 2731 non
973 2667 1008 2732 id
1022 2666 1105 2730 futu-

64 2796 140 2837 rum
160 2771 359 2859 praesciverat
381 2771 526 2860 Moyses?
541 2773 678 2838 Maximo
693 2785 846 2838 noverat:
868 2795 981 2838 verum
1002 2797 1043 2838 ne
1056 2795 1107 2838 se-

65 2882 147 2947 ditio
163 2882 248 2946 inter
261 2879 419 2945 israelitas
433 2881 585 2958 oriretur,
597 2884 641 2948 itu
658 2883 808 2956 instituit,
825 2895 862 2946 ut
877 2881 1107 2970 glorificaretur

66 3013 187 3058 nomen
199 2989 265 3053 veri
283 3001 316 3054 et
330 2988 428 3054 solius
442 2990 517 3063 Deir
536 2991 589 3056 cui
606 2989 706 3080 gioria
720 2992 754 3057 in
770 2989 884 3060 secula
902 2990 1100 3058 seculorum.

67 3101 184 3166 Amen.

112 3201 231 3270 XLIV.
260 3207 302 3270 Et
324 3207 467 3294 Apostoli
490 3211 589 3274 nostri
610 3223 827 3300 cognorerunt
850 3235 907 3301 per
932 3211 1109 3279 Dominum

66 3323 223 3376 nostrum
237 3313 350 3378 desum
362 3315 537 3393 Christum,
553 3320 641 3407 quod
662 3321 767 3385 futura
789 3333 870 3386 osset
889 3323 1053 3387 contentio
1070 3321 1114 3387 de

68 3421 207 3487 nomino
224 3424 426 3512 episcopatus
447 3429 514 3492 :ob
534 3451 605 3496 eom
627 3451 704 3519 ergo
723 3453 867 3504 caumm,
886 3443 1015 3517 accepta
1042 3455 1113 3520 per-

70 3529 154 3596 fectu
166 3531 436 3620 praecognitione,
447 3535 678 3602 constituerunt
691 3537 902 3630 supradictos,
915 3549 946 3604 ct
962 3539 1108 3632 deinceps

73 3639 189 3706 suturae
206 3641 422 3706 successionis
446 3639 591 3729 regulam
611 3645 826 3716 tradiderunt;
846 3659 880 3711 ut
897 3669 968 3714 cum
988 3647 1031 3716 issi
1048 3651 1109 3718 de-

75 3751 241 3825 roderent,
258 3751 473 3818 ministerium
485 3775 600 3818 eorum
612 3776 651 3820 oc
661 3777 776 3820 munos
791 3753 840 3822 olii
851 3758 906 3824 viri
917 3761 1040 3846 probati
1050 3783 1118 3825 ors-1

111 3881 118 3910 ¹
134 3881 168 3939 is,
179 3897 219 3938 tr,
234 3881 421 3947 17.-²1tebr.
438 3901 476 3942 ιιι,
489 3885 512 3932 5.
527 3913 557 3922 -
569 3883 579 3916 ¹
590 3885 667 3934 Nom.
682 3903 742 3937 xru.
754 3915 784 3926 -·
795 3887 803 3918 ⁴
816 3887 890 3936 Num.
905 3903 938 3946 rr,
954 3904 993 3937 21.
