2636 4648
209 327 272 392 510
531 345 644 392 sascrr
668 343 782 390 naam
807 345 870 390 sna.
898 346 932 388 rv
1289 206 1292 356 d

207 453 321 529 David,
344 451 398 542 qui
418 451 563 540 ejusdem
582 471 656 516 oum
675 449 751 540 ipsis
769 449 831 518 snit
848 449 1069 518 substantiae?
1091 448 1251 532 Quomodo

209 574 317 632 autem
334 583 410 628 eum
427 560 482 647 qui
500 558 651 626 adversus
666 558 812 625 homines
827 559 920 626 fortis
939 571 1030 637 erat,
1053 559 1110 648 qui
1126 582 1190 626 non
1207 585 1250 626 ss-

209 671 276 740 lum
287 669 363 738 vioit
373 667 548 746 homiuem,
562 667 619 734 sed
630 679 664 734 et
675 667 840 734 detinebat
849 689 928 734 aum
943 669 1009 735 suh
1022 691 1083 734 sua
1095 679 1249 758 potestate,

210 782 338 860 devicit,
354 792 388 848 et
398 801 473 848 eum
482 778 615 869 quidem
627 778 682 867 qui
695 777 812 846 tioerat
830 779 918 854 vioita
936 801 1020 846 eum
1036 801 1119 844 vero
1134 779 1190 868 qui
1203 781 1252 844 rit·

209 907 262 962 tus
281 892 384 960 iuerat
403 889 570 958 hominem
590 889 722 965 dimisit.
738 886 803 956 nisi
824 890 976 978 superior
999 888 1118 956 inisset
1142 911 1183 954 eo
1206 889 1253 954 bo
1295 904 1296 992 p

124 1025 130 1036 ·
210 1005 296 1072 mine
309 1001 362 1092 qui
374 999 477 1066 suerat
488 999 612 1067 rietus?
622 997 735 1066 Melior
745 1011 853 1098 autem
863 1021 904 1066 ao
915 999 1073 1076 homine,
1088 999 1145 1088 qui
1157 1021 1257 1066 secun
1296 1078 1297 1112 1

211 1118 290 1185 dum
304 1111 546 1182 similitudinem
560 1111 618 1180 net
635 1112 737 1180 sactus
751 1125 813 1189 est,
833 1125 866 1178 et
879 1111 1103 1180 excedentior
1121 1112 1258 1200 φὴςωω

212 1228 251 1295 sit
264 1223 356 1300 alius,
375 1222 436 1290 uisi
455 1219 555 1289 Ftttas
572 1219 644 1297 Dei,
664 1221 705 1288 ad
721 1221 814 1310 cujus
833 1220 1087 1288 similitudinem
1102 1220 1204 1286 iactus
1216 1233 1260 1286 ret
1297 1254 1298 1276 ι

210 1333 331 1404 homo?
346 1323 389 1400 Et
402 1343 534 1421 propter
547 1329 610 1398 hoo
621 1331 657 1397 in
673 1329 738 1400 iiua
752 1331 819 1421 ipso
834 1329 977 1398 ostendit
992 1329 1259 1398 similitudinem:

211 1442 311 1513 Filius
325 1441 385 1510 Dei
400 1439 502 1510 iaetus
517 1453 566 1509 est
581 1439 693 1518 homo,
712 1441 877 1531 antiquam
892 1440 1152 1532 plasmationem
1167 1440 1200 1506 in
1214 1463 1260 1504 se·

211 1554 385 1643 metipsum
393 1550 578 1640 suscipiens,
587 1550 859 1639 quemadmodum
867 1552 1076 1618 ostendimus
1089 1552 1125 1618 in
1133 1574 1175 1616 ao
1184 1549 1260 1616 libro

213 1664 268 1756 qui
279 1673 328 1729 est
339 1660 402 1729 hoo
411 1658 566 1748 superior.
650 1667 653 1674 “

247 1769 287 1840 V.
300 1767 464 1839 Judisahit
472 1779 581 1832 autom
590 1779 623 1834 et
632 1787 687 1834 eos
698 1767 752 1856 qui
764 1769 945 1856 putativum
955 1769 1136 1836 inducunt
1149 1769 1262 1850 Quem

218 1879 393 1949 admodum
407 1875 493 1944 onim
508 1875 567 1965 ipsi
582 1897 656 1942 vere
673 1897 708 1942 sa
722 1886 836 1965 putant
850 1876 1030 1965 disputare,
1048 1877 1185 1967 quando
1199 1901 1264 1943 ma-

215 1993 313 2086 gister
332 2009 445 2056 eorum
463 1985 625 2076 putativus
645 1984 728 2052 iiriti'
747 1985 813 2052 Aut
833 1987 1115 2074 quemadmodum
1135 1987 1261 2054 firmum

217 2101 295 2194 quid
316 2099 434 2168 habere
457 2107 590 2186 possunt
612 2096 653 2162 ab
674 2117 727 2173 eu,
750 2095 775 2163 ai
797 2097 972 2185 putativus,
998 2110 1034 2165 et
1056 2121 1126 2165 non
1150 2099 1261 2164 verius

216 2210 308 2282 erati
327 2205 499 2289 Quomodo
519 2217 628 2272 autem
644 2205 704 2294 ipsi
721 2203 856 2272 salutem
875 2227 949 2272 vera
966 2207 1167 2298 participum
1191 2231 1263 2297 pos-

220 2320 336 2390 suntsi
354 2316 407 2385 ilie
423 2317 456 2384 in
470 2337 567 2405 mam
583 2314 714 2384 credere
741 2338 775 2382 se
793 2315 917 2393 dieunt.
937 2317 1155 2407 semetipsum
1169 2331 1261 2408 puta·

217 2433 317 2501 tivum
339 2425 551 2496 ostendebat?
577 2423 759 2492 Putativum
781 2436 829 2491 eat
851 2425 960 2515 igitur,
984 2439 1019 2493 et
1041 2449 1110 2494 non
1139 2429 1260 2502 veritas.

220 2561 316 2608 omno
331 2535 418 2628 apud
431 2558 489 2602 eos
506 2557 515 2600 a
536 2545 570 2601 at
592 2555 679 2602 nuuc
701 2534 766 2621 jam
781 2547 954 2623 quaretur,
973 2559 1016 2602 ne
1035 2535 1123 2603 forte
1142 2559 1219 2605 oum
1235 2549 1264 2604 et

221 2651 281 2742 ipsi
292 2643 438 2716 homiues
448 2667 514 2711 non
525 2644 601 2720 sint,
613 2642 669 2709 sed
681 2655 769 2709 muta
779 2641 939 2722 animalia,
951 2644 1128 2713 hominum
1139 2651 1262 2716 umbras

223 2761 308 2852 apud
324 2756 478 2849 plurimos
492 2753 662 2845 perferant.

267 2869 322 2938 vl.
335 2865 500 2937 tutionis
509 2875 617 2932 autem
628 2875 662 2932 et
670 2863 977 2955 pseudoprophetas,
990 2871 1045 2957 qui
1056 2893 1127 2937 non
1137 2885 1261 2961 accepts

225 3007 243 3050 a
258 2981 327 3049 Deo
338 2975 523 3068 prophatioa
535 2975 647 3066 gratis,
665 2998 725 3043 neo
737 2975 842 3043 Deum
854 2976 1014 3056 timentes,
1030 2981 1090 3046 sed
1101 2995 1165 3048 aut
1177 3005 1260 3073 prop

224 3107 274 3162 tor
292 3109 408 3158 vanam
421 3085 568 3177 gloriam,
587 3097 643 3152 aut
657 3085 698 3152 ad
712 3098 867 3175 questum
885 3087 1038 3177 aliquem.
1054 3103 1114 3159 aut
1129 3105 1166 3160 et
1182 3091 1260 3158 alite

224 3197 402 3271 seeundum
413 3192 631 3284 operationem
640 3189 717 3260 maii
728 3193 868 3284 spiritua,
879 3193 1006 3286 fingunt
1016 3199 1257 3288 aoprophetare‚

225 3307 415 3381 mentientes
430 3302 580 3370 advorsus
594 3301 710 3370 neum.

270 3420 341 3489 Vll.
363 3414 528 3486 Judimbit
547 3426 655 3482 autam
682 3425 715 3480 at
737 3436 793 3481 eos
813 3416 869 3504 qui
887 3414 1057 3484 schismata
1076 3433 1258 3509 operantur,

229 3531 285 3622 qui
306 3540 380 3594 eunt
398 3527 520 3603 inanes.
541 3547 606 3592 non
622 3523 776 3590 habentes
794 3524 853 3592 Dei
870 3524 1090 3606 dilectionem,
1113 3554 1256 3622 suamque

230 3639 399 3710 utilitatem
421 3636 527 3728 potius
545 3633 781 3706 oonsiderantos
803 3655 899 3725 quam
924 3639 1081 3706 unitatem
1102 3642 1255 3716 Ecclesia,

229 3764 263 3820 et
276 3761 408 3841 propter
418 3746 559 3828 modicas
576 3758 609 3814 et
622 3743 780 3835 quaslibet
797 3765 908 3814 cautas
926 3769 1079 3841 magnum
1095 3763 1129 3818 et
1150 3752 1255 3843 glorio

230 3884 302 3932 sum
313 3881 431 3949 corpus
443 3857 560 3924 Christi
572 3856 783 3924 conscindunt
797 3867 830 3922 et
840 3857 998 3939 dividunt,
1014 3871 1047 3928 ot
1061 3865 1255 3951 quantumin

231 3974 304 4066 ipsis
319 3983 380 4048 est,
395 3967 611 4040 interficiunt:
628 3989 741 4057 paoem
755 3965 933 4057 loquentes,
942 3980 982 4039 -et
996 3969 1121 4044 balium
1137 3941 1261 4065 operati
