2772 4620
113 325 162 344 Ἀ*
168 315 578 346 Μωὶκὶωωωωιωω
582 315 623 334 Μ
628 313 716 334 mou
721 307 995 334 musanus-mus
999 303 1100 347 nunnus
1104 301 1133 319 u

326 511 643 604 nnusnnu
674 453 947 596 'Jusrnu
1052 555 1056 566 ,

405 749 865 873 DIALOGUS

257 1019 385 1108 cun
416 1015 747 1104 rnrrnonn
775 1011 1011 1099 nonne.

475 1261 799 1312 ...nub-...-

165 1501 188 1568 l.
207 1499 393 1566 duruerunt
408 1500 487 1566 mihi
502 1523 596 1565 mnne
612 1501 645 1563 in
659 1497 753 1585 Xysti
770 1495 877 1584 spatiis
892 1509 1065 1556 occurrens
1078 1485 1148 1570 qui·

119 1608 195 1672 dnm
205 1625 266 1671 uno
278 1629 352 1673 cum
365 1605 445 1681 eliis,
455 1606 559 1681 Salve,
573 1606 689 1690 inquit,
700 1600 905 1688 Philosophe;
922 1597 1089 1678 statimque
1101 1589 1149 1652 his

118 1715 213 1781 dictis
228 1737 397 1781 conversus
412 1737 475 1780 une
495 1737 623 1780 mecum
640 1708 833 1777 ambulabat.
854 1703 1003 1770 Conversi
1024 1717 1149 1786 quoque

120 1843 198 1889 cum
212 1845 250 1886 eo
266 1821 360 1886 amici
375 1823 455 1908 ejus.
469 1820 554 1885 Tum
567 1843 627 1907 ego
641 1818 778 1884 vicissim
788 1813 878 1879 illum
890 1809 1027 1876 salutans
1041 1829 1048 1868 ε
1065 1800 1150 1881 Quid

123 1949 246 2004 rerum,
261 1929 405 2014 inquam,
422 1925 644 2015 potissimum?

171 2033 302 2104 ltine:
321 2035 438 2100 Docuit
452 2057 503 2098 me
524 2034 628 2120 Argis,
648 2031 762 2116 inquit,
779 2023 949 2091 Corinthus
971 2017 1150 2085 Socraticus

124 2165 191 2209 non
213 2141 330 2206 debere
352 2140 512 2206 contemni
535 2150 590 2202 eut
609 2134 722 2223 negligi
741 2133 793 2220 qui
813 2131 896 2195 hanc
915 2140 1034 2194 vestem
1050 2119 1149 2187 induti

123 2261 211 2324 sunt,
228 2248 283 2312 sed
300 2269 427 2312 omnem
444 2246 489 2311 eis
503 2244 732 2309 humanitatem
748 2237 969 2310 exhibendam,
984 2256 1022 2298 oc
1039 2249 1150 2295 eorum

123 2355 352 2423 consuetudine
363 2353 529 2427 utendum,
544 2363 579 2418 ut
589 2348 693 2438 aliquo
705 2346 778 2411 inde
790 2345 906 2410 utilitas
918 2344 982 2409 sive
994 2339 1034 2404 ed
1046 2339 1149 2424 ipsum

124 2463 228 2538 illum,
247 2463 312 2526 sive
330 2459 371 2524 ed
389 2483 441 2524 me
463 2459 582 2523 redeat.
606 2455 739 2543 Utrique
760 2465 866 2519 nutem
887 2455 969 2516 bene
983 2457 1044 2520 est,
1061 2445 1084 2508 si
1102 2438 1150 2506 vel

126 2570 277 2636 alteruter
291 2570 426 2657 juvetur.
446 2569 537 2633 Hanc
552 2567 647 2654 igitur
662 2567 704 2630 ob
721 2587 860 2638 causam,
877 2583 951 2628 cum
968 2556 1104 2643 aliquem
1120 2551 1151 2614 in
1206 2543 1209 2548 ’

126 2680 186 2746 hnc
201 2691 286 2744 veste
307 2677 480 2766 conspicio,
496 2675 633 2741 libenter
647 2674 688 2739 ed
703 2697 778 2740 eum
794 2671 928 2742 necerim
949 2681 1043 2762 teque
1057 2659 1153 2725 mode

126 2807 162 2849 ce
174 2784 214 2850 de
230 2805 323 2849 causa
334 2781 425 2848 laetus
437 2779 622 2871 compellavi
639 2804 646 2843 :
660 2780 711 2845 isti
723 2790 831 2843 nutem
842 2799 894 2840 me
906 2775 1152 2866 subsequuntur,

126 2891 212 2980 quod
226 2903 258 2956 et
272 2891 331 2978 ipsi
349 2875 477 2978 sperent
493 2911 526 2954 se
541 2909 580 2952 ex
594 2897 627 2952 te
641 2884 719 2951 utile
735 2883 855 2970 aliquid
871 2880 1042 2944 audituros.

170 2998 221 3062 'l'u
232 3020 306 3062 vero
318 2997 464 3083 quisnam
474 3018 521 3071 es,
539 2991 721 3060 mortalium
733 2983 1010 3079 prudentissime?
1022 2983 1068 3050 lto
1081 2997 1155 3044 eum

131 3106 239 3190 jocans
254 3101 446 3189 alloquebar.

177 3208 234 3274 llle
249 3220 355 3273 nutem
369 3221 400 3273 et
414 3231 531 3275 nomen
546 3209 624 3276 mihi
639 3221 672 3275 et
686 3229 784 3298 genus
797 3207 934 3295 ingenue
949 3201 1056 3268 edidit.
1075 3197 1156 3283 Try-

132 3317 235 3406 phon,
246 3316 361 3404 inquit,
371 3337 467 3381 vocor
474 3341 483 3389 3
494 3317 643 3384 liebraeus
654 3329 761 3382 nutem
773 3339 843 3382 sum
855 3337 894 3380 ex
905 3307 1156 3380 circumcisione,

131 3449 172 3491 ex
189 3424 275 3490 hello
291 3448 394 3514 nuper
408 3435 495 3513 gesto
510 3426 673 3514 profugus,
688 3423 721 3490 iu
740 3425 861 3492 Graecin
880 3436 912 3488 et
933 3413 1075 3487 Corinthi
1090 3413 1157 3502 ple-

132 3558 268 3624 rumque
284 3534 412 3623 degens.

177 3643 240 3709 se'd
255 3642 333 3732 quid
349 3656 398 3718 te,
416 3643 552 3717 aiebam,
570 3653 692 3706 tentum
708 3641 902 3730 philosophia
920 3644 1025 3727 juvare
1041 3635 1155 3725 possit,

134 3759 286 3841 quantum
298 3745 474 3838 legislator
489 3761 563 3814 tuus
579 3759 611 3812 et
625 3745 810 3835 Prophetael

179 3859 265 3938 Quid
289 3858 392 3936 enim,
413 3857 515 3944 inquit
538 3851 605 3931 ille,
630 3878 670 3920 on
691 3878 754 3922 non
776 3853 1031 3944 philosophorum
1055 3873 1157 3916 sermo
