2630 4614
323 340 458 382 usuario
483 339 539 381 ruo
561 338 778 396 cumsrmms.¹
1014 317 1055 380 65

58 468 149 510 eorum
162 445 291 532 quisque
306 457 398 510 nutus
413 455 473 520 est,
491 455 525 509 ut
540 466 596 508 nos
610 444 786 517 nuseimur;
805 467 867 532 qua
879 445 918 510 da
929 467 964 509 re
975 445 1057 510 inter

56 579 100 620 eos
113 577 213 620 omnes
228 554 385 621 convenit.
405 552 459 618 Sic
476 552 561 618 enim
576 553 660 619 canit
671 555 828 620 Homerus
843 578 851 618 :

123 691 262 746 Oceanum
278 683 397 742 deorum
410 683 548 760 originem
564 695 593 740 et
607 696 726 742 matrem
742 683 865 760 Tethyn.

56 811 185 900 Orpheus
196 821 314 884 autern,
331 810 385 897 qui
400 832 511 874 eorum
529 809 655 876 nomine
670 811 788 899 primus
800 810 930 886 invenit,
943 823 975 876 et
986 833 1060 878 uas-

56 922 136 987 ceudi
147 921 254 985 modos
271 930 477 1008 persequutus
488 932 548 995 est,
565 932 597 984 et
612 943 661 986 res
677 921 829 1008 cujusque
840 934 941 1010 gestas
956 943 1060 986 nerra-

55 1031 103 1106 vit,
118 1054 152 1096 ee
165 1030 267 1094 verius
281 1029 321 1093 de
337 1029 431 1093 rehua
446 1027 556 1093 divinis
577 1040 783 1114 pertractasse
797 1028 881 1118 apud
895 1051 948 1094 eos
959 1029 1061 1094 existi-

54 1151 144 1203 matus
157 1151 216 1213 est,
229 1161 324 1227 quem
335 1139 490 1203 Homerus
504 1138 536 1202 in
552 1136 670 1212 multis,
684 1161 722 1204 oc
732 1138 888 1226 praecipue
899 1137 932 1202 in
943 1137 978 1201 iis
991 1160 1060 1223 qum

53 1248 89 1311 ad
102 1247 169 1312 deos
180 1259 337 1337 spectant,
350 1247 508 1320 imitatum
527 1246 605 1334 ipse,
618 1248 758 1335 inquam,
771 1245 917 1334 Orpheus
928 1247 1062 1335 primam

52 1379 150 1420 eorum
165 1356 398 1444 generationem
408 1378 448 1420 ex
458 1377 539 1442 eque
551 1355 714 1421 constituit
726 1377 734 1418 :

123 1493 252 1547 Oceanus
268 1488 317 1566 qui
330 1487 465 1547 omuibus
480 1488 626 1565 generatio
642 1486 759 1545 exstitit.
804 1533 809 1542 .

50 1621 132 1707 Aqua
150 1621 246 1694 enim,
264 1621 439 1685 secundum
452 1617 554 1692 illum,
572 1619 714 1684 omnium
729 1619 921 1707 principium
932 1617 990 1685 fuit
1003 1643 1011 1684 :
1026 1644 1064 1686 er

48 1752 124 1816 uque
141 1740 246 1793 eutem
261 1728 363 1793 lutum
375 1727 527 1801 constitit,
546 1741 578 1791 et
595 1751 633 1791 ex
649 1739 783 1816 utroque
794 1729 935 1818 genitum
950 1729 1064 1796 nniuml

46 1838 150 1912 draeo,
161 1837 348 1923 adjunctum
359 1835 479 1899 hahens
490 1845 586 1921 ceput
601 1831 710 1898 leonis.
726 1835 846 1899 Horum
863 1836 895 1900 in
907 1836 1012 1901 medio
1023 1837 1065 1901 lu-

47 1949 108 2012 eies
124 1947 185 2021 dei,
202 1946 253 2012 oui
270 1967 385 2009 nomen
398 1942 549 2009 Hercules
561 1956 593 2008 et
606 1943 761 2008 Chronus.
777 1945 835 2010 llic
848 1945 998 2013 hercules
1009 1972 1065 2038 ge-

46 2059 113 2121 nuit
123 2077 217 2120 ovum
228 2053 388 2118 immensae
400 2051 635 2140 magnitudinis,
649 2052 817 2140 quodcum
829 2069 910 2120 esset
921 2057 1064 2146 plenum,

46 2165 260 2230 vehementius
275 2185 291 2225 a
307 2163 448 2250 genitore
467 2162 608 2226 attritum
625 2163 657 2226 in
677 2161 753 2227 duos
772 2177 876 2251 portes
888 2165 1064 2255 disruptum

42 2287 99 2341 est.
119 2275 214 2354 Quod
229 2274 371 2361 superius
388 2273 420 2336 in
441 2293 478 2336 eo
493 2271 564 2345 fuit,
581 2270 652 2336 coeli
669 2271 803 2336 sormam
818 2275 957 2363 accepim
979 2278 1063 2362 quod

41 2400 147 2453 nutem
163 2386 359 2474 depressum,
376 2395 476 2448 terre.
496 2381 615 2447 Prodiit
626 2395 731 2449 nutem
749 2385 806 2449 dea
817 2384 913 2450 'l'erra
930 2410 1062 2477 corpore

40 2499 204 2562 instructo.
225 2494 350 2560 Coelum
369 2506 473 2558 nutem
490 2493 567 2557 dum
586 2491 691 2559 Terrae
706 2493 867 2570 miscetur,
890 2493 998 2584 genuit
1016 2499 1064 2562 le·

39 2609 142 2672 mines
164 2605 292 2695 quidem
317 2603 443 2678 Clotho,
465 2602 631 2678 Lachesin,
653 2604 811 2693 Atropon;
837 2630 938 2672 mures
957 2620 1063 2674 autem

37 2718 247 2791 oentimonos,
261 2714 390 2802 Cottyn‚
408 2713 532 2802 Gygen,
554 2713 730 2790 Briareum,
750 2728 782 2780 et
802 2715 969 2804 Cyclopes,
984 2719 1065 2783 Bro-

36 2839 116 2900 tem,
134 2826 312 2913 Steropem,
329 2823 450 2914 Argum
464 2847 472 2888 τ
487 2846 565 2911 quos
579 2824 675 2888 etium
692 2823 878 2889 constrictos
897 2824 929 2889 in
949 2837 1064 2891 tartum

34 2935 184 3008 detrusit,
199 2957 273 2998 eum
291 2957 324 2998 se
339 2955 436 3020 regno
459 2955 476 2996 u
500 2929 571 2995 filiis
590 2929 771 3018 pellendum
788 2930 955 2998 didicisset.
975 2935 1063 3014 Qua-

34 3054 172 3130 propter
189 3041 266 3104 irata
281 3037 378 3102 Terra
393 3035 521 3103 'litones
533 3038 663 3125 peperit.

120 3171 211 3229 Filios
227 3178 323 3224 eutem
338 3166 466 3224 coelestes
479 3166 576 3243 genuit
593 3165 753 3224 veneranda
768 3167 873 3241 Tellus,

120 3279 205 3346 Quos
218 3279 246 3324 et
256 3266 371 3323 Titanes
384 3266 551 3341 cognomine
567 3279 678 3337 vocant,

117 3377 280 3448 Propterea
291 3365 368 3444 quod
380 3365 433 3423 ulti
444 3377 509 3423 snut
520 3367 629 3425 Coelum
643 3367 730 3425 stellis
742 3369 856 3429 mirans.

76 3497 176 3565 XIX.
196 3497 265 3561 Hoc
277 3493 466 3584 principium
475 3494 600 3582 originis
613 3493 683 3569 luit,
696 3506 765 3558 tum
776 3517 886 3561 eorum
901 3519 978 3582 quos
990 3502 1067 3566 exis·

27 3611 154 3678 timent
178 3606 323 3678 deornm,
351 3615 419 3667 tum
442 3602 656 3667 universorum
677 3625 793 3666 rerum.
821 3602 905 3682 Quid
923 3604 985 3671 hoo
1006 3607 1066 3696 igi-

26 3731 85 3780 tur
102 3716 167 3781 sibi
182 3711 272 3779 vult?
290 3711 542 3800 Unumquodque
557 3711 642 3776 enim
664 3734 774 3776 eorum
793 3711 908 3800 quihus
924 3714 1065 3781 divinitus

24 3825 205 3898 tribuitur,
221 3825 259 3888 ob
276 3821 364 3887 initio
380 3844 447 3886 esse
468 3818 661 3910 intelligitur.
681 3821 760 3886 Nom
780 3821 818 3897 si,
841 3844 913 3887 eum
935 3846 997 3890 non
1013 3849 1065 3891 es-

21 3945 118 4011 sent,
137 3933 215 4000 laeti
236 3944 320 4008 suut,
344 3942 378 3995 ut
396 3930 434 3996 iis
456 3929 559 4018 placet
573 3931 627 4019 qui
649 3931 688 3996 de
702 3931 857 4020 ejusmodi
879 3931 937 3998 diis
956 3934 1064 4023 dispu-

128 4065 166 4108 11.
867 4043 885 4103 5
