2710 4662
322 246 472 325 arrsroha
499 284 539 323 an
557 269 846 324 haruananrnanos.
1036 285 1091 326 ιοι

53 410 145 460 roma
167 389 223 454 cui
244 387 308 454 soli
322 400 447 454 secreta
464 387 525 452 Dei
540 399 612 452 sunt
624 388 753 452 tradita.
776 389 850 477 lpse
868 399 917 453 est
936 390 1030 476 janua
1045 389 1100 456 l’a·

54 499 111 564 trio
120 521 130 572 ι
153 521 217 587 per
236 521 340 588 quam
355 497 580 587 ingrediuntur
599 497 799 563 Abrahamus
812 509 846 562 et
860 496 986 564 lsaacus
1000 509 1033 564 et
1048 498 1102 564 Ja-

54 609 175 682 cobus,
201 621 238 672 et
259 607 443 695 Prophetae,
464 617 499 671 et
518 603 672 694 Apostoli,
694 617 789 693 atque
809 606 962 673 Ecclesia.
993 607 1105 672 Omnia

24 771 26 776 ,
59 715 137 782 haec
144 716 190 782 ad
197 717 359 781 unitatem
369 715 438 782 Dei.
452 714 608 780 Eximium
620 725 728 780 autem
739 715 888 804 quiddam
899 715 997 782 hahet
1008 717 1108 782 Evan-

66 823 213 912 galium
238 825 387 891 nimirum
401 824 572 890 adventum
586 821 756 889 salvatoris
772 824 899 890 Domini
913 825 1013 890 nostri
1029 825 1106 891 lesu

70 933 209 1010 Christi,
224 934 398 1022 passionom
410 933 517 1021 ipsius,
533 955 572 998 oc
583 933 859 998 resurrectionem.
878 933 993 1000 Dilecti
1009 955 1102 999 nam·

70 1067 134 1130 que
148 1043 316 1133 Prophetas
330 1044 593 1110 annuntiaverunt
609 1042 641 1108 iu
657 1043 782 1130 ipsum:
802 1042 1011 1133 Evangelium
1024 1067 1101 1109 veru

66 1153 223 1240 perfectio
233 1155 539 1244 estincorruptionis.
557 1154 715 1221 Omniaia
726 1157 1000 1222 universumhoua
1011 1169 1098 1230 aaut,

66 1263 163 1330 modo
176 1265 209 1329 iu
222 1265 374 1332 charitato
386 1265 592 1331 credideritis.

105 1375 149 1440 X.
168 1375 328 1455 Quoniam
338 1376 515 1442 secundum
526 1374 705 1441 orationem
714 1385 866 1450 vestram,
878 1387 911 1440 et
922 1377 1100 1442 secundum

65 1484 184 1550 viscera
199 1507 271 1572 qua}
283 1485 404 1550 hahetis
415 1485 449 1549 in
461 1483 589 1548 Christo
600 1482 692 1562 lesu,
708 1485 892 1552 nuntiatum
902 1497 950 1578 ost
959 1486 1039 1551 mihi
1049 1511 1104 1576 ps-

66 1615 137 1657 eam
147 1592 270 1658 hahere
280 1591 447 1659 ecclesiam
458 1591 696 1658 Antiochenam
705 1615 776 1676 quae
786 1593 822 1657 in
833 1591 927 1678 Syria
938 1605 1000 1666 ost;
1015 1593 1106 1660 decet

69 1726 137 1778 vos,
154 1715 191 1767 ut
199 1701 264 1767 Dei
275 1701 458 1775 ecclesiam,
473 1698 591 1788 eligere
603 1699 790 1775 diaconum,
802 1701 858 1786 qui
869 1701 963 1765 obeat
973 1703 1017 1766 ihi
1028 1701 1109 1790 lega-

72 1813 197 1878 tionem
211 1813 292 1882 Dei:
311 1823 348 1875 ut
364 1833 443 1875 eum
457 1807 518 1872 illis
534 1809 569 1872 in
585 1829 688 1872 unum
704 1809 914 1896 congregatis,
929 1809 1022 1874 simul
1037 1835 1110 1899 gau·

80 1921 169 1995 deut,
189 1933 224 1985 et
240 1919 398 2008 glor-ilicet
413 1938 541 1984 nomen.
562 1916 681 1981 Beatus
696 1915 747 1980 ille
762 1916 794 1981 in
808 1917 884 1983 lesu
900 1918 1037 1996 Christo,
1056 1921 1108 2010 qui
1180 1991 1183 2000 ,

85 2028 202 2116 dignus
215 2028 342 2094 hahitus
358 2027 452 2092 luerit
462 2026 615 2114 ejusmodi
631 2026 823 2092 ministerio:
840 2039 873 2093 et
885 2051 937 2093 vos
947 2027 1106 2118 glorifica-

86 2137 206 2202 himini.
226 2135 409 2203 Volentihus
429 2145 532 2199 autem
554 2133 641 2199 vohis
661 2156 725 2198 non
746 2146 792 2199 ost
814 2133 1018 2224 impossihile,
1042 2162 1100 2229 pro

83 2247 207 2314 nomine
216 2246 278 2312 Dei
281 2270 294 2319 ,·
313 2258 348 2310 ut
358 2257 391 2309 et
404 2245 544 2332 quondm
554 2244 705 2332 proxime
718 2243 857 2311 ecclosiae
873 2249 1026 2315 miserunt
1036 2254 1102 2340 epi.

78 2379 195 2445 scopos,
209 2353 370 2422 nonnulle
380 2377 454 2420 vero
463 2356 665 2443 presbyteros
677 2365 708 2420 et
720 2356 879 2423 diaconos.

118 2464 238 2533 Xl.’De
255 2465 391 2532 Philone
406 2479 510 2530 autem
529 2464 663 2532 diacono
679 2463 791 2542 Cilica,
807 2469 874 2532 viro
893 2469 1035 2547 laudato,
1049 2475 1103 2560 qui

56 2650 61 2658 ¹
77 2590 107 2641 et
117 2599 198 2644 nunc
209 2578 240 2642 in
252 2575 354 2642 verho
364 2574 423 2640 Dei
434 2574 511 2639 mihi
522 2574 692 2650 ministrat,
703 2598 766 2640 una
779 2598 854 2641 cum
866 2577 955 2643 Rheo
964 2577 1104 2667 Agatho

76 2683 351 2773 poderimelecto,
364 2683 442 2772 quia
452 2681 543 2770 Syria
555 2706 607 2747 me
620 2684 804 2760 comitatur,
814 2686 887 2750 vitae
899 2689 1104 2753 renuntians:

73 2795 163 2883 quiet
178 2795 320 2868 deyohis
337 2791 558 2858 testificantur.
573 2793 615 2856 Et
625 2815 685 2879 ego
696 2791 765 2857 Deo
777 2815 837 2880 ago
852 2795 968 2881 gratias
979 2818 1039 2883 pro
1050 2821 1108 2863 vo-

73 2906 128 2980 his,
143 2907 226 2995 quod
241 2905 315 2972 illos
334 2903 532 2991 suscepistis;
552 2903 635 2966 sicut
650 2913 684 2965 et
698 2923 755 2968 vos
769 2903 936 2970 Dominus.
955 2904 1020 2984 Qui
1031 2931 1106 2974 voro

74 3011 135 3079 illos
158 3013 338 3104 ignominia
365 3009 554 3084 affecerunt,
585 3006 763 3074 liberentur
787 3031 845 3098 per
870 3014 1003 3100 gratiam
1029 3014 1106 3081 lesu

76 3121 195 3188 Christi.
220 3121 352 3188 Salutat
371 3141 427 3184 vos
448 3117 586 3183 charitas
604 3116 739 3188 fratrum
754 3118 807 3204 qui
823 3130 895 3184 sunt
911 3121 944 3186 in
965 3121 1105 3196 Troade:

76 3232 202 3298 undeet
217 3231 327 3296 scribo
343 3225 433 3292 vohis
448 3249 507 3314 per
521 3222 699 3299 Burrhum,
717 3225 772 3312 qui
787 3226 903 3290 missus
918 3239 966 3291 est
981 3251 1109 3296 mecum

74 3343 110 3406 ab
122 3337 269 3427 Ephesiis
284 3347 321 3400 et
336 3333 518 3420 Smyrnaeis,
535 3330 666 3396 honoris
677 3351 781 3396 causa.
797 3332 942 3403 Honoret
956 3333 1040 3420 ipsos
1050 3334 1112 3400 Do-

77 3448 177 3512 minus
192 3444 287 3510 lesus
299 3440 458 3512 Christus,
473 3439 613 3524 inquom
625 3449 767 3526 sperant,
788 3459 898 3512 carne,
915 3440 1031 3518 anima,
1044 3445 1108 3533 spi-

78 3553 235 3632 ritu,lide,
246 3551 418 3624 charitato,
428 3546 607 3614 eoncordia.
618 3545 729 3612 Valete
740 3547 774 3612 in
786 3545 1004 3627 Christolesn,
1018 3576 1107 3622 com.

83 3665 162 3730 muni
178 3687 234 3753 spe
248 3672 370 3729 nostra.

488 3853 708 3871 ρ--ἢ
