2616 4620
328 288 368 330 aa
395 287 593 340 aurearoma,
616 287 676 332 nm.
704 291 738 332 u.
986 266 1043 330 15¹5

4 406 81 458 tem
103 393 266 483 dispositio
284 394 412 460 exhibet
434 396 525 461 nobis
544 395 715 487 descriptas
737 397 827 462 sedes
844 409 876 462 et
900 394 1042 462 ordinem

4 504 177 584 justorum
196 515 229 568 et
249 503 388 590 piorum,
410 526 449 568 ac
465 501 567 592 legem
584 516 615 570 et
635 505 780 570 mandata
802 505 859 570 Dei
878 505 1044 569 observan-

4 613 108 676 tium.
138 613 218 678 Nam
234 609 445 699 splendidiora
460 635 592 699 quaeque
606 624 688 677 astra
704 625 735 678 et
754 611 910 678 rutilantia
926 611 1044 677 babent

4 719 228 786 imitationem
241 720 483 809 prophetarum
502 732 667 809 propterea
680 745 807 787 cursum
819 745 911 786 suum
922 743 985 786 non
998 721 1043 788 in-

4 827 164 904 [lectunt‚
183 852 285 917 neque
302 828 334 894 in
351 826 457 894 lecum
474 852 513 893 ex
530 827 599 894 loeo
617 841 845 896 transcurrunt.
867 829 946 909 Quae
966 853 1042 895 vero

4 937 195 1002 secundum
216 949 325 1003 tenent
343 935 518 1026 splendoris
537 936 656 1013 locum,
676 938 825 1026 imagines
844 950 916 1004 sunt
934 935 1041 1026 populi

4 1045 186 1128 justorum.
206 1045 351 1110 Errontia
366 1057 472 1110 autem
487 1058 519 1110 et
533 1044 640 1112 locum
654 1069 693 1110 ex
707 1044 778 1113 loco
791 1047 955 1123 mutantia,
972 1071 1041 1134 quae

4 1155 112 1220 etiam
126 1155 259 1245 planetae
272 1157 433 1231 dicuntur,
449 1157 553 1245 imago
567 1169 640 1221 sunt
651 1180 761 1222 eorum
777 1157 831 1245 qui
847 1179 863 1220 a
879 1156 945 1222 Deo
962 1155 1040 1222 deti-

4 1265 117 1339 ciunt,
135 1265 265 1353 ejusque
277 1264 378 1354 legem
389 1277 421 1329 et
432 1277 587 1353 praecepta
599 1265 757 1332 deserunt.

55 1372 147 1439 XVl.
172 1374 231 1438 Die
252 1375 361 1461 quinto
378 1384 524 1460 generata
548 1396 586 1438 ex
607 1374 695 1462 aquis
714 1371 858 1439 animalia
881 1372 1039 1461 prodiere,

4 1507 49 1546 ex
68 1483 185 1569 quibus
196 1481 359 1570 multiplex
370 1482 427 1547 Dei
443 1483 474 1546 in
492 1481 539 1546 bis
554 1503 679 1570 quoque
694 1483 789 1548 rebus
808 1481 957 1569 sapientia
973 1504 1042 1569 per-

4 1591 156 1679 spicitur.
174 1591 253 1671 Quis
267 1592 351 1657 enim
363 1591 460 1679 possit
471 1613 582 1655 eorum
597 1589 830 1656 multitudinem
843 1602 875 1656 et
889 1612 1040 1680 generum

4 1701 200 1766 varietatem
223 1701 429 1766 enumeraretl
452 1700 605 1766 Praeterea
623 1701 784 1766 benedixit
804 1701 890 1765 Deus
913 1700 949 1765 iis
971 1723 1039 1788 qaae

4 1831 50 1871 ex
69 1807 157 1894 aquis
173 1819 246 1872 nata
262 1820 346 1882 sunt,
359 1819 394 1871 ut
409 1807 441 1871 id
453 1830 577 1894 quoque
593 1809 716 1896 signum
728 1821 808 1874 esset
824 1809 965 1873 homines
976 1830 1041 1896 pm-

5 1916 182 1980 nitentiam
199 1928 230 1979 et
246 1915 460 1981 remissionem
482 1928 686 2004 peecatorum
704 1941 761 2004 per
780 1941 894 2005 aquam
909 1928 940 1980 et
956 1915 1040 1981 lava-

6 2047 109 2088 crum
124 2025 367 2112 regenerationis
381 2037 579 2113 accepturos,
596 2038 750 2113 quotquot
765 2027 804 2090 ad
816 2026 978 2090 veritatem
990 2033 1042 2092 ac-¹

5 2131 133 2196 cedunt
149 2144 181 2196 et
195 2145 419 2220 regenerantur
434 2145 464 2198 et
478 2133 731 2199 benedictionem
746 2158 762 2200 a
783 2135 850 2200 Deo
867 2135 1034 2221 accipiunt.

4 2240 120 2306 Sedet
132 2252 202 2306 cete
213 2251 323 2307 etaves
333 2245 502 2310 carnivorae
510 2245 627 2309 babent
635 2243 868 2308 similitudinem
877 2244 1037 2332 rapacium

7 2349 181 2414 hominum
195 2359 227 2414 et
242 2352 527 2439 praevaricatorum.
547 2352 823 2430 Quemadmodum
838 2352 922 2417 enim
938 2375 1038 2438 aqua-

5 2456 79 2521 tilia
94 2470 126 2523 et
141 2458 288 2536 volatilia,
301 2483 374 2526 cum
386 2461 447 2526 sint
461 2461 603 2548 ejusdem
616 2473 746 2537 naturae,
760 2462 903 2548 quaedam
916 2484 1037 2549 perma-

5 2568 133 2632 nontin
148 2568 185 2633 iis
200 2592 270 2657 quae
284 2582 356 2635 sunt
367 2571 541 2638 secundum
552 2583 710 2646 naturam,
723 2570 842 2638 nullam
855 2569 1036 2637 imbecillio-

6 2677 99 2740 ribus
114 2677 261 2765 injuriam
273 2678 404 2754 faciunt,
418 2679 472 2745 sed
483 2678 584 2768 legem
598 2681 656 2746 Dei
672 2691 808 2755 servant,
820 2693 852 2744 et
864 2680 1035 2744 seminibus

6 2795 103 2849 terras
114 2785 238 2859 vivunt3
250 2787 394 2874 quaedam
405 2810 478 2852 vero
489 2785 591 2876 legem
603 2788 660 2852 Dei
672 2787 956 2875 transgrediuntur,
971 2807 1035 2850 car-

6 2917 66 2958 nes
77 2906 199 2969 vorant,
208 2895 433 2962 infirmioribus
445 2897 509 2962 vim
520 2897 654 2962 afferunt
666 2920 674 2959 :
686 2897 727 2960 ita
739 2908 770 2960 et
782 2896 857 2981 justi
868 2897 921 2982 qui
933 2893 1035 2982 legem

6 3005 69 3067 Dei
92 3005 286 3079 custodiunt,
307 3005 467 3070 neminem
486 3006 633 3070 mordeat
654 3015 708 3070 aut
728 3003 858 3080 laedunt,
877 3015 983 3070 sancte
1003 3014 1036 3068 et

8 3113 95 3198 juste
107 3112 223 3177 vivant
235 3111 374 3199 Rapaces
387 3125 504 3188 autom,
517 3112 683 3178 homicidae
694 3124 726 3177 et
737 3113 824 3201 impii
835 3111 951 3178 similes
963 3123 1036 3176 sunt

8 3219 148 3293 cetibus,
164 3218 237 3284 seris
251 3232 283 3283 et
297 3219 406 3284 avibus
418 3220 587 3286 carnivoris
601 3245 608 3284 :
625 3221 775 3286 devorant
788 3222 873 3286 enim
884 3221 1034 3309 quodam-

7 3328 107 3393 modo
129 3327 326 3394 infirmiores.
350 3329 542 3417 Aquatilium
564 3343 670 3396 autem
692 3345 724 3396 et
745 3331 917 3397 volatilium
936 3347 1034 3420 genus

7 3439 237 3504 benedictionis
252 3439 310 3506 Dei
326 3441 482 3530 particeps
502 3441 634 3518 sactum,
658 3441 735 3507 nibil
757 3455 862 3508 tamen
877 3443 1034 3531 praecipue

11 3557 241 3638 consequutum
256 3563 313 3616 est.
855 3549 858 3554 ’
912 3565 914 3572 ’
995 3539 1000 3550 ¹

54 3657 154 3726 XVll.
173 3660 269 3727 Sexto
284 3673 391 3728 autem
408 3663 458 3729 die
473 3647 547 3729 cum
561 3664 646 3729 Deus
661 3663 784 3730 lecisset
802 3661 1033 3752 quadrupedes,
1124 3675 1125 3678 ’

13 3769 93 3834 seras
117 3781 148 3835 et
173 3771 295 3861 reptilia
318 3772 490 3849 terrestria,
515 3774 771 3840 benedictionem
792 3772 877 3846 silet3
903 3795 1034 3861 eamque

15 3877 132 3946 homini
149 3893 298 3958 reservat,
319 3905 414 3971 quem
429 3882 570 3950 secturus
586 3895 653 3950 erat
667 3897 752 3952 sexta
768 3885 828 3950 die.
848 3883 929 3949 Sunt
943 3884 1038 3948 etiam
1076 3859 1082 3882 l
