2646 4596
240 226 305 310 37⁸
537 245 650 291 alacri
672 244 790 288 acerno
813 243 965 288 enarrare

239 353 329 418 Esaia
341 351 494 427 similiter,
504 354 595 439 cujus
607 352 814 417 omniaetiam
824 355 917 416 verba
930 346 1045 414 imitari
1058 345 1168 412 eonati
1182 353 1268 408 sunt.

238 459 406 524 Machinati
422 459 506 523 enim
520 471 606 533 eunt,
622 471 657 522 ut
672 479 830 523 sermones
840 447 936 521 etiam
951 456 1035 543 apud
1050 454 1128 517 istos
1140 453 1187 515 de
1202 452 1272 538 jue

238 568 313 632 titiae
336 567 550 632 observatione
574 567 774 631 haberentur.
803 565 938 631 ‘Necesse
964 575 1013 627 est
1035 571 1145 625 autem
1170 559 1270 624 Esaiae

239 676 333 738 verba
354 673 440 738 vobis
461 675 607 746 referam,
632 685 667 736 ut
686 671 804 737 ex'illis
823 671 1019 760 perspicietis
1042 669 1086 732 ita
1108 689 1181 730 sese
1203 688 1267 728 rem

239 781 365 846 habere.
389 780 471 844 Sunt
491 791 598 846 autem
617 779 793 866 ejusmodi:
813 778 964 852 ‹Audite,
986 776 1041 864 qui
1063 774 1159 862 longe
1181 775 1266 840 estis.

239 910 334 972 »quae
349 886 429 950 feci:
449 887 560 961 acient,
577 888 630 972 qui
644 888 895 974 appropinquant
910 882 1133 947 fortitudinem
1148 902 1264 944 meam.

239 1021 252 1055 ι
266 993 474 1058 Recesserunt
486 994 539 1080 qui
551 1005 643 1057 erant
654 995 686 1058 in
695 994 770 1058 Sion
785 992 900 1078 iniqui:
914 988 1135 1078 apprehendet
1149 999 1267 1050 tremor

240 1127 253 1160 ι
268 1100 388 1186 impios.
409 1099 488 1176 Quis
499 1100 698 1163 annuntiabit
709 1099 796 1163 vobis
811 1097 918 1164 locum
930 1095 1110 1160 aeternum?
1124 1093 1195 1170 ‘Qui
1206 1115 1267 1154 am-

241 1233 254 1267 »
266 1203 356 1269 bulat
364 1206 395 1269 in
403 1206 533 1291 justitio,
542 1205 595 1290 qui
604 1203 742 1290 loquitur
750 1204 970 1276 rectamvinm,
979 1201 1265 1286 oditiniquitatem

240 1323 299 1374 »et
319 1312 515 1398 injustitiam,
532 1322 564 1374 et
585 1333 696 1375 manus
715 1331 808 1398 puras
828 1309 923 1373 habet
942 1331 959 1371 a
980 1307 1192 1376 muneribus;
1216 1305 1266 1388 qui

233 1409 253 1479 ἰ
269 1421 395 1484 obturat
416 1441 519 1492 aures,
542 1429 577 1482 ut
598 1441 663 1483 non
683 1417 789 1481 audiat
808 1416 962 1504 judicium
981 1413 1146 1502 sanguinis
1168 1411 1267 1496 injus-

241 1536 348 1599 »tum,
364 1523 482 1589 claudit
500 1523 621 1598 oculos,
641 1546 681 1588 ne
699 1523 828 1588 videat
819 1523 1038 1610 iniquitatem.
1062 1521 1122 1584 iste
1142 1519 1265 1583 habita-

241 1655 254 1689 »
268 1630 360 1693 bitin
372 1628 492 1694 excelsa
504 1611 651 1716 spelunca
663 1640 759 1716 petrae
774 1628 958 1692 fortissime.
978 1627 1070 1692 Panis
1082 1649 1111 1690 er
1102 1625 1263 1690 ’,ἀιδίων

240 1746 301 1800 aet
320 1760 398 1823 aqua
420 1738 488 1823 ejus
507 1735 617 1800 lidelis.
639 1735 757 1823 Regem
776 1757 850 1801 cum
869 1734 966 1823 gloria
985 1733 1159 1799 videbitis:
1183 1729 1263 1796 oculi

241 1871 254 1904 t
270 1845 363 1907 vestri
375 1844 526 1906 videbunt
537 1841 700 1928 de'longc:
719 1843 822 1905 anima
839 1854 940 1908 restra
953 1839 1161 1904 meditabitur
1172 1839 1264 1902 timo-

241 1971 336 2012 »rem
354 1949 491 2012 Domini.
519 1947 577 2012 Ubi
597 1959 644 2010 est
663 1946 839 2010 litteratus?
860 1947 919 2011 Ubi
936 1957 1009 2010 sunt
1028 1946 1264 2010 consiliatores?

241 2082 253 2115 ι
269 2054 329 2120 Ubi
348 2055 463 2140 estqui
483 2065 628 2118 numerat
644 2076 698 2118 eos
720 2053 773 2138 qui
790 2053 994 2118 nutriuntur?
1008 2075 1140 2140 parvum
1155 2065 1188 2117 et
1201 2076 1264 2116 ma-

241 2183 365 2247 »gnum
385 2159 560 2245 populumi'
581 2160 729 2235 Quocum
745 2158 872 2223 consilia
888 2181 953 2224 non
971 2161 1137 2245 agitaruut,
1158 2181 1261 2245 neque

240 2264 511 2352 »profunditatem
528 2286 642 2328 vocum
657 2265 827 2339 sciverunt,
844 2267 886 2330 ite
903 2278 937 2328 ut
953 2289 1018 2330 non
1034 2267 1180 2332 audirent.
1199 2265 1260 2328 Po-

240 2370 358 2460 »pulus
374 2371 512 2444 vitiosus,
530 2380 562 2433 et
579 2391 644 2439 uon
658 2383 706 2435 est
720 2372 859 2436 audienti
874 2370 1103 2460 intelligentia¹.
1118 2403 1130 2434 t
1144 2373 1259 2460 Liquet

240 2481 333 2567 igitur
353 2479 385 2544 in
406 2478 466 2543 hac
490 2500 615 2564 quoque
636 2479 802 2566 prophetia
824 2491 856 2545 et
879 2481 917 2544 de
938 2503 1020 2568 pane
1045 2479 1098 2545 illo
1118 2479 1259 2567 praedici‚

239 2611 336 2676 quem
351 2587 441 2652 nobis
458 2587 601 2652 Christus
618 2599 725 2651 noster
742 2588 846 2652 facere
861 2590 1013 2676 'praecepit
1029 2589 1061 2652 in
1078 2591 1260 2653 memoriam

240 2697 414 2784 corporisa
436 2719 469 2760 sc
484 2709 614 2782 propter
626 2718 679 2760 eos
701 2698 754 2781 qui
774 2697 805 2761 in
827 2690 929 2784 ip'sum
949 2697 1085 2761 credunt
1100 2698 1259 2785 assumpti,

241 2816 370 2890 propter
384 2826 462 2889 quos
477 2814 509 2868 et
524 2802 676 2890 passibilis
691 2803 791 2868 sactus
807 2816 870 2875 eat:
888 2816 920 2868 et
935 2804 975 2868 de
990 2802 1104 2880 calice,
1121 2829 1217 2892 quem
1232 2807 1259 2868 in

242 2913 426 2975 memoriam
441 2911 599 2998 sanguinis
616 2913 664 2975 sui
682 2934 755 2977 cum
772 2913 942 2999 gratiarum
958 2913 1083 2978 actione
1101 2913 1170 2978 lieri
1185 2937 1258 3002 prze-

242 3018 336 3104 cepit.
355 3019 458 3104 htque
469 3020 556 3083 hunc
567 3021 668 3107 ipsum
679 3019 798 3108 Regem
809 3020 906 3108 gloria
919 3020 1197 3087 circumfluentem
1209 3047 1260 3086 nos

242 3126 362 3190 visuros
373 3126 484 3190 eadem
494 3127 658 3214 prophetia
672 3126 808 3192 declarat
823 3150 831 3190 :
849 3151 888 3218 ac
902 3129 1045 3192 futurum
1057 3129 1156 3194 etiam
1168 3141 1203 3193 ut
1215 3155 1261 3216 po

241 3232 334 3322 palus
348 3234 402 3320 qui
417 3235 450 3300 in
464 3257 538 3300 eum
552 3238 807 3322 praenoscebatur
829 3237 1017 3310 crediturus,
1042 3236 1195 3318 timorem
1209 3239 1260 3302 Dei

242 3339 459 3415 meditaretur,
478 3340 509 3404 id
526 3343 754 3430 precognitum
771 3343 877 3418 sitisse,
898 3345 963 3431 ipea
980 3343 1156 3431 prophetiae
1172 3347 1260 3408 verba

244 3446 400 3512 clamant:
423 3447 557 3536 denique
576 3451 701 3544 eosqui
720 3449 838 3524 litteras
855 3451 1092 3538 scripturarum
1109 3453 1192 3517 scire
1210 3455 1261 3516 sibi

243 3553 401 3629 videntur,
416 3555 652 3643 prophetiarum
668 3557 917 3648 intelligentiam,
937 3559 1031 3623 etiam
1046 3581 1123 3624 cum
1139 3583 1195 3623 eas
1210 3583 1262 3622 au-

244 3658 346 3736 diunt,
373 3685 436 3728 non
460 3663 589 3739 hebere,
611 3663 754 3732 similiter
775 3667 825 3734 he
846 3666 1015 3754 Scripturae
1038 3667 1258 3734 vociferantur.

276 3778 359 3829 tua-ai.
374 3798 460 3843 anxur,
475 3785 510 3834 15.
