2688 4626
415 295 720 318 taunucum-num
726 299 1332 328 mmmmmmmtwmmm-

510 489 828 606 ususuuu
860 519 1128 612 susurru

341 789 811 899 COHORTATIO
854 796 947 900 Au
991 799 1300 904 GRAECOS.

646 1085 989 1116 utu-*nn-

343 1309 367 1374 l.
394 1308 667 1376 Concurarronau
688 1309 774 1398 apud
797 1331 863 1386 vos,
884 1308 1002 1384 Graeci,
1025 1307 1214 1382 instituens,
1234 1307 1315 1373 usco

297 1439 423 1508 precor,
445 1431 480 1484 ut
499 1419 577 1484 mihi
596 1418 727 1508 quidem
742 1420 827 1508 apud
843 1443 909 1496 vos,
929 1431 966 1484 ut
980 1431 1117 1508 pareat,
1134 1419 1242 1484 dicere
1254 1441 1311 1484 oon

296 1530 412 1618 tingant
432 1552 486 1596 vos
501 1539 609 1596 autem
623 1531 788 1619 pristinam
803 1530 1013 1619 pertinaciam
1027 1528 1308 1617 relinquerimus

295 1641 455 1728 majorum
475 1640 673 1708 discedentes
688 1663 808 1716 errore,
825 1665 895 1728 quse
915 1639 1002 1706 utilia
1019 1652 1095 1706 sunt
1115 1641 1150 1712 in
1167 1641 1305 1730 prasentia

295 1746 438 1838 eligatis:
460 1773 520 1814 nee
539 1749 714 1840 quidquam
733 1774 751 1814 a
770 1749 859 1815 vobis
875 1749 907 1816 in
922 1750 1060 1838 maiores
1077 1761 1200 1818 vestros
1208 1769 1299 1836 pra-

294 1869 363 1924 tum
377 1858 415 1923 iri
431 1857 627 1932 existimetis,
647 1858 672 1924 si
690 1881 760 1944 quos
779 1871 922 1948 pugnant
941 1881 1015 1924 cum
1032 1858 1070 1922 iis
1085 1881 1163 1946 quae
1176 1855 1234 1922 uhu
1250 1856 1295 1920 ml·

292 1993 353 2034 nus
367 1969 452 2034 bene
466 1967 584 2056 opinati
604 1979 690 2040 sunt,
710 1989 797 2033 nunc
816 1968 904 2034 vobis
921 1965 1007 2032 utilia
1027 1967 1205 2032 videantur.
1222 1968 1301 2033 lom-

292 2090 359 2143 rata
381 2080 465 2144 enim
488 2101 595 2144 rerum
618 2077 828 2166 investigatio,
851 2101 888 2142 ea
909 2078 1005 2143 etiam
1027 2099 1097 2166 quse
1120 2076 1262 2167 preclare
1280 2099 1304 2139 sr

293 2185 410 2252 habere
426 2187 490 2252 visa
509 2187 646 2263 luerent,
668 2207 749 2274 saepe
765 2183 823 2252 alia
839 2209 907 2252 esse
923 2187 1134 2263 demonstrat,
1151 2199 1303 2276 mquam

291 2296 488 2363 accuratiore
503 2295 621 2361 trutina
637 2318 747 2360 verum
763 2293 946 2385 exploravit.
964 2295 1080 2383 ltaque
1094 2317 1158 2361 cum
1169 2293 1304 2382 proposi

289 2419 358 2496 tum
374 2403 465 2471 nobis
480 2405 520 2470 sit
534 2405 574 2470 de
586 2428 658 2470 vera
672 2403 823 2494 religione
835 2403 988 2469 disserere
1007 2404 1090 2492 (qua
1099 2401 1211 2490 qnidam
1223 2398 1297 2465 nihil

287 2513 324 2578 iis
340 2511 393 2600 qui
414 2511 518 2577 vivere
536 2523 624 2602 extra
643 2509 820 2599 periculum
836 2507 959 2585 volunt,
979 2511 1212 2599 antiquiusesse
1227 2505 1302 2572 urbi-

285 2635 354 2686 tror
368 2611 498 2710 propter
509 2620 652 2685 futurum
664 2629 735 2707 post
748 2617 845 2685 finem
856 2619 953 2705 hujus
965 2619 1037 2685 vitae
1047 2620 1214 2708 judicium,
1228 2619 1297 2706 quui

286 2730 414 2817 quidem
430 2752 494 2795 non
511 2727 609 2793 nostri
626 2725 729 2792 solum
744 2726 776 2793 in
793 2727 851 2792 Dei
868 2727 957 2794 cultu
973 2729 1194 2817 progenitores
1205 2725 1294 2818 predi-

284 2853 371 2917 cant,
393 2841 556 2930 prophetae
575 2850 607 2904 et
627 2837 830 2927 legislatores,
853 2839 910 2905 sed
931 2839 952 2904 ii
973 2839 1068 2904 etiam
1089 2840 1146 2926 qui
1162 2837 1239 2928 apud
1253 2859 1297 2900 sos

284 2950 443 3037 sapientiae
463 2949 644 3038 opinionem
665 2945 818 3023 habuere,
839 2960 908 3013 tum
927 2959 1040 3036 poetes,
1059 2961 1132 3013 tum
1156 2971 1255 3013 veram
1269 2967 1297 3009 ac

283 3057 423 3123 divinam
443 3059 528 3146 apud
549 3081 604 3122 vos
625 3056 790 3123 scientiam
811 3069 972 3124 assecutos
992 3081 1025 3124 se
1045 3081 1114 3123 esse
1132 3057 1299 3147 prolitentes

282 3166 496 3257 philosophi),
514 3165 702 3255 praeel'arum
718 3164 802 3232 laetu
823 3167 974 3255 judicavi,
995 3168 1100 3256 primo
1123 3169 1253 3256 quidem
1272 3165 1302 3228 dr

281 3278 441 3370 religionis
461 3288 575 3343 nostrae
598 3273 693 3342 simul
714 3286 809 3365 atque
829 3290 938 3342 vestrae
959 3278 1119 3366 magistris
1143 3279 1303 3368 inquiren..

238 3461 242 3470 .
279 3389 333 3478 qui
345 3399 377 3453 et
388 3385 508 3477 quales,
521 3386 700 3474 quibusque
712 3386 909 3473 temporibus
921 3384 1038 3450 fuerint
1045 3409 1055 3458 ς
1071 3397 1106 3452 ut
1117 3397 1152 3452 et
1165 3388 1219 3476 qui
1231 3387 1303 3476 prius

278 3493 354 3561 salso
371 3492 561 3583 appellatam
572 3490 757 3580 religionem
772 3515 790 3557 a
803 3493 978 3582 majoribus
993 3514 1162 3584 accepere,
1182 3517 1266 3561 nune
1279 3515 1302 3556 rs

277 3603 416 3689 cognita,
436 3604 611 3668 inveterato
630 3598 684 3664 illo
703 3598 879 3666 liberentur
897 3625 1005 3668 errore
1012 3625 1021 3673 ς
1045 3601 1102 3667 sed
1121 3613 1155 3667 et
1176 3613 1303 3670 nosmet-

276 3713 359 3800 ipsos
375 3709 459 3777 clare
477 3723 510 3784 et
530 3722 638 3801 aperte
656 3712 912 3790 ,demonstremus
927 3735 1039 3778 eorum
1054 3711 1245 3803 religionem
1262 3737 1302 3777 se·

275 3823 342 3910 qui,
359 3843 438 3908 quos
454 3821 486 3887 in
501 3823 560 3887 Dei
576 3821 664 3889 cultu
679 3824 898 3911 progenitores
914 3823 1095 3889 habuimus.

318 3931 483 4011 Quosnam
506 3931 614 4020 igitur,
639 3955 657 3996 ο
682 3929 799 4007 Graeci,
825 3929 984 4020 religionis
1007 3943 1117 3997 vestrae
1144 3933 1302 4022 magistro
