2646 4628
370 343 492 386 cennas
516 343 666 386 neeesse.
974 326 1036 410 289

31 443 111 510 nndi
131 444 314 520 fabricatioa
336 446 392 516 sed
411 446 544 514 inissent
561 447 668 514 omnia
688 446 812 516 deserte
835 471 874 518 ao
889 449 1037 518 destituta

29 577 33 614 μ
58 553 165 620 bonis.
184 553 255 622 Non
270 553 374 622 solum
389 555 495 646 itaque
510 557 543 624 in
558 557 782 626 fabricatorem
794 570 919 626 tantum
934 557 1033 628 ineli-

29 665 76 729 ›si
92 675 179 742 sunt,
195 662 275 732 labis
285 689 361 733 eum
373 666 515 736 dieentes
527 667 683 744 sruotnrm
701 669 757 736 sed
772 669 848 736 etin
861 669 1036 750 Christum,

36 772 80 838 in
97 772 251 862 Spiritum
265 787 425 853 sanctum,
444 786 577 867 propter
590 774 696 844 labem
711 777 853 846 dieentes
871 802 927 846 eos
941 780 1039 847 emis-

29 906 65 956 ῆς
90 894 123 949 et
137 881 335 951 salvatorem
349 897 457 951 autem
472 883 616 954 similiter
629 898 702 975 post
718 885 833 954 lahem.
857 887 937 968 Quis
951 889 1038 955 enim

29 981 170 1060 stinehit
185 993 343 1086 reliquum
357 1017 470 1062 eorum
483 995 714 1084 vaniloquium,
730 996 818 1086 qnod
831 1009 934 1064 astute
949 1021 1040 1088 para·

33 1100 82 1166 lis
98 1102 249 1193 adaptare
265 1116 429 1181 conantes,
450 1099 484 1170 et
503 1127 549 1180 se,
568 1116 600 1170 et
615 1127 670 1172 eos
688 1104 743 1196 qui
762 1105 822 1173 sibi
838 1107 985 1186 credunt,
1006 1108 1039 1176 in

29 1211 175 1278 oximam
190 1222 417 1280 convenerunt
432 1213 651 1304 impietatem?

466 1373 489 1462 s
512 1372 577 1440 111.

329 1523 370 1568 ΒΕ
386 1523 514 1568 fliium
530 1522 710 1568 ventutms.

52 1645 98 1706 ι’.
122 1635 251 1704 Omnia
276 1631 322 1704 ad
343 1657 459 1706 unum
483 1631 727 1732 eumdemque
753 1632 930 1733 opificem·
949 1625 1039 1706 refe-

29 1740 139 1813 :nda¹
156 1767 164 1810 ἔ
197 1752 204 1766 ⁸

39 1869 143 1938 Varia
158 1881 190 1936 et
205 1867 304 1938 multa
320 1882 407 1947 sunt,
424 1893 495 1958 quae
509 1870 592 1939 iaetu
608 1885 697 1948 sunt3
718 1885 751 1940 et
765 1871 807 1940 ud
821 1891 951 1940 omnem
965 1869 1040 1960 qui·

29 2003 79 2046 rm
100 1978 257 2047 facturam
278 1981 362 2047 hene
377 1989 497 2070 aptata,
520 1993 555 2047 et
575 1982 659 2048 bene
678 1982 912 2049 consonantia:
937 2001 1040 2070 quan-

32 2112 75 2154 m
101 2099 209 2154 autem
231 2098 352 2177 spectat
376 2086 417 2154 nd
444 2087 695 2178 unumquodque
720 2111 845 2164 eorum,
875 2099 950 2154 sunt
979 2087 1040 2155 sibi

29 2201 141 2268 vicem
156 2199 314 2266 contraria
337 2211 370 2266 et
387 2223 452 2267 non
470 2193 689 2267 convenientia
706 2223 715 2266 r
740 2200 821 2268 siout
842 2199 972 2267 eitharae
994 2221 1042 2265 so-

29 2335 62 2376 rs
79 2332 137 2398 per
153 2307 404 2398 uniuscujusque
422 2307 603 2374 distantiam
615 2321 844 2376 consonantem
861 2331 959 2376 unam
976 2331 1042 2377 me·

30 2422 123 2486 diam
141 2433 304 2508 operatur,
326 2441 367 2484 ex
384 2417 492 2485 multis
515 2430 547 2486 et
565 2419 730 2486 contrariis
749 2420 834 2486 sonis
852 2419 1036 2488 subsistens.

30 2533 108 2598 ebet
126 2553 202 2620 ergo
217 2541 341 2594 amator
358 2528 424 2595 veri
444 2551 509 2595 non
527 2529 652 2597 traduci
673 2530 820 2596 distantia
840 2531 1041 2619 uniuscujus·
1104 2573 1108 2578 -

30 2665 64 2706 re
81 2640 163 2715 soni,
179 2661 240 2706 nee
255 2636 352 2703 alium
367 2634 497 2723 quidem
512 2635 621 2727 hujus,
634 2635 732 2704 alium
744 2650 852 2704 autem
863 2633 946 2706 illius
960 2639 1039 2705 arti-

31 2772 98 2816 tem
109 2748 262 2838 suspicari
274 2758 306 2812 et
317 2745 489 2813 factorem:
505 2770 608 2835 neque
618 2746 717 2814 alium
727 2748 856 2835 quidem
868 2747 1038 2824 acutiores,

31 2867 99 2926 um
114 2869 221 2925 autem
236 2858 399 2931 vastiores,
414 2854 513 2921 alium
530 2879 604 2922 vero
619 2856 804 2922 medietates
822 2866 961 2945 aptasset
983 2856 1039 2924 sed

31 2993 103 3039 rum
118 2981 150 3034 et
164 2969 268 3056 ipsum
283 2965 437 3032 adtotius
456 2965 560 3053 operis
575 2977 607 3030 et
623 2965 783 3054 sapientire
798 2963 1039 3032 demonstratio-

32 3103 90 3153 ιω,
108 3089 140 3142 et
157 3075 297 3164 justitias,
313 3084 346 3138 et
362 3071 526 3147 honitatis,
545 3083 578 3136 et
594 3073 745 3138 muneris.
768 3071 808 3140 Hi
824 3095 898 3140 vero
914 3075 969 3162 qui
986 3099 1040 3142 au·

32 3197 95 3252 unt
115 3181 298 3257 melodiam,
322 3179 439 3246 debent
462 3177 592 3245 laudare
613 3189 646 3245 et
667 3177 846 3268 glorificare
868 3181 1037 3258 aitisroem,

40 3294 181 3363 aliorum
191 3293 321 3382 quidem
331 3289 548 3357 extensionem
558 3289 679 3366 mirari,
692 3287 827 3357 aliorum
839 3303 945 3358 autem
957 3291 1039 3358 laxa·

33 3417 147 3474 entum
162 3403 340 3480 intendere,
356 3400 492 3468 aliorum
507 3423 583 3467 vero
598 3401 681 3467 inter
697 3413 868 3491 utrumque
885 3415 1038 3493 tempera·

33 3527 146 3584 entum
157 3511 320 3588 exaudire,
332 3509 467 3576 aliorum
479 3507 587 3577 antem
598 3519 712 3599 typum
723 3509 937 3587 considerare,
950 3523 983 3578 et
997 3512 1039 3578 ad

33 3627 78 3694 rid
103 3621 353 3713 unumquodque
376 3619 506 3696 reserat,
526 3629 689 3685 eteorum
707 3640 837 3686 oausam
857 3617 1033 3708 inquireret

34 3758 157 3826 isquam
167 3731 391 3800 transferentes
417 3727 584 3820 regulam,
609 3751 714 3818 noque
736 3739 878 3798 errantes
900 3731 940 3797 ab
963 3729 1035 3796 arti·

34 3873 75 3926 re,
87 3868 192 3936 neque
206 3843 393 3935 abjicientes
411 3839 521 3916 iidem.
538 3861 609 3930 que
623 3840 720 3908 estin
735 3861 836 3908 unum
848 3837 965 3917 Deum,
980 3841 1035 3930 qui
1094 3921 1099 3926 ¹

34 3979 41 4013 ¹
53 3978 122 4042 Cap.
139 3988 198 4038 ur,
208 3992 235 4025 n.
250 3993 272 4028 π.

92 4083 129 4130 11.
854 4078 893 4144 ¹9
