2586 4642
375 361 498 410 cotnra
521 361 671 412 nnnasas.
973 343 1038 432 475

30 477 113 534 ente
127 467 290 538 visionem
301 468 312 557 (
322 493 335 530 ι
344 469 454 539 Cecidi
466 473 568 549 enim,
584 473 752 564 inquit,ad
761 473 859 564 pedes
868 475 939 564 ejus
950 475 1039 564 quasi

30 577 213 655 nortuus¹,
230 606 244 642 s
263 590 299 645 ut
321 579 413 650 fieret
434 582 521 670 quod
539 583 693 671 scriptum
713 596 786 650 est:
807 609 820 646 e
836 583 936 653 Nemo
955 583 1041 654 videt

30 687 126 752 teum
150 698 189 756 ct
204 684 307 754 vivet²
323 691 359 778 s)
377 701 410 755 et
426 687 587 758 vivificans
601 712 675 758 aum
694 689 851 770 Verbum,
873 681 910 760 et'
928 693 1041 762 admo·
1093 685 1099 692 ’

30 815 66 860 ns
95 796 260 884 quoniam
283 796 350 887 ipse
369 809 418 866 est
444 796 477 865 in
499 799 593 888 cujus
615 812 746 890 pectore
770 803 979 870 recumbebat
1000 803 1040 868 nd

30 925 136 982 tuem,
159 903 360 997 interrogans
377 907 448 996 quis
462 919 544 976 esset
558 909 613 998 qui
635 910 790 1001 inciperet
803 934 879 978 eum
901 912 1039 990 tradere,

30 1015 124 1081 cebet
139 1038 150 1081 s
165 1018 260 1106 «Ego
274 1031 345 1084 sum
361 1017 496 1109 primus,
511 1029 545 1086 et
559 1020 834 1110 egonovissimuu
847 1022 944 1111 etqui
956 1023 1040 1098 rivo,

30 1138 50 1190 :t
66 1125 115 1194 fui
134 1140 302 1204 mor-tunae
321 1141 353 1196 et
367 1153 445 1198 ecce
463 1130 532 1198 vivo
542 1132 576 1199 in
590 1130 705 1201 eaecula
719 1132 922 1210 seculorum,
941 1145 974 1200 et
987 1133 1042 1200 hu·

30 1239 85 1300 beo
98 1233 214 1304 claves
228 1238 339 1305 mortis
350 1249 383 1304 et
394 1238 598 1308 inferorum¹.
617 1241 680 1308 »Et
691 1254 763 1331 post
777 1241 846 1310 baec
858 1243 890 1309 in
902 1241 1041 1310 secunda
1058 1231 1064 1238 ’

30 1345 119 1412 sione
136 1345 294 1414 eumdem
307 1345 481 1416 Dominum
496 1349 606 1417 videns
623 1349 863 1429 avinionem,
881 1353 996 1442 inquit,
1009 1351 1042 1420 in

30 1455 135 1522 medio
147 1455 272 1534 throni,
285 1469 318 1526 et
329 1470 466 1548 quatuor
477 1459 675 1537 animalium,
690 1472 724 1527 et
738 1460 892 1527 in-medio
901 1461 1043 1550 ›presby-

30 1575 318 1656 terorum,agnum
327 1579 463 1634 stantem
474 1569 562 1657 quasi
574 1568 911 1646 occisum,babentem
922 1591 1042 1637 cornua

30 1685 157 1764 septem
176 1687 212 1742 et
231 1674 341 1744 oculos
359 1690 495 1768 septem,
514 1679 659 1768 quisunt
677 1690 799 1768 septem
820 1680 948 1769 spiritus
969 1680 1042 1757 Dei,

30 1782 152 1852 dimissi
180 1787 215 1852 iu
233 1787 413 1854 universam
436 1787 585 1854 terrem⁴.
611 1791 682 1856 »Et
706 1811 834 1857 rursum
861 1789 900 1856 de
929 1789 1044 1856 eodem

30 1916 69 1958 »so
89 1917 178 1984 agno
195 1896 238 1963 eit
254 1918 289 1961 :e
307 1897 348 1964 Et
362 1919 439 1964 ecce
450 1919 551 1985 equus
567 1895 670 1974 uibus,
686 1910 718 1965 et
733 1899 788 1987 qui
804 1898 934 1965 sedebat
948 1921 1045 1989 super

37 2013 107 2066 eum
123 2002 304 2070 vocabatur
317 2001 419 2070 fidelis
430 2015 463 2069 et
473 2023 580 2080 verus,
591 2014 625 2069 et
639 2025 697 2093 per
711 2004 865 2093 justitiam
877 2003 999 2094 judicat
1011 2015 1044 2072 et
1113 1999 1118 2010 '

35 2123 168 2200 pugnat,
184 2125 219 2178 et
229 2111 313 2180 oculi
329 2115 399 2202 ejus
415 2113 498 2180 sicut
509 2111 636 2178 flamma
650 2113 744 2203 ignis,
756 2125 789 2181 et
804 2115 837 2182 in
854 2115 957 2204 capite
973 2115 1043 2204 ejus

37 2219 218 2288 diademata
240 2220 353 2299 multa,
373 2222 494 2288 babens
514 2243 633 2290 nomen
654 2223 821 2313 scriptum,
840 2225 927 2313 quod
949 2246 1044 2290 nemo

37 2329 106 2406 scit,
124 2331 187 2398 uisi
203 2333 268 2422 ipse
288 2343 347 2400 zet
364 2331 623 2400 circumamictus
640 2333 864 2401 vestimentum
881 2356 1045 2424 aspersum

41 2442 205 2530 sanguine,
218 2453 251 2507 et
268 2452 400 2509 nocetur
412 2463 529 2508 nomen
540 2443 611 2532 ejus
621 2441 764 2510 Verbum
781 2444 850 2513 Dei.
869 2446 911 2511 Et
927 2444 1045 2512 exerci-

42 2557 92 2613 tua
99 2547 171 2619 ceti
182 2551 397 2638 sequebantur
405 2551 438 2616 in
446 2551 535 2641 equis
545 2550 749 2629 albis,vestiti
761 2552 927 2642 byssinum
935 2551 1045 2619 album

30 2657 196 2724 »mundum
215 2671 272 2726 :et
288 2659 327 2726 de
343 2681 399 2726 ora
415 2659 487 2748 ejus
501 2662 646 2751 procedit
665 2663 826 2751 rompbaea
841 2673 948 2737 acute,
962 2675 997 2726 ut
1010 2662 1045 2728 in

44 2789 79 2834 ea
89 2771 246 2858 percutiat
257 2782 368 2862 gentes
382 2795 391 2840 t
403 2785 436 2842 et
450 2775 517 2864 ipse
528 2784 637 2862 puscet
654 2795 709 2838 eoa
725 2773 759 2838 in
778 2772 864 2861 virga
881 2770 994 2848 ferrea,
1013 2782 1046 2837 et

42 2879 104 2967 ipse
126 2880 229 2950 calcat
246 2880 353 2952 lacum
377 2885 442 2952 vini
459 2884 574 2951 suroris
596 2883 650 2948 irae
669 2881 727 2948 Dei
750 2881 976 2971 omnipotentis
983 2905 993 2956 t
1012 2893 1046 2946 et

43 2985 133 3056 babet
146 3013 243 3081 super
254 2994 416 3071 restitum,
428 3005 462 3060 ct
473 3015 569 3083 super
578 2991 683 3058 iemur
694 3012 799 3068 suum,
816 3013 933 3058 nomen
948 2989 1046 3080 serip-

44 3107 117 3174 tum,
129 3099 203 3168 Iiem
214 3125 330 3194 regum
344 3119 375 3170 et
390 3105 557 3170 Dominus
567 3101 782 3170 derainer-um
791 3100 813 3168 ⁶.
832 3099 909 3169 »Sic
920 3123 1046 3190 semper

30 3201 153 3276 Verbum
168 3209 227 3275 Dei
241 3208 328 3276 velut
352 3209 544 3278 lineamenta
563 3232 672 3276 rerum
690 3208 867 3276 futurarum
883 3207 992 3286 babet,
1012 3220 1046 3275 et
1094 3217 1099 3223 '

30 3312 95 3381 'elut
110 3319 234 3408 species
259 3318 500 3408 dispositionum
521 3318 621 3386 Patris
640 3318 823 3386 hominibus
843 3317 1044 3394 ostendebat,

30 3424 129 3496 locens
143 3453 202 3498 nos
217 3453 287 3521 quoe
302 3445 377 3499 sunt
390 3431 460 3498 Dei.

57 3537 128 3608 xit.
157 3541 228 3611 Non
243 3542 347 3610 solum
362 3554 470 3611 autem
485 3567 543 3634 per
559 3543 694 3610 visiones
710 3565 780 3632 quae
797 3540 996 3617 videbantur,
1014 3553 1047 3606 et

30 3669 72 3714 ter
87 3675 248 3722 sermones
266 3655 321 3745 qui
339 3657 618 3745 praeconabantur,
637 3655 741 3722 sedet
759 3654 791 3720 in
810 3653 1047 3744 operationibus

30 3759 96 3828 risus
106 3776 154 3832 est
168 3763 347 3854 Prophetis,
363 3777 398 3832 ut
413 3787 471 3856 per
485 3787 539 3832 eos
548 3759 770 3855 'prmiiguraret
784 3775 817 3830 et
828 3773 1048 3853 praemonstra-

48 3905 145 3974 'Apoe
157 3932 174 3973 ι,
190 3912 383 3979 17.-²1txod,
397 3930 483 3978 rxxru,
496 3931 533 3966 eu.
545 3943 575 3954 -
587 3913 687 3980 ⁸ap0c.
700 3933 718 3974 r,
733 3929 770 3979 17,
784 3914 821 3965 re.
833 3943 862 3954 -
873 3915 882 3947 ⁶
894 3915 973 3979 Apoc.
984 3929 1007 3972 r,
1020 3911 1043 3958 6.

30 3993 65 4028 -⁵
77 3997 151 4061 Apoc.
166 4015 217 4060 nx,
234 4010 296 4052 tuot
308 4017 381 4067 seqq.
655 4061 668 4100 χ
