2646 4628
360 335 484 381 corros
506 335 657 380 sansana.
963 305 1024 382 255

14 431 211 514 ›enitonliam
238 446 480 518 annuntiatum:
495 471 499 480 ’
514 443 767 536 redemptionem
797 468 873 513 roro
902 467 920 512 a
951 447 1028 514 lesu

14 556 225 644 :onsequendse
242 553 448 645 perfectionis
466 575 560 620 oausa
581 552 709 620 allatam
718 557 731 619 ’τ
755 577 858 642 eoque
885 568 1029 644 spectare

14 666 133 754 dquod
151 667 220 734 ait:
243 665 437 754 r'Baptismo
453 663 515 731 alio
535 663 639 730 habeo
655 655 821 754 bdptizari‚
842 675 875 730 et
895 665 935 732 ud
954 687 1030 732 eum

23 798 215 864 magnopere
240 773 384 842 iestino¹.
412 773 530 854 »Quin
553 775 650 839 etiam
669 771 815 841 Zebodaei
839 773 924 851 filiis,
954 796 1030 842 oum

14 897 101 950 noter
117 907 229 952 eorum
245 885 285 950 ab
307 883 376 972 ipso
395 883 605 950 contenderet
621 893 657 948 ut
671 903 725 949 eos
740 907 849 952 seeum
870 885 902 951 in
918 909 1030 976 regno,

15 992 132 1060 lterum
146 1015 164 1058 n
180 992 310 1068 dextris,
326 989 463 1058 alterum
478 1013 497 1056 a
512 989 646 1058 sinistris
657 985 841 1069 collocaret,
857 994 1032 1062 Dominum

19 1125 82 1170 ono
96 1101 348 1192 redemptionem
363 1101 559 1191 adjunxisse,
575 1123 650 1168 oum
667 1101 766 1167 dixit:
786 1101 943 1170 «Potestis
957 1107 1034 1194 bep-

14 1213 120 1278 ³tismo
132 1235 172 1278 eo
187 1212 355 1301 baptisari,
371 1234 436 1299 quo
451 1235 511 1302 ego
522 1211 732 1301 baptizandus
747 1211 885 1278 sum²ls
900 1212 1034 1281 Paulum

18 1322 96 1387 tiam
109 1345 260 1410 expromo
273 1320 431 1389 vocabulo
446 1343 531 1397 mm,
548 1345 618 1410 quae
633 1323 665 1388 in
679 1321 807 1388 Christo
820 1321 898 1388 lesu
912 1335 973 1400 est,
987 1347 1038 1390 re·

14 1430 215 1528 ¹emptionem
229 1453 371 1520 persaepe
384 1430 554 1506 indicasse,
570 1429 717 1519 hancque
729 1453 801 1496 eam
819 1453 888 1498 esse
909 1455 979 1521 quae
996 1435 1036 1500 ab

14 1540 73 1606 isis
89 1540 174 1606 varie
189 1541 473 1629 dissentienterque
488 1541 634 1606 traditur.
692 1583 696 1590 -

42 1649 194 1718 Nonnulli
214 1650 301 1718 enim
321 1651 465 1740 ipsorum
486 1647 628 1740 nuptiale
649 1649 836 1716 cubiculum
856 1637 1039 1730 exstruunt,

14 1782 36 1827 o
53 1761 226 1848 mysticum
243 1781 362 1826 munus
382 1781 459 1826 oum
473 1760 681 1848 profanorum
695 1762 909 1848 quorumdam
923 1766 1040 1831 verbo-

14 1893 72 1936 um
95 1870 354 1958 pronuntiatione
373 1872 495 1936 obeunt
518 1870 557 1934 iis
580 1891 661 1958 quos
681 1871 820 1946 initiant,
845 1872 1040 1960 spirituales,-

14 2003 62 2048 :ue
79 1981 205 2069 nuptias
221 1979 254 2046 id
269 1981 356 2067 quod
372 1991 471 2069 agunt
486 1977 659 2068 appellunt,
679 1981 719 2046 ad
735 2002 946 2072 supernorum
960 2009 1040 2053 oon·

14 2089 161 2178 angiorum
178 2088 430 2156 similitudinem
454 2087 516 2154 dlii
532 2089 573 2154 ad
588 2113 704 2176 aquom
719 2113 773 2155 eos
789 2091 926 2168 ducunt,
946 2105 1041 2183 utque

14 2208 85 2270 nter
103 2196 330 2286 baptimndrrm
347 2195 399 2262 his
417 2197 522 2284 verbis
541 2208 697 2264 utuntur:
714 2199 775 2264 «ln
794 2201 922 2266 nomino
942 2205 1041 2294 ignotl

14 2307 130 2380 [Patris
145 2308 380 2384 universorum,
398 2309 430 2374 irt
447 2308 579 2373 veritate
593 2299 696 2374 matre
711 2312 867 2391 omnium,
885 2313 918 2411 in
933 2337 971 2382 eo
985 2312 1041 2404 qul

15 2419 61 2488 :in
76 2417 188 2482 lesum
204 2417 382 2493 deseendit,
402 2417 582 2491 inustione,
599 2429 631 2482 et
650 2417 881 2509 redemptione,
901 2437 934 2490 et
950 2447 1041 2492 conr-

15 2527 184 2600 ,rmnnione
199 2526 364 2592 virtutum.
379 2555 393 2588 s
408 2525 470 2593 dlii
485 2550 595 2593 rursus
611 2529 765 2597 llabraioe
781 2535 929 2621 quaedam
943 2559 1041 2602 voca-

15 2631 92 2715 prla,
123 2655 187 2720 quo
206 2633 306 2723 magis
326 2656 380 2698 eos
404 2655 484 2722 quos
509 2634 633 2701 initient
657 2639 689 2703 in
713 2647 876 2729 stuporem
900 2645 1067 2722 trahant„

15 2743 36 2828 :¹
56 2742 148 2808 huno
159 2743 293 2810 modurn
304 2742 465 2810 otiantur:
481 2743 652 2820 «Bosetana,
666 2747 843 2825 Chomosd,
856 2751 1042 2830 Bassorum,

15 2849 198 2936 Myrtalis,
221 2851 345 2926 iiuada,
368 2852 478 2927 Gusia,
501 2851 685 2942 llabephor‚
709 2854 873 2922 Calathi.»
896 2860 1044 2939 Quorum

15 2962 177 3050 prborum
195 2960 264 3027 lsaeo
284 2971 333 3027 est
350 2962 571 3050 interpretatio
588 2983 598 3028 r
616 2964 678 3028 «td
697 2966 785 3052 quod
803 2961 953 3035 virtutem
973 2995 1044 3039 om·

21 3091 109 3135 nem
126 3079 296 3156 exsuperat
316 3069 443 3144 invoco,
463 3069 550 3157 quod
570 3068 637 3146 lux,
657 3081 690 3135 et
709 3072 846 3162 Spiritus
869 3079 985 3157 bonus,
1013 3097 1047 3149 et

22 3179 95 3244 vita
117 3176 324 3242 nominatur:
345 3177 419 3263 quin
438 3177 471 3243 iu
490 3198 624 3266 corpore
645 3182 792 3270 regnasti.
808 3183 919 3253 »Sunt
936 3213 1045 3258 rursus

16 3287 58 3354 ui
75 3286 333 3374 redemptionem
348 3284 398 3351 his
412 3285 518 3351 verbis
532 3283 667 3353 efferant
682 3313 691 3353 :
711 3291 859 3360 «Nomen
876 3298 961 3384 quod
976 3301 1047 3366 abs·

19 3394 202 3464 conditum
220 3405 268 3460 est
287 3396 328 3461 ab
348 3395 434 3460 omui
455 3395 592 3471 Deitate,
611 3408 645 3462 et
660 3397 898 3482 Dominatione,
914 3419 947 3472 et
962 3411 1046 3475 veri'-

18 3517 110 3580 tate,
131 3504 219 3592 quod
231 3503 337 3571 induit
350 3502 444 3570 lesus
460 3503 640 3573 Nazarenus
656 3508 687 3574 in
700 3511 771 3576 vitis
787 3510 914 3581 luminis
928 3516 1045 3585 Christi

18 3615 176 3691 Domini,
193 3615 327 3684 visentis
337 3637 395 3704 per
407 3613 563 3704 Spiritum
574 3629 734 3697 sanetum,
748 3621 780 3687 in
793 3623 1045 3716 redemptionem

16 3723 258 3816 Angelum.»
282 3725 405 3792 Nomen
423 3727 632 3794 restitutionis
649 3729 681 3794 in
699 3730 885 3821 integrum:
909 3736 1044 3808 «Messio

18 3835 195 3924 Uphsreg‚
220 3833 485 3911 Nasuamsoemau,
511 3834 706 3915 Chaldaeum,
734 3839 955 3924 mesomedes,
978 3851 1045 3920 do.

25 3969 36 4000 ¹
54 3965 120 4014 Lare.
134 3981 179 4024 ιιι,
190 3967 229 4015 50.
245 3963 294 4004 *¹
304 3965 382 4016 Marc.
396 3981 421 4025 x,
432 3965 471 4018 38·
