2772 4610
289 251 440 296 nraweas
463 252 526 296 cau
549 212 712 296 rarrncrr
735 255 850 300 auena.
1023 236 1084 318 547

79 359 254 448 baptisandis
270 359 338 448 ipse
354 371 460 425 autern
474 359 681 448 Evangelium
697 383 823 448 quoque
838 361 1011 449 praedicare
1026 385 1089 428 cm-

78 471 126 557 pit,
144 491 268 557 regnum
284 467 440 534 caelorum
456 468 565 534 dicens
586 469 853 557 appropinquare,
875 493 974 558 seque
987 469 1087 536 multa

77 577 210 642 ascribis
223 590 254 642 et
271 577 437 647 Pharisaeis
459 577 523 664 pati
546 589 706 665 oportere,
725 589 758 645 et
779 577 922 666 crucifigi
942 591 975 642 et
991 579 1088 643 tertio

74 687 123 764 die
135 707 294 774 recingere,
308 709 348 751 ac
362 686 507 752 saturum
527 698 561 750 ut
577 687 693 750 iterum
709 685 940 774 lerosolymam
951 688 1086 762 reniret,

81 807 198 880 tupnque
214 815 269 858 una
288 816 363 882 cum
386 792 548 882 discipulis
566 793 676 859 ederet
701 792 889 870 cohiberet,
909 817 947 859 ac
965 793 1085 859 interea

83 905 154 968 dum
168 902 284 978 reniret,
302 903 332 968 in
354 903 455 991 ipsius
472 905 613 980 nomine,
631 915 666 967 ut
681 903 746 988 jam
761 903 836 978 dixi,
853 904 1032 978 sacerdotes
1053 916 1086 966 et

84 1011 223 1099 prophete
238 1010 300 1094 blei
316 1010 497 1099 prodirent,
514 1033 583 1099 quae
599 1009 729 1098 quidem
748 1010 790 1074 ita
810 1011 949 1075 evenisse
967 1009 1081 1096 liquet:¹

84 1116 218 1202 quamodo
230 1115 332 1182 adhuc
352 1115 500 1182 dubitare
520 1115 566 1180 l'aa
581 1115 637 1190 sit,
649 1137 725 1180 cum
748 1137 798 1181 res
818 1115 892 1202 ipsae
906 1116 993 1180 robis
1010 1138 1085 1203 per:

84 1223 193 1288 suadere
204 1223 342 1311 possint?
353 1221 486 1290 Nullum
501 1234 608 1288 autem
621 1222 771 1310 deinceps
783 1222 926 1288 futurum
938 1224 970 1288 iu
980 1236 1084 1288 restro

84 1355 177 1417 genere
193 1331 380 1420 prophetam
395 1332 529 1405 dixerat,
553 1343 648 1419 atque
669 1341 704 1394 ut
718 1329 863 1396 homines
878 1344 1084 1418 agnoscerent

83 1463 176 1506 aarum
190 1438 263 1516 illud
282 1451 526 1515 testamentum,
549 1439 637 1528 quod
658 1437 734 1504 olim
748 1440 835 1505 Deus
849 1440 1029 1504 institutum
1046 1441 1084 1508 iri

85 1543 284 1630 predicaverat,
308 1547 377 1634 jam
402 1557 470 1612 tum
493 1545 615 1622 adesse,
636 1544 699 1611 hoc
716 1557 776 1620 est,
795 1544 947 1633 seipsum,
968 1545 1084 1633 quippe

85 1653 124 1740 qai
135 1655 262 1722 Christus
279 1668 380 1733 esset,
393 1657 439 1722 sic
453 1679 507 1721 eas
521 1655 760 1743 alloquebatur:
779 1654 868 1720 «Lex
879 1668 910 1721 et
921 1653 1083 1743 prophetae

84 1786 184 1848 »usqae
200 1764 237 1829 ad
255 1764 418 1832 Joannem
433 1765 609 1852 Baptistam
627 1787 636 1828 :
653 1787 692 1828 er
706 1787 770 1850 quo
792 1775 934 1851 tempore
950 1786 1083 1852 regnum

87 1869 232 1938 ncoelarum
246 1874 311 1940 rim
326 1875 462 1964 patitur,
478 1886 510 1938 et
521 1872 649 1948 violenti
661 1873 787 1962 rapiunt
799 1871 886 1938 illud.
902 1871 978 1952 Etsi
992 1871 1084 1938 vultis

85 1980 304 2072 ›recipereipse
315 1995 369 2049 est
381 1983 478 2059 Elias,
491 1983 544 2071 qui
556 1993 706 2048 venturus
717 1993 795 2047 erat.
807 1981 873 2059 Qui
883 1981 981 2048 habet
991 2005 1083 2048 aures

86 2089 238 2166 »audiendi
254 2093 399 2158 audiat¹.
415 2121 428 2154 r

119 2195 171 2262 tlt.
185 2196 261 2265 lllud
275 2203 378 2267 etiam
392 2225 409 2266 a
421 2201 542 2268 Jacobs
557 2200 735 2290 patriarcba
746 2201 932 2291 praedictum
943 2187 991 2268 est
1002 2201 1082 2266 duos

91 2304 179 2372 Christi
190 2309 340 2377 adrentus
354 2311 489 2387 futuros,
505 2332 643 2400 eumque
662 2312 695 2377 in
710 2312 812 2400 primo
826 2312 1081 2401 perpessionibus

95 2415 314 2498 obnoxiumsore,
329 2443 370 2487 ac
384 2434 550 2510 postquam
561 2422 735 2497 advenerit,
749 2445 809 2488 nec
823 2421 1009 2510 prophetam
1022 2443 1082 2486 nec

97 2527 321 2610 ugambrestro
334 2552 448 2617 genere
460 2529 601 2608 futurum
620 2529 683 2616 (ita
695 2531 779 2594 enim
792 2532 996 2619 pergebam),
1008 2551 1084 2616 gen-

96 2639 127 2693 tes
143 2644 226 2700 autem
245 2637 277 2702 iu
301 2636 467 2704 Christum
486 2637 683 2725 passionibus
704 2638 878 2704 obnoxium
903 2637 1081 2712 credentes,

96 2756 344 2812 insurrecturum
359 2757 605 2835 exspectaturas.
622 2747 726 2834 Atque
748 2746 809 2812 hac
831 2746 871 2810 de
892 2768 999 2820 causa,
1017 2746 1082 2810 aie-

98 2843 160 2920 btm,
171 2848 198 2913 ia
211 2851 366 2938 parabolis
382 2865 414 2917 et
428 2875 542 2934 arcane
558 2853 693 2942 Spiritus
708 2864 837 2919 sanctus
853 2852 923 2918 haec
937 2851 1095 2920 tradidit..

101 2949 138 3017 bic
147 2967 225 3040 autern
235 2961 325 3028 illum
336 2960 504 3051 loquutum
516 2987 583 3028 esse
594 2963 702 3028 addidi
717 2987 725 3028 ε
741 2963 862 3038 «luda,
874 2961 1082 3030 laudaverunt

108 3062 241 3133 »elassa
254 3071 314 3146 tui,
333 3093 445 3137 manus
460 3081 522 3138 tuae
538 3095 633 3160 super
648 3072 777 3137 dorsum
793 3071 993 3137 inimicorum
1008 3083 1081 3138 tuo-

109 3175 376 3244 rrantadarabunt
390 3190 422 3244 te
437 3178 494 3244 lilii
516 3181 613 3269 patris
632 3180 687 3244 tui.
709 3179 840 3246 Catulus
855 3178 954 3248 leonis
968 3180 1051 3245 Juda
1070 3205 1077 3244 :
1193 3209 1195 3214 ¹

105 3297 156 3338 ’ΒΧ
168 3286 286 3365 gerelm
304 3286 351 3352 tili
367 3289 425 3366 mi,
440 3289 609 3366 ascendisti
631 3312 639 3354 ε
658 3292 846 3356 recumbens
861 3289 1022 3362 dormivit,
1047 3301 1081 3352 ut

100 3379 170 3460 vles,
182 3401 207 3453 et
222 3399 293 3480 parsi
311 3397 452 3471 casulae,
468 3398 548 3476 Quis
569 3399 731 3464 suscitabit
753 3398 852 3462 euml
871 3397 940 3462 Non
956 3395 1082 3462 deliciet

99 3492 229 3586 »princeps
238 3526 272 3568 ex
281 3505 383 3582 duda,
397 3518 430 3570 et
447 3506 511 3570 dar
524 3505 746 3572 defemoribus
761 3507 830 3592 ejus
844 3504 946 3570 donec
958 3505 1081 3571 veniant
1171 3523 1178 3540 s

100 3613 393 3696 ‘praepositarum
413 3613 442 3678 ei
462 3637 470 3678 ε
491 3625 524 3678 et
546 3614 612 3701 ipse
632 3615 697 3678 erit
714 3611 906 3702 exspectatio
926 3611 1079 3700 gentium,

98 3703 189 3796 »ligra
199 3718 235 3783 ad
249 3722 347 3788 ritem
358 3719 482 3810 pullum
494 3745 600 3798 suum,
612 3722 695 3806 etad
707 3721 842 3788 helicem
854 3717 977 3810 pullum
986 3722 1082 3809 asinar

120 3832 201 3890 ¹t1aaa
212 3861 242 3906 a,
255 3848 291 3894 aa.
