<?xml version="1.0" encoding="UTF-8"?>
<!DOCTYPE html PUBLIC "-//W3C//DTD XHTML 1.0 Transitional//EN"
    "http://www.w3.org/TR/xhtml1/DTD/xhtml1-transitional.dtd">
<html xmlns="http://www.w3.org/1999/xhtml" xml:lang="en" lang="en">
 <head>
  <title>
</title>
<meta http-equiv="Content-Type" content="text/html;charset=utf-8" />
  <meta name='ocr-system' content='tesseract 3.04.00' />
  <meta name='ocr-capabilities' content='ocr_page ocr_carea ocr_par ocr_line ocrx_word'/>
</head>
<body>
  <div class='ocr_page' id='page_1' title='image "./collectioselect02guilgoog_0760.png"; bbox 0 0 2646 4628; ppageno 0'>
   <div class='ocr_carea' id='block_1_1' title="bbox 377 281 1040 366">
    <p class='ocr_par' dir='ltr' id='par_1_1' title="bbox 377 281 1040 366">
     <span class='ocr_line' id='line_1_1' title="bbox 377 281 1040 366; baseline 0 -20"><span class='ocrx_word' id='word_1_1' title='bbox 377 297 501 346; x_wconf 81' lang='lat' dir='ltr'><strong>oorrss</strong></span> <span class='ocrx_word' id='word_1_2' title='bbox 524 297 675 346; x_wconf 75' lang='lat' dir='ltr'><strong>umens.</strong></span> <span class='ocrx_word' id='word_1_3' title='bbox 979 281 1040 366; x_wconf 66' lang='lat'><strong>257</strong></span> 
     </span>
    </p>
   </div>
   <div class='ocr_carea' id='block_1_2' title="bbox 23 408 1047 1274">
    <p class='ocr_par' dir='ltr' id='par_1_2' title="bbox 23 408 1042 610">
     <span class='ocr_line' id='line_1_2' title="bbox 23 408 1042 497; baseline 0.002 -21"><span class='ocrx_word' id='word_1_4' title='bbox 23 410 106 478; x_wconf 82' lang='lat' dir='ltr'><strong>tontis</strong></span> <span class='ocrx_word' id='word_1_5' title='bbox 116 433 171 478; x_wconf 86' lang='lat' dir='ltr'><strong>eos</strong></span> <span class='ocrx_word' id='word_1_6' title='bbox 184 431 203 474; x_wconf 84' lang='lat' dir='ltr'><strong>o</strong></span> <span class='ocrx_word' id='word_1_7' title='bbox 215 409 372 478; x_wconf 75' lang='lat' dir='ltr'><strong>mortuis:</strong></span> <span class='ocrx_word' id='word_1_8' title='bbox 390 431 466 476; x_wconf 84' lang='lat' dir='ltr'><strong>eum</strong></span> <span class='ocrx_word' id='word_1_9' title='bbox 479 408 571 497; x_wconf 83' lang='lat' dir='ltr'><strong>justis</strong></span> <span class='ocrx_word' id='word_1_10' title='bbox 583 419 692 477; x_wconf 87' lang='lat' dir='ltr'><strong>sutem</strong></span> <span class='ocrx_word' id='word_1_11' title='bbox 704 431 773 476; x_wconf 89' lang='lat' dir='ltr'><strong>non</strong></span> <span class='ocrx_word' id='word_1_12' title='bbox 787 409 1042 478; x_wconf 76' lang='lat' dir='ltr'><strong>onnumorubum</strong></span> 
     </span>
     <span class='ocr_line' id='line_1_3' title="bbox 23 517 597 610; baseline -0.003 -24"><span class='ocrx_word' id='word_1_13' title='bbox 23 531 80 596; x_wconf 85' lang='lat' dir='ltr'><strong>tur,</strong></span> <span class='ocrx_word' id='word_1_14' title='bbox 92 532 221 610; x_wconf 82' lang='lat' dir='ltr'><strong>proptor</strong></span> <span class='ocrx_word' id='word_1_15' title='bbox 232 517 486 586; x_wconf 74' lang='lat' dir='ltr'><strong>incredulitatem</strong></span> <span class='ocrx_word' id='word_1_16' title='bbox 497 540 597 584; x_wconf 84' lang='lat' dir='ltr'><strong>suom.</strong></span> 
     </span>
    </p>

    <p class='ocr_par' dir='ltr' id='par_1_3' title="bbox 23 620 1047 1274">
     <span class='ocr_line' id='line_1_4' title="bbox 60 620 1043 722; baseline 0.004 -26"><span class='ocrx_word' id='word_1_17' title='bbox 60 620 304 720; x_wconf 67' lang='lat' dir='ltr'><strong>constrigitur</strong></span> <span class='ocrx_word' id='word_1_18' title='bbox 319 629 469 698; x_wconf 79' lang='lat' dir='ltr'><strong>odrorsus</strong></span> <span class='ocrx_word' id='word_1_19' title='bbox 483 650 594 696; x_wconf 85' lang='lat' dir='ltr'><strong>omnes</strong></span> <span class='ocrx_word' id='word_1_20' title='bbox 608 628 775 698; x_wconf 78' lang='lat' dir='ltr'><strong>haeretioos</strong></span> <span class='ocrx_word' id='word_1_21' title='bbox 793 630 931 698; x_wconf 79' lang='lat' dir='ltr'><strong>detentio</strong></span> <span class='ocrx_word' id='word_1_22' title='bbox 947 644 1043 722; x_wconf 82' lang='lat' dir='ltr'><strong>utque</strong></span> 
     </span>
     <span class='ocr_line' id='line_1_5' title="bbox 23 738 1045 831; baseline 0.002 -23"><span class='ocrx_word' id='word_1_23' title='bbox 23 741 172 810; x_wconf 82' lang='lat' dir='ltr'><strong>ronviotio</strong></span> <span class='ocrx_word' id='word_1_24' title='bbox 183 741 268 808; x_wconf 80' lang='lat' dir='ltr'><strong>voris</strong></span> <span class='ocrx_word' id='word_1_25' title='bbox 280 753 311 808; x_wconf 87' lang='lat' dir='ltr'><strong>ot</strong></span> <span class='ocrx_word' id='word_1_26' title='bbox 322 738 505 816; x_wconf 75' lang='lat' dir='ltr'><strong>multifario,</strong></span> <span class='ocrx_word' id='word_1_27' title='bbox 521 749 554 805; x_wconf 87' lang='lat' dir='ltr'><strong>et</strong></span> <span class='ocrx_word' id='word_1_28' title='bbox 569 741 662 806; x_wconf 86' lang='lat' dir='ltr'><strong>uobis</strong></span> <span class='ocrx_word' id='word_1_29' title='bbox 672 742 869 831; x_wconf 86' lang='lat' dir='ltr'><strong>propositum</strong></span> <span class='ocrx_word' id='word_1_30' title='bbox 881 753 930 809; x_wconf 82' lang='lat' dir='ltr'><strong>ert</strong></span> <span class='ocrx_word' id='word_1_31' title='bbox 944 744 1045 812; x_wconf 85' lang='lat' dir='ltr'><strong>omui-¹</strong></span> 
     </span>
     <span class='ocr_line' id='line_1_6' title="bbox 23 847 1047 939; baseline 0.003 -21"><span class='ocrx_word' id='word_1_32' title='bbox 23 853 77 918; x_wconf 86' lang='lat' dir='ltr'><strong>bus</strong></span> <span class='ocrx_word' id='word_1_33' title='bbox 90 851 127 918; x_wconf 88' lang='lat' dir='ltr'><strong>iis</strong></span> <span class='ocrx_word' id='word_1_34' title='bbox 141 849 317 920; x_wconf 82' lang='lat' dir='ltr'><strong>seeundum</strong></span> <span class='ocrx_word' id='word_1_35' title='bbox 332 849 473 939; x_wconf 81' lang='lat' dir='ltr'><strong>ipsorum</strong></span> <span class='ocrx_word' id='word_1_36' title='bbox 488 847 1047 926; x_wconf 66' lang='lat' dir='ltr'><strong>characterooontrudioorerneoes·</strong></span> 
     </span>
     <span class='ocr_line' id='line_1_7' title="bbox 23 959 1046 1050; baseline 0.005 -22"><span class='ocrx_word' id='word_1_37' title='bbox 23 963 134 1030; x_wconf 82' lang='lat' dir='ltr'><strong>serium</strong></span> <span class='ocrx_word' id='word_1_38' title='bbox 159 962 302 1030; x_wconf 76' lang='lat' dir='ltr'><strong>erbitrnti</strong></span> <span class='ocrx_word' id='word_1_39' title='bbox 327 983 436 1028; x_wconf 84' lang='lat' dir='ltr'><strong>sumus</strong></span> <span class='ocrx_word' id='word_1_40' title='bbox 458 959 547 1050; x_wconf 86' lang='lat' dir='ltr'><strong>prius</strong></span> <span class='ocrx_word' id='word_1_41' title='bbox 568 959 686 1026; x_wconf 75' lang='lat' dir='ltr'><strong>referre</strong></span> <span class='ocrx_word' id='word_1_42' title='bbox 710 959 831 1027; x_wconf 87' lang='lat' dir='ltr'><strong>loutem</strong></span> <span class='ocrx_word' id='word_1_43' title='bbox 852 965 1046 1032; x_wconf 82' lang='lat' dir='ltr'><strong>etrodioem</strong></span> 
     </span>
     <span class='ocr_line' id='line_1_8' title="bbox 23 1069 1046 1163; baseline 0.005 -25"><span class='ocrx_word' id='word_1_44' title='bbox 23 1094 140 1149; x_wconf 78' lang='lat' dir='ltr'><strong>eorum,</strong></span> <span class='ocrx_word' id='word_1_45' title='bbox 162 1073 209 1138; x_wconf 90' lang='lat' dir='ltr'><strong>uti</strong></span> <span class='ocrx_word' id='word_1_46' title='bbox 230 1069 492 1140; x_wconf 83' lang='lat' dir='ltr'><strong>sublimissimum</strong></span> <span class='ocrx_word' id='word_1_47' title='bbox 515 1070 656 1158; x_wconf 85' lang='lat' dir='ltr'><strong>ipsorum</strong></span> <span class='ocrx_word' id='word_1_48' title='bbox 675 1069 818 1158; x_wconf 81' lang='lat' dir='ltr'><strong>Bythum</strong></span> <span class='ocrx_word' id='word_1_49' title='bbox 840 1093 1046 1163; x_wconf 76' lang='lat' dir='ltr'><strong>cognoscens,</strong></span> 
     </span>
     <span class='ocr_line' id='line_1_9' title="bbox 23 1178 922 1274; baseline -0.001 -25"><span class='ocrx_word' id='word_1_50' title='bbox 23 1179 170 1274; x_wconf 76' lang='lat' dir='ltr'><strong>intelligas</strong></span> <span class='ocrx_word' id='word_1_51' title='bbox 184 1184 334 1251; x_wconf 81' lang='lat' dir='ltr'><strong>orborum</strong></span> <span class='ocrx_word' id='word_1_52' title='bbox 348 1181 388 1248; x_wconf 87' lang='lat' dir='ltr'><strong>de</strong></span> <span class='ocrx_word' id='word_1_53' title='bbox 403 1203 467 1270; x_wconf 81' lang='lat' dir='ltr'><strong>qus</strong></span> <span class='ocrx_word' id='word_1_54' title='bbox 480 1178 684 1246; x_wconf 74' lang='lat' dir='ltr'><strong>defluxerunt</strong></span> <span class='ocrx_word' id='word_1_55' title='bbox 698 1179 776 1247; x_wconf 81' lang='lat' dir='ltr'><strong>toles</strong></span> <span class='ocrx_word' id='word_1_56' title='bbox 790 1179 922 1250; x_wconf 80' lang='lat' dir='ltr'><strong>fruetus.</strong></span> 
     </span>
    </p>
   </div>
   <div class='ocr_carea' id='block_1_3' title="bbox 488 1375 598 1466">
    <p class='ocr_par' dir='ltr' id='par_1_4' title="bbox 488 1375 598 1466">
     <span class='ocr_line' id='line_1_10' title="bbox 488 1375 598 1466; baseline -0.018 -22"><span class='ocrx_word' id='word_1_57' title='bbox 488 1375 511 1466; x_wconf 78' lang='lat' dir='ltr'><strong><em>s</em></strong></span> <span class='ocrx_word' id='word_1_58' title='bbox 534 1375 598 1444; x_wconf 92' lang='lat'>111.</span> 
     </span>
    </p>
   </div>
   <div class='ocr_carea' id='block_1_4' title="bbox 105 1553 958 1623">
    <p class='ocr_par' dir='ltr' id='par_1_5' title="bbox 105 1553 958 1623">
     <span class='ocr_line' id='line_1_11' title="bbox 105 1553 958 1623; baseline -0.001 -4"><span class='ocrx_word' id='word_1_59' title='bbox 105 1573 229 1622; x_wconf 75' lang='lat' dir='ltr'><strong>SlllOIllS</strong></span> <span class='ocrx_word' id='word_1_60' title='bbox 245 1567 322 1623; x_wconf 74' lang='lat' dir='ltr'><strong>ltsot</strong></span> <span class='ocrx_word' id='word_1_61' title='bbox 337 1577 379 1621; x_wconf 72' lang='grc' dir='ltr'><strong>ΕΤ</strong></span> <span class='ocrx_word' id='word_1_62' title='bbox 394 1575 557 1621; x_wconf 66' lang='lat' dir='ltr'><strong>turonum</strong></span> <span class='ocrx_word' id='word_1_63' title='bbox 573 1563 754 1622; x_wconf 66' lang='lat' dir='ltr'><strong>oriturus</strong></span> <span class='ocrx_word' id='word_1_64' title='bbox 770 1575 812 1621; x_wconf 78' lang='grc' dir='ltr'><strong>ΕΤ</strong></span> <span class='ocrx_word' id='word_1_65' title='bbox 828 1553 958 1621; x_wconf 62' lang='lat' dir='ltr'><strong>lloltllsl.</strong></span> 
     </span>
    </p>
   </div>
   <div class='ocr_carea' id='block_1_5' title="bbox 23 1722 1056 3460">
    <p class='ocr_par' dir='ltr' id='par_1_6' title="bbox 23 1722 1056 3346">
     <span class='ocr_line' id='line_1_12' title="bbox 62 1722 1053 1815; baseline 0.001 -23"><span class='ocrx_word' id='word_1_66' title='bbox 62 1724 174 1792; x_wconf 86' lang='lat' dir='ltr'><strong>Simon</strong></span> <span class='ocrx_word' id='word_1_67' title='bbox 189 1726 276 1792; x_wconf 89' lang='lat' dir='ltr'><strong>enim</strong></span> <span class='ocrx_word' id='word_1_68' title='bbox 290 1724 476 1801; x_wconf 84' lang='lat' dir='ltr'><strong>Sumurites,</strong></span> <span class='ocrx_word' id='word_1_69' title='bbox 492 1747 604 1814; x_wconf 68' lang='lat' dir='ltr'><strong>mogus</strong></span> <span class='ocrx_word' id='word_1_70' title='bbox 618 1722 684 1802; x_wconf 87' lang='lat' dir='ltr'><strong>ille,</strong></span> <span class='ocrx_word' id='word_1_71' title='bbox 698 1725 739 1791; x_wconf 83' lang='lat' dir='ltr'><strong>de</strong></span> <span class='ocrx_word' id='word_1_72' title='bbox 753 1747 817 1814; x_wconf 88' lang='lat' dir='ltr'><strong>quo</strong></span> <span class='ocrx_word' id='word_1_73' title='bbox 832 1723 1005 1815; x_wconf 80' lang='lat' dir='ltr'><strong>discipulus</strong></span> <span class='ocrx_word' id='word_1_74' title='bbox 1018 1739 1053 1794; x_wconf 88' lang='lat' dir='ltr'><strong>et</strong></span> 
     </span>
     <span class='ocr_line' id='line_1_13' title="bbox 23 1831 1051 1925; baseline 0.002 -25"><span class='ocrx_word' id='word_1_75' title='bbox 23 1847 154 1901; x_wconf 76' lang='lat' dir='ltr'><strong>seotutor</strong></span> <span class='ocrx_word' id='word_1_76' title='bbox 174 1832 399 1925; x_wconf 72' lang='lat' dir='ltr'><strong>Apostolorum</strong></span> <span class='ocrx_word' id='word_1_77' title='bbox 415 1833 517 1901; x_wconf 83' lang='lat' dir='ltr'><strong>Lucos</strong></span> <span class='ocrx_word' id='word_1_78' title='bbox 535 1834 579 1900; x_wconf 83' lang='lat' dir='ltr'><strong>eit</strong></span> <span class='ocrx_word' id='word_1_79' title='bbox 596 1855 605 1900; x_wconf 78' lang='lat' dir='ltr'><strong>s</strong></span> <span class='ocrx_word' id='word_1_80' title='bbox 624 1831 704 1901; x_wconf 75' lang='lat' dir='ltr'><strong>«Vir</strong></span> <span class='ocrx_word' id='word_1_81' title='bbox 721 1835 852 1923; x_wconf 74' lang='lat' dir='ltr'><strong>quidum</strong></span> <span class='ocrx_word' id='word_1_82' title='bbox 871 1847 980 1902; x_wconf 80' lang='lat' dir='ltr'><strong>sutem</strong></span> <span class='ocrx_word' id='word_1_83' title='bbox 996 1859 1051 1902; x_wconf 81' lang='lat' dir='ltr'><strong>no</strong></span> 
     </span>
     <span class='ocr_line' id='line_1_14' title="bbox 23 1943 1054 2034; baseline 0.004 -26"><span class='ocrx_word' id='word_1_84' title='bbox 23 1974 30 2008; x_wconf 73' lang='lat' dir='ltr'><strong>s</strong></span> <span class='ocrx_word' id='word_1_85' title='bbox 48 1946 134 2012; x_wconf 87' lang='lat' dir='ltr'><strong>mine</strong></span> <span class='ocrx_word' id='word_1_86' title='bbox 150 1943 275 2022; x_wconf 79' lang='lat' dir='ltr'><strong>Simon,</strong></span> <span class='ocrx_word' id='word_1_87' title='bbox 292 1945 347 2032; x_wconf 90' lang='lat' dir='ltr'><strong>qui</strong></span> <span class='ocrx_word' id='word_1_88' title='bbox 361 1955 436 2010; x_wconf 84' lang='lat' dir='ltr'><strong>onte</strong></span> <span class='ocrx_word' id='word_1_89' title='bbox 450 1955 519 2010; x_wconf 79' lang='lat' dir='ltr'><strong>eret</strong></span> <span class='ocrx_word' id='word_1_90' title='bbox 533 1944 567 2010; x_wconf 90' lang='lat' dir='ltr'><strong>in</strong></span> <span class='ocrx_word' id='word_1_91' title='bbox 583 1944 709 2010; x_wconf 74' lang='lat' dir='ltr'><strong>civitate</strong></span> <span class='ocrx_word' id='word_1_92' title='bbox 724 1945 881 2034; x_wconf 76' lang='lat' dir='ltr'><strong>mogioom</strong></span> <span class='ocrx_word' id='word_1_93' title='bbox 901 1969 1054 2014; x_wconf 80' lang='lat' dir='ltr'><strong>exercens</strong></span> 
     </span>
     <span class='ocr_line' id='line_1_15' title="bbox 23 2051 1053 2144; baseline 0.005 -26"><span class='ocrx_word' id='word_1_94' title='bbox 23 2085 31 2118; x_wconf 71' lang='grc' dir='ltr'>ι</span> <span class='ocrx_word' id='word_1_95' title='bbox 48 2065 206 2130; x_wconf 87' lang='lat' dir='ltr'><strong>ortem,et</strong></span> <span class='ocrx_word' id='word_1_96' title='bbox 216 2052 371 2122; x_wconf 82' lang='lat' dir='ltr'><strong>seducens</strong></span> <span class='ocrx_word' id='word_1_97' title='bbox 383 2065 511 2144; x_wconf 72' lang='lat' dir='ltr'><strong>pontem</strong></span> <span class='ocrx_word' id='word_1_98' title='bbox 521 2051 807 2132; x_wconf 72' lang='lat' dir='ltr'><strong>Samaritanorum,</strong></span> <span class='ocrx_word' id='word_1_99' title='bbox 820 2055 928 2122; x_wconf 77' lang='lat' dir='ltr'><strong>diosus</strong></span> <span class='ocrx_word' id='word_1_100' title='bbox 939 2079 973 2122; x_wconf 90' lang='lat' dir='ltr'><strong>se</strong></span> <span class='ocrx_word' id='word_1_101' title='bbox 983 2079 1053 2124; x_wconf 83' lang='lat' dir='ltr'><strong>esso</strong></span> 
     </span>
     <span class='ocr_line' id='line_1_16' title="bbox 23 2161 1052 2254; baseline 0.006 -28"><span class='ocrx_word' id='word_1_102' title='bbox 23 2194 32 2226; x_wconf 70' lang='lat' dir='ltr'><strong>s</strong></span> <span class='ocrx_word' id='word_1_103' title='bbox 46 2163 186 2253; x_wconf 80' lang='lat' dir='ltr'><strong>aliquem</strong></span> <span class='ocrx_word' id='word_1_104' title='bbox 201 2185 366 2254; x_wconf 71' lang='lat' dir='ltr'><strong>magnum,</strong></span> <span class='ocrx_word' id='word_1_105' title='bbox 383 2186 481 2253; x_wconf 88' lang='lat' dir='ltr'><strong>quem</strong></span> <span class='ocrx_word' id='word_1_106' title='bbox 496 2162 718 2230; x_wconf 83' lang='lat' dir='ltr'><strong>uusoultobont</strong></span> <span class='ocrx_word' id='word_1_107' title='bbox 732 2187 752 2229; x_wconf 83' lang='lat' dir='ltr'><strong>e</strong></span> <span class='ocrx_word' id='word_1_108' title='bbox 764 2161 879 2254; x_wconf 87' lang='lat' dir='ltr'><strong>pusillo</strong></span> <span class='ocrx_word' id='word_1_109' title='bbox 895 2166 1052 2254; x_wconf 75' lang='lat' dir='ltr'><strong>usquead</strong></span> 
     </span>
     <span class='ocr_line' id='line_1_17' title="bbox 23 2273 1052 2365; baseline 0.004 -27"><span class='ocrx_word' id='word_1_110' title='bbox 23 2304 29 2338; x_wconf 69' lang='grc' dir='ltr'><strong>ι</strong></span> <span class='ocrx_word' id='word_1_111' title='bbox 46 2297 214 2365; x_wconf 76' lang='lat' dir='ltr'><strong>maguum,</strong></span> <span class='ocrx_word' id='word_1_112' title='bbox 231 2273 396 2340; x_wconf 85' lang='lat' dir='ltr'><strong>dieentes:</strong></span> <span class='ocrx_word' id='word_1_113' title='bbox 414 2273 475 2340; x_wconf 88' lang='lat' dir='ltr'><strong>llio</strong></span> <span class='ocrx_word' id='word_1_114' title='bbox 487 2283 537 2340; x_wconf 84' lang='lat' dir='ltr'><strong>est</strong></span> <span class='ocrx_word' id='word_1_115' title='bbox 551 2274 649 2340; x_wconf 82' lang='lat' dir='ltr'><strong>virtus</strong></span> <span class='ocrx_word' id='word_1_116' title='bbox 664 2273 736 2350; x_wconf 88' lang='lat' dir='ltr'><strong>Dei,</strong></span> <span class='ocrx_word' id='word_1_117' title='bbox 752 2295 823 2362; x_wconf 74' lang='lat' dir='ltr'><strong>qum</strong></span> <span class='ocrx_word' id='word_1_118' title='bbox 839 2285 970 2342; x_wconf 85' lang='lat' dir='ltr'><strong>voootur</strong></span> <span class='ocrx_word' id='word_1_119' title='bbox 981 2297 1052 2342; x_wconf 85' lang='lat' dir='ltr'><strong>mu-</strong></span> 
     </span>
     <span class='ocr_line' id='line_1_18' title="bbox 24 2382 1051 2476; baseline 0.001 -24"><span class='ocrx_word' id='word_1_120' title='bbox 24 2409 114 2476; x_wconf 61' lang='lat' dir='ltr'><strong>sgros.</strong></span> <span class='ocrx_word' id='word_1_121' title='bbox 134 2385 346 2453; x_wconf 82' lang='lat' dir='ltr'><strong>intuebuntur</strong></span> <span class='ocrx_word' id='word_1_122' title='bbox 360 2395 467 2450; x_wconf 84' lang='lat' dir='ltr'><strong>eutem</strong></span> <span class='ocrx_word' id='word_1_123' title='bbox 482 2405 571 2458; x_wconf 88' lang='lat' dir='ltr'><strong>eum,</strong></span> <span class='ocrx_word' id='word_1_124' title='bbox 594 2393 725 2471; x_wconf 90' lang='lat' dir='ltr'><strong>propter</strong></span> <span class='ocrx_word' id='word_1_125' title='bbox 743 2382 831 2472; x_wconf 87' lang='lat' dir='ltr'><strong>quod</strong></span> <span class='ocrx_word' id='word_1_126' title='bbox 848 2382 949 2451; x_wconf 89' lang='lat' dir='ltr'><strong>multo</strong></span> <span class='ocrx_word' id='word_1_127' title='bbox 966 2396 1051 2454; x_wconf 79' lang='lat' dir='ltr'><strong>tom-</strong></span> 
     </span>
     <span class='ocr_line' id='line_1_19' title="bbox 25 2491 1047 2584; baseline 0.001 -22"><span class='ocrx_word' id='word_1_128' title='bbox 25 2527 29 2552; x_wconf 76' lang='lat'><strong>·</strong></span> <span class='ocrx_word' id='word_1_129' title='bbox 44 2519 123 2584; x_wconf 88' lang='lat' dir='ltr'><strong>pore</strong></span> <span class='ocrx_word' id='word_1_130' title='bbox 139 2494 269 2584; x_wconf 74' lang='lat' dir='ltr'><strong>mogioie</strong></span> <span class='ocrx_word' id='word_1_131' title='bbox 283 2493 347 2561; x_wconf 85' lang='lat' dir='ltr'><strong>suis</strong></span> <span class='ocrx_word' id='word_1_132' title='bbox 362 2491 574 2560; x_wconf 69' lang='lat' dir='ltr'><strong>denotasset</strong></span> <span class='ocrx_word' id='word_1_133' title='bbox 587 2491 673 2558; x_wconf 86' lang='lat' dir='ltr'><strong>oos².</strong></span> <span class='ocrx_word' id='word_1_134' title='bbox 700 2519 714 2555; x_wconf 80' lang='lat' dir='ltr'><strong>s</strong></span> <span class='ocrx_word' id='word_1_135' title='bbox 729 2492 789 2560; x_wconf 88' lang='lat' dir='ltr'><strong>llio</strong></span> <span class='ocrx_word' id='word_1_136' title='bbox 810 2493 907 2583; x_wconf 76' lang='lat' dir='ltr'><strong>igitur</strong></span> <span class='ocrx_word' id='word_1_137' title='bbox 922 2493 1047 2571; x_wconf 86' lang='lat' dir='ltr'><strong>Simon,</strong></span> 
     </span>
     <span class='ocr_line' id='line_1_20' title="bbox 26 2600 1050 2694; baseline 0.001 -24"><span class='ocrx_word' id='word_1_138' title='bbox 26 2605 70 2692; x_wconf 77' lang='lat' dir='ltr'><strong>pui</strong></span> <span class='ocrx_word' id='word_1_139' title='bbox 87 2603 187 2670; x_wconf 86' lang='lat' dir='ltr'><strong>fidem</strong></span> <span class='ocrx_word' id='word_1_140' title='bbox 201 2601 371 2680; x_wconf 74' lang='lat' dir='ltr'><strong>simularit,</strong></span> <span class='ocrx_word' id='word_1_141' title='bbox 388 2613 502 2691; x_wconf 79' lang='lat' dir='ltr'><strong>putens</strong></span> <span class='ocrx_word' id='word_1_142' title='bbox 513 2600 683 2692; x_wconf 73' lang='lat' dir='ltr'><strong>Apostolos</strong></span> <span class='ocrx_word' id='word_1_143' title='bbox 694 2612 727 2667; x_wconf 84' lang='lat' dir='ltr'><strong>et</strong></span> <span class='ocrx_word' id='word_1_144' title='bbox 737 2602 822 2691; x_wconf 90' lang='lat' dir='ltr'><strong>ipsos</strong></span> <span class='ocrx_word' id='word_1_145' title='bbox 833 2603 981 2670; x_wconf 73' lang='lat' dir='ltr'><strong>sanitates</strong></span> <span class='ocrx_word' id='word_1_146' title='bbox 991 2629 1050 2694; x_wconf 91' lang='lat' dir='ltr'><strong>per</strong></span> 
     </span>
     <span class='ocr_line' id='line_1_21' title="bbox 27 2712 1050 2804; baseline 0 -22"><span class='ocrx_word' id='word_1_147' title='bbox 27 2715 172 2804; x_wconf 73' lang='lat' dir='ltr'><strong>pogicam</strong></span> <span class='ocrx_word' id='word_1_148' title='bbox 187 2725 221 2780; x_wconf 86' lang='lat' dir='ltr'><strong>et</strong></span> <span class='ocrx_word' id='word_1_149' title='bbox 234 2737 300 2780; x_wconf 89' lang='lat' dir='ltr'><strong>non</strong></span> <span class='ocrx_word' id='word_1_150' title='bbox 316 2713 432 2780; x_wconf 81' lang='lat' dir='ltr'><strong>virtuto</strong></span> <span class='ocrx_word' id='word_1_151' title='bbox 445 2713 505 2781; x_wconf 86' lang='lat' dir='ltr'><strong>Dei</strong></span> <span class='ocrx_word' id='word_1_152' title='bbox 516 2712 685 2802; x_wconf 76' lang='lat' dir='ltr'><strong>periinere,</strong></span> <span class='ocrx_word' id='word_1_153' title='bbox 701 2724 734 2778; x_wconf 88' lang='lat' dir='ltr'><strong>et</strong></span> <span class='ocrx_word' id='word_1_154' title='bbox 744 2733 802 2801; x_wconf 86' lang='lat' dir='ltr'><strong>per</strong></span> <span class='ocrx_word' id='word_1_155' title='bbox 815 2714 1050 2802; x_wconf 80' lang='lat' dir='ltr'><strong>impositionem</strong></span> 
     </span>
     <span class='ocr_line' id='line_1_22' title="bbox 28 2821 1050 2913; baseline 0.004 -23"><span class='ocrx_word' id='word_1_156' title='bbox 28 2847 170 2892; x_wconf 79' lang='lat' dir='ltr'><strong>nonnum</strong></span> <span class='ocrx_word' id='word_1_157' title='bbox 184 2823 306 2913; x_wconf 86' lang='lat' dir='ltr'><strong>Spiritu</strong></span> <span class='ocrx_word' id='word_1_158' title='bbox 320 2834 431 2890; x_wconf 78' lang='lat' dir='ltr'><strong>saneto</strong></span> <span class='ocrx_word' id='word_1_159' title='bbox 446 2821 622 2911; x_wconf 80' lang='lat' dir='ltr'><strong>adimplere</strong></span> <span class='ocrx_word' id='word_1_160' title='bbox 636 2822 803 2888; x_wconf 80' lang='lat' dir='ltr'><strong>erodentes</strong></span> <span class='ocrx_word' id='word_1_161' title='bbox 818 2821 888 2888; x_wconf 87' lang='lat' dir='ltr'><strong>Deo</strong></span> <span class='ocrx_word' id='word_1_162' title='bbox 902 2847 960 2912; x_wconf 87' lang='lat' dir='ltr'><strong>per</strong></span> <span class='ocrx_word' id='word_1_163' title='bbox 975 2847 1050 2894; x_wconf 86' lang='lat' dir='ltr'><strong>eum</strong></span> 
     </span>
     <span class='ocr_line' id='line_1_23' title="bbox 29 2911 1051 3024; baseline -0.001 -22"><span class='ocrx_word' id='word_1_164' title='bbox 29 2935 68 3024; x_wconf 76' lang='lat' dir='ltr'><strong>[ui</strong></span> <span class='ocrx_word' id='word_1_165' title='bbox 94 2935 135 3000; x_wconf 82' lang='lat' dir='ltr'><strong>sb</strong></span> <span class='ocrx_word' id='word_1_166' title='bbox 165 2933 240 3023; x_wconf 86' lang='lat' dir='ltr'><strong>ipsis</strong></span> <span class='ocrx_word' id='word_1_167' title='bbox 265 2931 499 3022; x_wconf 71' lang='lat' dir='ltr'><strong>evangelizatur</strong></span> <span class='ocrx_word' id='word_1_168' title='bbox 520 2911 665 2997; x_wconf 68' lang='lat' dir='ltr'><strong>Christus</strong></span> <span class='ocrx_word' id='word_1_169' title='bbox 685 2929 790 3006; x_wconf 77' lang='lat' dir='ltr'><strong>lesus,</strong></span> <span class='ocrx_word' id='word_1_170' title='bbox 817 2953 875 3019; x_wconf 87' lang='lat' dir='ltr'><strong>per·</strong></span> <span class='ocrx_word' id='word_1_171' title='bbox 895 2935 1051 3023; x_wconf 83' lang='lat' dir='ltr'><strong>mojorem</strong></span> 
     </span>
     <span class='ocr_line' id='line_1_24' title="bbox 30 3039 1052 3132; baseline 0.002 -22"><span class='ocrx_word' id='word_1_172' title='bbox 30 3043 189 3132; x_wconf 63' lang='lat' dir='ltr'><strong>ruomdom</strong></span> <span class='ocrx_word' id='word_1_173' title='bbox 202 3043 358 3130; x_wconf 70' lang='lat' dir='ltr'><strong>magicam</strong></span> <span class='ocrx_word' id='word_1_174' title='bbox 369 3041 534 3108; x_wconf 79' lang='lat' dir='ltr'><strong>solentium</strong></span> <span class='ocrx_word' id='word_1_175' title='bbox 549 3051 582 3106; x_wconf 90' lang='lat' dir='ltr'><strong>et</strong></span> <span class='ocrx_word' id='word_1_176' title='bbox 596 3039 660 3106; x_wconf 90' lang='lat' dir='ltr'><strong>hoo</strong></span> <span class='ocrx_word' id='word_1_177' title='bbox 674 3039 837 3128; x_wconf 85' lang='lat' dir='ltr'><strong>suspioons</strong></span> <span class='ocrx_word' id='word_1_178' title='bbox 852 3040 935 3120; x_wconf 70' lang='lat' dir='ltr'><strong>fiori,</strong></span> <span class='ocrx_word' id='word_1_179' title='bbox 952 3055 985 3112; x_wconf 91' lang='lat' dir='ltr'><strong>et</strong></span> <span class='ocrx_word' id='word_1_180' title='bbox 1000 3046 1052 3112; x_wconf 88' lang='lat' dir='ltr'><strong>ol-</strong></span> 
     </span>
     <span class='ocr_line' id='line_1_25' title="bbox 31 3147 1054 3243; baseline -0.007 -26"><span class='ocrx_word' id='word_1_181' title='bbox 31 3175 120 3218; x_wconf 80' lang='lat' dir='ltr'><strong>sreus</strong></span> <span class='ocrx_word' id='word_1_182' title='bbox 136 3149 307 3238; x_wconf 76' lang='lat' dir='ltr'><strong>peouuim</strong></span> <span class='ocrx_word' id='word_1_183' title='bbox 321 3147 491 3237; x_wconf 77' lang='lat' dir='ltr'><strong>Apostolis,</strong></span> <span class='ocrx_word' id='word_1_184' title='bbox 510 3159 546 3213; x_wconf 93' lang='lat' dir='ltr'><strong>ut</strong></span> <span class='ocrx_word' id='word_1_185' title='bbox 561 3148 720 3237; x_wconf 83' lang='lat' dir='ltr'><strong>occiperet</strong></span> <span class='ocrx_word' id='word_1_186' title='bbox 735 3149 844 3238; x_wconf 85' lang='lat' dir='ltr'><strong>etipse</strong></span> <span class='ocrx_word' id='word_1_187' title='bbox 854 3150 939 3220; x_wconf 74' lang='lat' dir='ltr'><strong>hono</strong></span> <span class='ocrx_word' id='word_1_188' title='bbox 948 3165 1054 3243; x_wconf 60' lang='lat' dir='ltr'><strong>poros.</strong></span> 
     </span>
     <span class='ocr_line' id='line_1_26' title="bbox 32 3255 1056 3346; baseline 0.007 -21"><span class='ocrx_word' id='word_1_189' title='bbox 32 3272 115 3326; x_wconf 82' lang='lat' dir='ltr'><strong>stem</strong></span> <span class='ocrx_word' id='word_1_190' title='bbox 131 3257 387 3345; x_wconf 83' lang='lat' dir='ltr'><strong>quibusoumque</strong></span> <span class='ocrx_word' id='word_1_191' title='bbox 399 3255 474 3323; x_wconf 84' lang='lat' dir='ltr'><strong>velit</strong></span> <span class='ocrx_word' id='word_1_192' title='bbox 485 3255 581 3322; x_wconf 83' lang='lat' dir='ltr'><strong>‹londi</strong></span> <span class='ocrx_word' id='word_1_193' title='bbox 593 3256 747 3346; x_wconf 89' lang='lat' dir='ltr'><strong>Spiritum</strong></span> <span class='ocrx_word' id='word_1_194' title='bbox 759 3272 919 3340; x_wconf 83' lang='lat' dir='ltr'><strong>sonetum,</strong></span> <span class='ocrx_word' id='word_1_195' title='bbox 932 3265 1056 3332; x_wconf 81' lang='lat' dir='ltr'><strong>audivit</strong></span> 
     </span>
    </p>

    <p class='ocr_par' dir='ltr' id='par_1_7' title="bbox 45 3364 1052 3460">
     <span class='ocr_line' id='line_1_27' title="bbox 45 3364 1052 3460; baseline 0.009 -25"><span class='ocrx_word' id='word_1_196' title='bbox 45 3368 143 3435; x_wconf 85' lang='lat' dir='ltr'><strong>Petro</strong></span> <span class='ocrx_word' id='word_1_197' title='bbox 159 3389 168 3430; x_wconf 81' lang='lat' dir='ltr'><strong>r</strong></span> <span class='ocrx_word' id='word_1_198' title='bbox 187 3364 352 3432; x_wconf 76' lang='lat' dir='ltr'><strong>«Pecunia</strong></span> <span class='ocrx_word' id='word_1_199' title='bbox 367 3375 422 3431; x_wconf 88' lang='lat' dir='ltr'><strong>tuo</strong></span> <span class='ocrx_word' id='word_1_200' title='bbox 436 3377 545 3432; x_wconf 81' lang='lat' dir='ltr'><strong>tecum</strong></span> <span class='ocrx_word' id='word_1_201' title='bbox 560 3365 647 3432; x_wconf 87' lang='lat' dir='ltr'><strong>sitin</strong></span> <span class='ocrx_word' id='word_1_202' title='bbox 662 3367 888 3455; x_wconf 85' lang='lat' dir='ltr'><strong>perditionem,</strong></span> <span class='ocrx_word' id='word_1_203' title='bbox 899 3375 1052 3460; x_wconf 82' lang='lat' dir='ltr'><strong>quonium</strong></span> 
     </span>
    </p>
   </div>
   <div class='ocr_carea' id='block_1_6' title="bbox 37 3474 1057 3795">
    <p class='ocr_par' dir='ltr' id='par_1_8' title="bbox 37 3474 1057 3795">
     <span class='ocr_line' id='line_1_28' title="bbox 42 3474 1057 3574; baseline -0.003 -30"><span class='ocrx_word' id='word_1_204' title='bbox 42 3479 168 3544; x_wconf 91' lang='lat' dir='ltr'><strong>donum</strong></span> <span class='ocrx_word' id='word_1_205' title='bbox 173 3475 233 3543; x_wconf 86' lang='lat' dir='ltr'><strong>Dei</strong></span> <span class='ocrx_word' id='word_1_206' title='bbox 241 3474 424 3541; x_wconf 72' lang='lat' dir='ltr'><strong>existimasti</strong></span> <span class='ocrx_word' id='word_1_207' title='bbox 434 3475 570 3563; x_wconf 80' lang='lat' dir='ltr'><strong>peounio</strong></span> <span class='ocrx_word' id='word_1_208' title='bbox 580 3474 734 3564; x_wconf 83' lang='lat' dir='ltr'><strong>possideri</strong></span> <span class='ocrx_word' id='word_1_209' title='bbox 744 3498 753 3542; x_wconf 71' lang='grc' dir='ltr'><strong><em>ε</em></strong></span> <span class='ocrx_word' id='word_1_210' title='bbox 765 3499 829 3545; x_wconf 90' lang='lat' dir='ltr'><strong>non</strong></span> <span class='ocrx_word' id='word_1_211' title='bbox 836 3481 952 3549; x_wconf 80' lang='lat' dir='ltr'><strong>esttibi</strong></span> <span class='ocrx_word' id='word_1_212' title='bbox 964 3505 1057 3574; x_wconf 71' lang='lat' dir='ltr'><strong>pors„.</strong></span> 
     </span>
     <span class='ocr_line' id='line_1_29' title="bbox 37 3587 1053 3678; baseline 0.006 -21"><span class='ocrx_word' id='word_1_213' title='bbox 37 3611 147 3678; x_wconf 88' lang='lat' dir='ltr'><strong>neque</strong></span> <span class='ocrx_word' id='word_1_214' title='bbox 160 3611 228 3654; x_wconf 86' lang='lat' dir='ltr'><strong>sors</strong></span> <span class='ocrx_word' id='word_1_215' title='bbox 244 3587 277 3654; x_wconf 90' lang='lat' dir='ltr'><strong>iu</strong></span> <span class='ocrx_word' id='word_1_216' title='bbox 292 3609 438 3654; x_wconf 84' lang='lat' dir='ltr'><strong>sermono</strong></span> <span class='ocrx_word' id='word_1_217' title='bbox 453 3587 516 3653; x_wconf 88' lang='lat' dir='ltr'><strong>hoo</strong></span> <span class='ocrx_word' id='word_1_218' title='bbox 529 3609 537 3652; x_wconf 79' lang='lat' dir='ltr'><strong>r</strong></span> <span class='ocrx_word' id='word_1_219' title='bbox 552 3609 609 3654; x_wconf 86' lang='lat' dir='ltr'><strong>eor</strong></span> <span class='ocrx_word' id='word_1_220' title='bbox 622 3588 709 3654; x_wconf 86' lang='lat' dir='ltr'><strong>enirn</strong></span> <span class='ocrx_word' id='word_1_221' title='bbox 723 3599 817 3656; x_wconf 88' lang='lat' dir='ltr'><strong>tuum</strong></span> <span class='ocrx_word' id='word_1_222' title='bbox 833 3615 900 3658; x_wconf 89' lang='lat' dir='ltr'><strong>non</strong></span> <span class='ocrx_word' id='word_1_223' title='bbox 915 3606 963 3660; x_wconf 84' lang='lat' dir='ltr'><strong>ost</strong></span> <span class='ocrx_word' id='word_1_224' title='bbox 982 3617 1053 3664; x_wconf 85' lang='lat' dir='ltr'><strong>reo-</strong></span> 
     </span>
     <span class='ocr_line' id='line_1_30' title="bbox 37 3696 1050 3795; baseline 0.005 -27"><span class='ocrx_word' id='word_1_225' title='bbox 37 3715 112 3768; x_wconf 87' lang='lat' dir='ltr'><strong>tum</strong></span> <span class='ocrx_word' id='word_1_226' title='bbox 123 3721 237 3768; x_wconf 81' lang='lat' dir='ltr'><strong>oorsm</strong></span> <span class='ocrx_word' id='word_1_227' title='bbox 246 3697 326 3766; x_wconf 83' lang='lat' dir='ltr'><strong>Deo.</strong></span> <span class='ocrx_word' id='word_1_228' title='bbox 341 3699 379 3766; x_wconf 94' lang='lat' dir='ltr'><strong>ln</strong></span> <span class='ocrx_word' id='word_1_229' title='bbox 391 3696 463 3766; x_wconf 85' lang='lat' dir='ltr'><strong>lello</strong></span> <span class='ocrx_word' id='word_1_230' title='bbox 473 3698 559 3768; x_wconf 81' lang='lat' dir='ltr'><strong>onim</strong></span> <span class='ocrx_word' id='word_1_231' title='bbox 570 3698 802 3778; x_wconf 72' lang='lat' dir='ltr'><strong>amaritudinis,</strong></span> <span class='ocrx_word' id='word_1_232' title='bbox 814 3713 849 3768; x_wconf 85' lang='lat' dir='ltr'><strong>ot</strong></span> <span class='ocrx_word' id='word_1_233' title='bbox 858 3701 1050 3795; x_wconf 69' lang='lat' dir='ltr'><strong>obligatione</strong></span> 
     </span>
    </p>
   </div>
   <div class='ocr_carea' id='block_1_7' title="bbox 0 0 1330 4628">
    <p class='ocr_par' dir='ltr' id='par_1_9' title="bbox 0 0 1330 4628">
     <span class='ocr_line' id='line_1_31' title="bbox 0 0 1330 4628; baseline 0 0"><span class='ocrx_word' id='word_1_234' title='bbox 0 0 1330 4628; x_wconf 95' lang='lat' dir='ltr'><strong> </strong></span> 
     </span>
    </p>
   </div>
  </div>
 </body>
</html>
