2688 4626
243 344 305 410 250
506 399 508 404 .
535 365 655 412 ‚seueri
678 363 798 404 rusrrru
823 357 977 403 narreris

240 483 343 536 restra
360 433 426 538 'sert
443 441 563 558 opinio,
585 467 670 544 filiis,
688 469 743 556 qui
764 468 982 556 perpessiones
998 491 1062 533 non
1082 467 1275 556 effugerunt.

241 579 374 649 iliorum
387 581 475 647 enim
494 603 558 646 non
573 577 705 652 similes,
721 577 777 643 sed
792 577 922 644 dirersae
937 578 1049 644 mortis
1059 575 1277 666 perpessiones

115 757 135 784 a
241 705 423 767 narrantur,
436 691 478 756 ita
492 703 527 755 ut
538 689 643 765 Iesus,
652 711 693 753 ne
704 689 746 753 ob
759 686 917 777 singulare
929 687 1058 777 quidem
1068 687 1277 776 perpessionis

242 823 354 890 genus,
372 799 502 865 inferior
515 799 564 863 sit.
585 797 651 863 Sed
666 809 699 862 et
713 797 964 885 prestantiorem
981 820 1062 872 esse,
1083 808 1121 860 nt
1135 795 1276 884 promisi-

242 934 326 987 mus,
344 909 543 998 procedente
559 908 702 974 oratione
713 907 1021 980 demonstrabimum
1037 904 1088 971 reI
1100 907 1208 994 potius
1218 907 1276 994 jam

244 1021 499 1086 demonstratum
515 1030 573 1083 est.
591 1017 889 1083 Praestantiorenim
901 1017 1035 1104 quisque
1051 1013 1276 1084 exactionibus

244 1129 448 1216 dijudicatur.
466 1128 562 1208 Quod
579 1139 687 1193 autem
700 1139 810 1192 natum
821 1150 860 1192 ex
877 1127 997 1216 virgine
1017 1139 1177 1200 tenemus,
1196 1149 1277 1192 com·

243 1260 342 1304 mune
357 1237 391 1302 id
410 1259 485 1302 cum
504 1237 619 1304 Perseo
634 1237 821 1302 existimate.
838 1235 935 1315 Quod
950 1233 1085 1302 claudos
1102 1235 1233 1322 denique
1246 1247 1276 1300 et

244 1345 448 1437 paralyticos,
460 1359 492 1411 et
504 1349 543 1412 ab
557 1347 625 1435 ipso
638 1358 710 1411 ortu
723 1323 851 1411 inutiles
862 1346 987 1413 sanitati
1002 1347 1044 1410 ab
1057 1368 1099 1410 eo
1111 1345 1272 1416 restitutos,

245 1467 279 1522 et
290 1467 433 1520 mortuos
444 1455 484 1520 ad
495 1455 593 1520 vitam
604 1467 768 1522 revocatos
780 1454 933 1528 dicimus;
948 1455 1064 1522 similia
1073 1455 1148 1521 haec
1158 1478 1267 1543 quoqne

247 1564 355 1630 dicere
369 1563 550 1629 ridebimur
563 1564 602 1630 iis
614 1588 683 1653 quae
699 1568 740 1630 ab
756 1563 937 1653 AEscuiapio
949 1564 1031 1630 sacta
1045 1578 1221 1634 narrantur.
1243 1562 1247 1572 '

289 1671 412 1736 XXIII.
428 1674 533 1760 Atque
550 1685 585 1736 ut
601 1671 679 1738 iIIud
694 1673 792 1739 etium
807 1685 1012 1763 perspectum
1025 1671 1189 1748 babeatis,
1199 1695 1274 1759 que·

246 1801 385 1867 cumque
403 1800 421 1842 a
438 1777 564 1876 Christo
583 1791 615 1842 et
632 1802 649 1843 a
667 1779 845 1868 Prophetis,
861 1781 916 1868 qui
936 1803 1012 1846 aum
1029 1791 1272 1849 antecesserunt,

248 1888 354 1954 edocti
371 1885 518 1962 dicimus,
533 1885 598 1952 sola
613 1909 681 1952 esse
692 1910 766 1952 vera
778 1902 810 1952 et
823 1888 1031 1977 scriptoribus
1045 1889 1200 1954 omnibus
1210 1888 1273 1952 anti-

249 1997 359 2084 quiora
368 2020 378 2069 ι
394 2018 456 2062 nec
474 1995 547 2083 quia
563 1995 675 2061 cadem
691 2019 729 2061 ac
743 1995 787 2060 iili
805 1996 974 2085 scriptores
991 1995 1149 2072 dicimus,
1171 1997 1274 2062 idcirco

247 2119 356 2196 petere
371 2117 407 2169 nt
421 2106 608 2194 probemur,
620 2104 677 2170 sed
688 2105 762 2192 quia
773 2128 846 2170 vera
859 2103 1042 2192 loquimur:
1059 2117 1135 2171 tum
1145 2105 1238 2172 etiam
1247 2117 1275 2167 ut

248 2214 337 2279 vobis
349 2226 475 2280 constet
489 2213 599 2280 Iesum
613 2212 788 2288 Christum,
803 2235 877 2278 cum
892 2213 950 2278 Dei
962 2213 1110 2280 Verbum
1121 2229 1155 2280 et
1167 2216 1273 2304 primo

251 2324 377 2411 genitus
392 2335 425 2387 et
447 2323 546 2389 virtus
567 2323 623 2397 sit,
644 2321 747 2387 squm
762 2321 888 2410 proprie
907 2319 1009 2388 iilium
1028 2345 1069 2388 ex
1087 2347 1129 2389 eo
1147 2325 1268 2414 genitum

250 2453 334 2504 esse;
350 2431 484 2519 ejusque
498 2429 659 2496 voluntate
671 2431 791 2496 sactum
802 2429 967 2496 bominem
978 2431 1179 2498 instaurandi
1188 2445 1215 2496 et
1227 2453 1268 2494 re·

249 2540 387 2606 vocandi
402 2540 571 2606 hominum
582 2541 705 2630 generis
717 2563 825 2616 causa,
838 2540 907 2606 brec
922 2563 981 2606 nos
997 2539 1162 2614 docuisse;
1180 2565 1216 2606 ao
1228 2541 1274 2604 de·

249 2649 345 2738 nique
356 2650 541 2740 priusquam
555 2649 639 2714 inter
656 2649 801 2715 homines
819 2648 916 2716 homo
927 2663 1113 2724 versaretur,
1125 2649 1266 2734 quosdam

249 2759 282 2824 in
297 2769 513 2833 antecessum,
530 2781 584 2824 eos
601 2756 734 2834 scilicet,
751 2781 830 2847 quos
845 2759 911 2847 jam
926 2758 1075 2832 mmmm,
1092 2755 1185 2822 maios
1202 2753 1264 2820 de-

251 2891 361 2934 mones
375 2891 413 2934 ea
433 2891 491 2956 per
503 2879 613 2956 poetas
631 2865 717 2932 velut
738 2866 819 2932 facta
838 2866 965 2942 dixisse,
989 2891 1061 2955 quae
1076 2863 1210 2932 iabquse
1221 2864 1272 2936 isti

252 2976 488 3052 confinxerunt,
508 2977 779 3065 quemadmodum
793 2975 954 3064 perfecere
974 2991 1011 3042 ut
1026 2977 1161 3044 nefanda
1180 2977 1211 3042 in
1225 2999 1276 3040 nos

251 3097 284 3152 ct
306 3085 402 3173 impia
425 3085 565 3154 iocinore
589 3087 847 3162 decanterentur,
871 3111 1008 3175 quorum
1031 3111 1095 3154 nec
1120 3086 1206 3152 testis
1224 3107 1278 3150 nec

142 3231 145 3239 =
252 3205 477 3284 argumentum
491 3207 593 3260 exstat
614 3193 734 3268 ullum
753 3208 789 3259 ut
808 3195 889 3272 Iunc,
908 3196 1052 3283 inquam,
1075 3197 1167 3262 robis
1181 3193 1281 3284 exple

254 3317 321 3370 reta
337 3305 413 3380 sint,
428 3303 477 3370 his
492 3306 686 3393 argumentis
701 3318 838 3371 utemur.

297 3413 418 3483 XXIV.
440 3413 565 3489 Primo,
586 3415 659 3501 quia
679 3437 753 3480 cum
779 3413 890 3480 similia
914 3415 1033 3481 Graecis
1052 3417 1212 3490 dicamus,
1234 3412 1284 3478 soii

255 3523 328 3588 odio
339 3517 499 3590 habemur
507 3536 637 3612 propter
648 3547 765 3589 nornen
778 3523 910 3596 Christi,
921 3537 953 3588 et
964 3548 1041 3590 cum
1049 3525 1131 3592 nibii
1140 3525 1286 3591 faciamus

256 3628 344 3703 mali,
352 3630 437 3695 velut
448 3632 586 3720 improbi
598 3655 751 3698 necamur
760 3656 769 3696 ι
779 3631 848 3698 aliis
859 3631 934 3699 aIibi
945 3646 978 3699 et
986 3635 1120 3700 arbores
1132 3648 1167 3700 et
1180 3634 1288 3699 fluvios

255 3751 289 3806 et
301 3761 407 3806 mures
418 3754 451 3806 et
461 3742 537 3809 Ioles
549 3757 581 3809 et
593 3744 771 3812 crocodilos
782 3756 815 3810 et
825 3743 977 3835 plurimas
988 3747 1100 3812 brutas
1115 3747 1290 3812 animantes

257 3845 446 3924 colentibus,
459 3875 519 3916 neo
529 3853 641 3918 eadem
652 3854 813 3929 omnibus,
826 3853 952 3947 sedaiia
964 3853 1038 3920 aiibi
1051 3857 1290 3926 venerantibus,

257 3957 299 4022 ita
320 3971 354 4022 ut
371 3981 480 4024 omnes
502 3961 559 4026 sibi
582 3964 730 4038 invicem,
749 3964 821 4050 quia
840 3987 903 4030 non
926 3955 1037 4032 eidem
1056 3963 1182 4040 colunt,
1203 3964 1292 4052 impii
