2780 4614
219 232 282 296 218
481 297 482 300 ,
516 251 630 298 sarcrr
651 251 771 296 rnsrnu
794 226 960 296 aaarrars'

261 356 318 424 lX.
348 355 579 446 Nequassetiam
597 357 799 424 victimarum
818 357 908 445 copia
933 369 966 421 at
986 355 1105 422 llorum
1125 359 1253 423 coronis

220 463 355 532 colimus
371 489 450 554 quos
472 467 629 542 homines,
652 467 821 556 postquam
834 465 983 532 effinxere
998 479 1031 531 et
1046 467 1079 532 in
1094 467 1175 533 fanis
1191 466 1256 533 col-

220 573 376 649 locavere,
398 574 474 641 deos
489 573 688 663 appellarunt
706 598 714 639 :
732 576 757 640 si
777 575 906 664 quidem
923 575 1096 640 inanimata
1116 586 1150 639 et
1164 593 1253 639 mor-

221 692 275 743 tua
295 680 364 746 hmo
382 703 463 756 csse,
483 702 544 746 nec
562 681 620 746 Dei
640 679 741 746 forma
761 678 891 768 praedita
915 681 1145 769 (nequeenim
1160 680 1254 746 talem

222 787 291 852 Deo
301 788 403 852 inesse
413 787 551 854 formam
561 799 724 875 putamus,
740 786 1008 875 qualemquiclam
1020 786 1151 854 colendi
1162 809 1254 852 causa

224 892 405 959 simulatam
416 893 558 982 dicunt),
571 895 627 962 sod
638 893 795 960 malorum
807 893 948 970 illorum,
960 894 1014 981 qui
1024 906 1257 982 apparuerunt,

224 1001 405 1067 daemonum
416 1015 448 1067 et
459 1002 587 1068 nomina
599 1014 631 1066 et
642 1001 758 1090 figuras
768 1002 886 1068 relerra
897 1003 1055 1068 norimus·
1070 1001 1161 1080 Quid
1172 1002 1259 1065 euim

223 1107 335 1172 attinet
353 1107 455 1183 voltis,
476 1109 531 1194 qui
548 1110 648 1195 probe
663 1108 763 1185 scitis,
779 1131 938 1196 exponere
958 1130 1102 1195 quonam
1116 1108 1261 1174 artifices

225 1216 321 1287 modo
334 1197 507 1282 ‘materiam
529 1229 678 1292 tractent,
700 1215 884 1306 scalpendo,
906 1215 1072 1292 caedenda
1094 1216 1262 1282 lundcndo

106 1343 111 1354 ·
225 1335 258 1389 et
280 1323 467 1390 tundendo?
489 1324 672 1402 Quinetiam
695 1347 776 1413 saepe
797 1347 837 1389 cx
858 1323 939 1390 vasis
961 1323 1156 1400 inhonestis,
1184 1347 1261 1392 cum

226 1432 364 1519 speciem
378 1443 505 1500 tantuna
516 1445 584 1497 arte
598 1432 848 1507 immutaverint,
860 1454 898 1498 ac
909 1431 1047 1520 effigiem
1061 1431 1262 1507 induxerint,

228 1539 453 1628 cognominant
463 1539 551 1632 deos.
572 1538 668 1616 Quod
680 1540 809 1626 quidem
824 1562 889 1604 non
900 1537 1035 1632 soluma
1051 1540 1179 1605 ratione
1189 1539 1264 1604 alic·

228 1669 397 1723 numesse,
410 1645 574 1718 sedetiam
585 1645 813 1718 contumeliose
828 1646 861 1712 in
872 1645 977 1712 Deum
986 1645 1061 1711 lieri.
1072 1669 1260 1720 censemus;

229 1755 283 1842 qui
299 1778 374 1822 cum
388 1754 521 1844 gloriam
535 1767 568 1820 et
585 1754 721 1822 sormam
738 1777 804 1832 non
818 1754 1027 1822 cnarrabilem
1040 1755 1177 1830 haheat,
1193 1758 1264 1843 ejus

228 1884 344 1930 nomen
364 1864 458 1929 robus
474 1861 666 1949 corruptioni
685 1861 828 1926 obnoxiis
845 1873 879 1925 et
897 1861 1058 1926 assiduam
1076 1883 1193 1927 curam
1210 1883 1264 1926 re-

230 1970 428 2055 quirentibus
442 1969 624 2056 imponitur.
647 1968 751 2055 Atque
771 1968 889 2038 horum
906 1965 1044 2034 artifices
1063 1969 1142 2034 vitio
1161 1969 1264 2043 omni,

230 2099 272 2148 nc
291 2074 411 2164 singula
431 2097 626 2151 recenseam,
646 2075 770 2142 deditos
788 2097 855 2140 esse
875 2087 1024 2142 accurate
1036 2076 1157 2148 nostisr
1182 2075 1266 2140 adeo

231 2194 267 2246 ut
282 2204 353 2247 suas
368 2183 463 2248 etiam
477 2181 619 2258 ancillas,
639 2183 716 2248 dum
731 2205 841 2256 sccum
856 2181 1016 2272 laborant,
1036 2196 1260 2276 constuprent.

231 2289 260 2354 Ο
278 2301 440 2376 stuporem
464 2291 604 2356 attonitae
623 2291 754 2358 mentis!
776 2292 809 2362 id
827 2291 1008 2359 hominihus
1028 2292 1264 2358 incontinenti-

231 2397 290 2461 ltus
308 2396 418 2473 tribui,
440 2409 475 2462 ut
495 2397 569 2462 deos
588 2397 628 2463 ad
648 2397 820 2472 colendum
839 2399 958 2488 fingere
977 2411 1013 2482 et
1033 2400 1265 2466 transformare

232 2504 392 2578 dicuntum
412 2528 450 2571 ac
463 2505 622 2580 fanorum,
635 2506 794 2593 inquibus
809 2506 854 2572 illi
866 2505 1075 2583 collocantur,
1089 2507 1169 2576 tales
1181 2531 1266 2574 con-

232 2611 320 2678 stitui
338 2613 503 2686 custodesl
524 2613 680 2680 Nimirum
698 2636 764 2680 non
781 2615 889 2680 vident
905 2628 938 2682 et
958 2617 1098 2705 cogitatu
1119 2629 1153 2684 ct
1172 2618 1264 2684 dictu
1375 2600 1385 2697 ’ξ

232 2720 319 2788 netas
333 2745 414 2798 esse,
430 2723 574 2792 homiues
590 2725 722 2792 deorum
736 2747 803 2790 csse
820 2726 976 2792 custodes.

277 2829 320 2895 X.
344 2831 454 2920 Neque
471 2832 568 2898 ctiam
577 2831 793 2898 materialibus
802 2831 969 2902 hominurn
978 2834 1075 2898 donis
1089 2833 1194 2899 Deum
1214 2833 1266 2898 in-

233 2939 340 3027 digere
359 2941 556 3030 accepimus:
580 2941 636 3008 sed
653 2963 707 3006 cos
725 2939 808 3006 solos
826 2939 876 3006 illi
890 2942 1018 3029 probari
1039 2941 1204 3008 didicimus
1224 2955 1264 3006 et

233 3068 418 3134 persuasum
432 3049 585 3142 hahemus
600 3061 633 3118 ct
647 3049 824 3125 credimus,
839 3050 893 3137 qni
912 3050 1002 3114 insita
1022 3048 1067 3114 illi
1086 3051 1167 3114 bona
1182 3049 1266 3113 imi-

233 3166 354 3230 tantur,
374 3156 626 3244 temperantiam,
646 3154 800 3244 justitiam
813 3169 847 3220 et
864 3155 1106 3233 humanitatem,
1123 3168 1156 3223 ct
1170 3180 1269 3243 qram-

234 3283 371 3349 cumque
389 3261 460 3338 Dei,
480 3262 534 3350 qui
552 3259 639 3328 nullo
658 3262 806 3351 imposito
820 3262 950 3329 nomine
965 3274 1110 3338 vocatur,
1130 3265 1264 3351 propria

234 3383 316 3436 suut.
341 3370 381 3436 Et
396 3391 470 3438 oum
485 3370 587 3434 honus
602 3368 655 3444 sit,
676 3368 782 3436 omnia
801 3368 891 3436 illum
910 3371 949 3436 ab
966 3371 1055 3436 initio
1073 3393 1113 3436 es
1124 3371 1266 3438 informi

233 3479 363 3554 materia
378 3490 507 3568 propter
521 3477 664 3552 homines
680 3479 857 3547 condidisse
872 3478 1063 3568 accepimus.
1087 3477 1179 3557 Quos
1192 3479 1271 3568 qui-

235 3587 321 3660 dem,
341 3587 367 3652 si
381 3587 491 3676 dignos
507 3611 539 3655 se
554 3611 611 3677 per
625 3612 721 3679 opera
736 3587 818 3656 illius
833 3587 964 3660 consilio
979 3611 1017 3656 ac
1032 3587 1191 3657 voluntati
1205 3611 1270 3654 ex-

233 3693 407 3771 hibuerint,
423 3697 592 3785 adepturos
607 3696 800 3786 accepimus,
820 3709 855 3764 ut
878 3721 953 3764 cum
968 3719 1006 3764 eo
1029 3697 1146 3785 degant
1164 3710 1271 3786 atque

234 3825 295 3869 una
310 3815 455 3892 regnent,
470 3808 680 3895 corruptionis
696 3818 728 3874 ct
739 3808 948 3897 perpessionis
963 3819 1117 3893 expertas.
1134 3807 1269 3884 Quem-
