2772 4620
306 340 455 386 manocus
478 340 539 384 cua
563 337 725 382 rnrruona
746 337 860 379 sunno.
1032 311 1091 396 507

61 447 230 521 servastis,
254 445 311 510 sed
328 445 444 511 liberos
463 455 582 508 vostros
600 441 783 510 immolastis
801 439 972 506 daemoniis.
1000 437 1097 504 lussit

62 552 169 616 etiam
181 553 350 618 sabbatum
362 538 535 625 observari,
552 561 588 614 ut
598 551 781 614 memoriam
791 547 850 613 Dei
863 548 1009 612 teneretis
1022 569 1030 610 ε
1048 548 1098 611 id-

63 681 137 744 que
155 658 321 748 Scriptura
338 660 441 724 divina
458 660 502 724 sic
519 655 669 732 declarat,
686 667 744 720 rut
760 656 954 744 cognoscatis
965 678 1017 720 me
1032 641 1099 720 esse

66 791 88 824 a
102 764 210 829 Deum
225 764 457 851 redemptorem
472 775 609 828 vestrum
618 762 640 825 ¹.
655 792 668 826 s

122 871 200 938 XX.
221 871 369 938 Similiter
384 872 552 946 mandavit,
567 882 607 944 ¹ut
626 896 643 936 a
663 873 741 938 cibis
757 874 944 960 quibusdam
958 874 1100 938 abstine·

77 980 171 1053 retis,
189 990 224 1044 ut
241 981 334 1046 etiam
348 981 428 1046 inter
439 980 595 1045 edendum
605 993 638 1043 et
653 980 826 1046 bibendum
838 992 909 1045 ante
925 981 1033 1047 oculos
1045 978 1099 1046 ha·

77 1088 199 1154 heretis
213 1089 332 1161 Deum;
355 1088 468 1176 quippe
487 1085 681 1152 cumlaciles
696 1089 760 1151 sitis
774 1098 805 1152 et
818 1087 970 1175 proclives
986 1089 1026 1153 ad
1041 1090 1099 1152 ab·

77 1194 251 1281 jiciendam
262 1195 332 1282 ejus
343 1193 564 1282 cognitionem,
581 1193 850 1280 quemadmodum
860 1194 1023 1281 etbloyses
1035 1197 1078 1260 ait
1090 1220 1098 1260 ι

88 1327 101 1360 ι
113 1303 188 1368 Edit
202 1313 233 1367 et
247 1302 328 1368 bibit
341 1299 476 1390 populus
490 1310 522 1366 et
533 1300 666 1365 surrexit
682 1300 722 1364 ad
737 1299 912 1364 ludendum
920 1300 942 1363 ¹.
957 1303 1022 1366 »Et
1035 1325 1103 1366 rur·

78 1433 153 1476 sum
166 1434 175 1474 ι
190 1411 283 1475 «Edit
297 1409 397 1474 Jacob
410 1421 442 1474 et
453 1419 608 1473 saturatus
618 1419 666 1474 est
677 1418 710 1472 et
721 1407 945 1496 impinguatus,
959 1419 992 1473 et
1003 1409 1102 1474 recal-

76 1546 91 1579 ι
108 1517 232 1583 citrarit
247 1516 399 1583 dilectus:
423 1518 634 1606 impinguatus
649 1525 708 1589 est,
726 1517 928 1590 incrassatus,
946 1514 1103 1593 dilatatus,

78 1655 93 1686 s
109 1635 142 1689 et
156 1623 321 1712 dereliquit
334 1625 438 1690 Deum
453 1624 606 1690 factorem
621 1623 745 1688 suum⁸.
761 1652 774 1684 r
789 1622 855 1688 Noe
871 1625 968 1700 enim,
985 1624 1105 1691 bomini

76 1731 180 1816 justo,
200 1749 386 1794 concessum
404 1751 472 1792 esse
491 1727 604 1801 aDeo,
625 1736 661 1789 ut
680 1717 852 1791 animatum
867 1751 974 1803 omne,
993 1742 1107 1818 praeter

79 1858 194 1900 carnes
217 1836 251 1900 in
274 1836 437 1922 sanguine,
458 1834 520 1897 boc
538 1843 586 1897 est
604 1831 805 1908 suffocatum,
827 1835 947 1908 ederet,
972 1841 1109 1904 narravit

79 1947 174 2010 vobis
189 1945 314 2031 Moyses
331 1945 363 2008 in
378 1941 459 2008 libro
473 1941 612 2006 Genesis.
631 1940 764 2006 Parente
777 1940 830 2006 illo
842 1942 911 2008 haec
923 1948 1017 2010 verba
1031 1949 1109 2035 obji-

82 2075 174 2126 cere,
199 2052 345 2117 utalaae
366 2049 485 2124 herbae,
510 2051 660 2138 occupavi
683 2073 764 2138 ego:
791 2050 855 2114 Cur
874 2035 939 2116 non
961 2051 1050 2130 illud,
1073 2070 1110 2121 ut

82 2159 177 2224 olera
198 2157 317 2233 tnta,
343 2181 381 2222 eo
399 2161 496 2221 'sensu
518 2158 675 2245 accipietis
696 2181 760 2244 quo
783 2155 902 2223 dictum
922 2171 969 2225 est
988 2185 1006 2226 a
1025 2163 1105 2251 Deo,

82 2264 207 2332 scilicet
227 2265 343 2339 Deum,
368 2261 633 2349 quemadmodum
653 2262 767 2327 herbas
786 2263 965 2331 hominibus
985 2269 1025 2332 ad
1040 2271 1106 2334 ric-

81 2385 154 2439 tum
175 2381 351 2461 paraverat,
378 2371 420 2434 ita
441 2369 584 2435 animalia
608 2370 741 2445 dedisse,
769 2381 804 2436 ut
825 2393 953 2439 carnem
978 2377 1107 2442 ederet?

84 2479 151 2544 Sed
166 2479 237 2565 quia
257 2475 400 2564 quaedam
419 2473 504 2540 olera
523 2499 587 2541 non
601 2477 736 2552 edimus,
755 2490 920 2568 propterea
938 2482 1108 2552 discrimen

86 2587 154 2674 jam
172 2595 240 2648 tum
253 2583 320 2651 Noe
338 2583 555 2674 praescriptum
569 2607 637 2649 esse
653 2585 766 2650 dicitis.
786 2587 991 2676 Nequaquam
1007 2604 1043 2656 ut
1057 2617 1109 2658 ex-

83 2693 214 2782 ponitis,
227 2693 267 2756 ita
280 2691 484 2757 credendum.
499 2690 604 2755 Primo
615 2693 700 2757 enim
711 2691 781 2788 olus
793 2715 886 2759 omno
898 2696 1031 2762 herbam
1042 2723 1110 2764 esse

84 2813 118 2867 et
132 2801 313 2867 manducari
329 2823 404 2867 cum
418 2801 523 2866 dicere
534 2810 566 2863 et
577 2800 767 2866 confirmare
777 2803 907 2887 possim,
925 2804 956 2866 in
973 2804 1036 2869 hoc
1047 2829 1111 2871 non

85 2911 297 2977 immorabor.¹
312 2909 375 2974 Sed
389 2911 447 2974 etsi
462 2906 546 2998 plera
563 2908 669 2973 herba
685 2907 906 2983 discernimus,
927 2930 991 2974 non
1009 2915 1111 2981 omnia
1134 2931 1138 2940 ’

84 3019 227 3092 edentes,
248 3041 313 3082 non
328 3015 448 3081 idcirco
463 3015 550 3102 quod
565 3015 687 3101 impura
702 3027 757 3079 aut
772 3015 934 3082 immunda
954 3019 1028 3096 sint,
1045 3021 1113 3088 non

87 3127 224 3198 edimus,
247 3124 302 3188 sed
323 3124 407 3208 quod
431 3134 485 3186 aut
506 3146 624 3198 amara,
645 3134 700 3187 uut
720 3120 876 3200 lethifera,
898 3139 953 3192 ant
973 3133 1107 3218 spinosa.

88 3231 203 3300 Dulcia
218 3241 368 3294 autemst
383 3230 422 3292 ad
437 3228 584 3295 alendum
598 3232 754 3319 aptissima
770 3256 902 3320 qnaeque
911 3245 949 3300 'et
962 3238 1114 3324 pulcher-

89 3341 183 3414 rima,
205 3339 269 3402 sive
289 3338 352 3401 sint
369 3338 535 3412 maritima,
552 3339 615 3402 sive
633 3341 804 3416 terrestria,
822 3343 998 3430 appetimus
1013 3357 1045 3410 et
1065 3373 1113 3412 su-

87 3449 214 3514 mimus.
240 3445 295 3511 Sic
314 3444 410 3509 etiam
430 3455 465 3506 ut
485 3445 523 3509 ab
546 3445 674 3532 impuris
696 3457 728 3510 et
748 3448 871 3534 injustis
892 3461 925 3513 ot
948 3453 1113 3540 rapacibus

88 3554 300 3628 abstineretis,
324 3553 475 3640 praecepit
490 3553 584 3618 »vobis
604 3552 690 3618 Deus
708 3577 766 3640 per
781 3554 938 3642 Moysem3
957 3561 1027 3646 quia
1045 3574 1109 3631 tum

90 3687 164 3728 cum
183 3685 299 3728 manna
320 3659 456 3724 ederetis
479 3660 511 3724 in
531 3658 667 3736 deserto,
687 3671 719 3724 et
738 3661 889 3727 miracula
905 3669 1007 3733 omnia
1025 3675 1109 3740 vobis

91 3797 109 3837 a
123 3771 190 3835 Deo
205 3771 341 3836 exhibita
357 3769 517 3844 videretis,
532 3767 673 3856 ¹uitulum
690 3793 820 3835 aureum
837 3773 992 3842 conflastis
1012 3793 1043 3846 et
1057 3785 1109 3848 ad-

124 3897 230 3946 ¹8:201».
242 3905 304 3956 rm
312 3915 332 3946 a.
345 3895 395 3933 -2
406 3897 485 3946 Exod.
497 3911 576 3954 xxxu,
587 3897 613 3947 6.
624 3925 655 3935 -
665 3896 758 3947 'Deae
771 3915 846 3959 xxxii,
861 3903 897 3949 15.

882 4011 932 4054 20.
