2516 4636
325 339 448 387 corros
471 337 623 382 nnssses.
927 319 991 408 569

30 448 130 516 sistus
142 465 344 538 resurgeres
360 445 507 524 mortuis,
519 447 586 534 jem
597 467 663 514 non
678 449 843 516 moritur¹.
860 449 993 538 »(Prae-

30 581 64 623 ns
80 558 169 626 onim
187 570 220 623 et
242 558 309 648 ipsc
329 579 388 646 per
409 555 565 645 Spiritum
586 556 816 627 subdivisiones
838 559 996 628 melorum
1080 639 1084 648 ⁵

30 667 195 743 istrorum,
214 676 247 734 et
265 684 397 736 omnem
413 664 558 753 ipsorum
574 664 778 732 occasionem
796 666 997 737 distensionis

30 799 65 842 ns
81 776 282 852 abscindere,
308 774 354 843 sit
377 796 449 862 quse
473 772 625 863 predicte
644 785 719 842 sunt
741 799 750 842 ε
771 779 813 866 )«
835 772 868 844 Si
887 789 997 846 entem

29 887 123 954 initus
140 886 298 977 qius,qui
317 885 483 954 suscitavit
497 883 610 952 «Iesum
631 907 650 950 u
670 886 817 964 mortuis,
840 887 997 956 iuh'nbitet

31 995 123 1062 vobis
131 1019 141 1070 r
157 995 213 1085 qui
225 994 388 1062 suscitavit
402 993 600 1063 Christum
616 996 763 1074 mortuis,
778 997 951 1066 viviticnbit
964 1011 998 1066 et

30 1105 132 1174 srtslin
150 1131 285 1198 corpore
296 1118 400 1174 restro
407 1105 430 1172 ².
446 1105 580 1174 »Unum
597 1107 686 1196 quod
702 1131 768 1174 non
783 1108 939 1177 exclamat
955 1111 997 1178 esi

30 1219 87 1308 qui
110 1217 222 1286 sciunt
240 1219 351 1286 sudus
372 1241 381 1284 s
399 1217 510 1286 nolio
525 1241 651 1292 errores
672 1239 756 1284 unus
781 1229 815 1286 et
840 1221 926 1287 idem
948 1234 997 1288 est

30 1331 106 1396 istus
120 1328 215 1397 Jesus
231 1327 332 1396 Filius
349 1328 422 1405 Dei,
438 1329 496 1418 qui
511 1329 765 1420 perpessionem
782 1330 998 1399 reconciliarit

30 1439 107 1514 Deo,
116 1437 359 1506 etresursexits
370 1437 519 1514 mortuis,
532 1438 587 1526 qui
598 1450 647 1504 est
657 1438 691 1506 iu
703 1437 831 1504 dextero
842 1439 956 1518 Putris,
965 1453 998 1508 et

30 1553 118 1614 ectus
130 1548 163 1614 in
174 1546 323 1614 omnibus
336 1568 345 1612 s
360 1547 416 1634 qui
432 1567 508 1614 cusu
526 1545 781 1636 reputor-etrum
798 1551 996 1638 repercutie-

30 1682 36 1722 :
56 1657 136 1745 «qui
148 1679 223 1724 erun
234 1666 410 1746 peteretur,
424 1677 491 1724 non
507 1667 555 1723 est
569 1657 772 1732 minitstns⁸3
787 1686 800 1720 s
815 1671 935 1726 etcum
950 1672 1000 1749 ty·

30 1770 127 1836 sidem
141 1780 318 1857 poteretur,
333 1769 466 1857 rogabat
483 1767 609 1834 Patrem
627 1781 663 1834 ut
679 1768 860 1858 ignosceret
878 1769 927 1836 his
943 1771 998 1860 qui

30 1876 250 1945 rucitixorsnt.
263 1875 434 1965 lpseenim
450 1897 524 1940 rere
540 1874 692 1942 subverit:
708 1875 775 1965 ipse
792 1889 841 1942 est
853 1875 998 1946 Verbum

30 1987 110 2074 ‚ipse
121 1981 442 2074 unigenitusn‘Pstre,
453 1982 599 2052 Christus
609 1983 703 2052 Jesus
710 1983 994 2054 Dominnsnoster.

30 2093 163 2162 *censo*
179 2093 357 2170 manifeste,
374 2092 462 2182 quod
476 2093 510 2160 in
524 2094 683 2183 principio
696 2093 840 2164 Verbum
863 2098 1000 2165 existens

30 2206 47 2272 d
70 2205 189 2281 Deum,
212 2225 271 2293 per
291 2223 387 2291 quem
407 2201 514 2268 omnir
536 2201 618 2270 neo
636 2215 723 2280 sunt,
742 2203 801 2294 qui
821 2215 855 2271 ot
875 2229 1000 2297 semper

30 2330 74 2383 ret
88 2315 197 2407 generi
211 2314 365 2390 humeno,
382 2312 470 2380 hunc
484 2314 517 2380 in
536 2313 715 2383 novissimis
737 2316 933 2406 temporibus
947 2341 1000 2385 se.

31 2427 108 2494 dum
124 2423 317 2516 prefinitum
331 2434 457 2512 tempus
471 2445 490 2487 s
503 2421 609 2498 Patre,
625 2423 751 2490 unitum
766 2447 824 2490 suo
839 2423 997 2516 plesmnti‚

31 2532 145 2602 ‚ibilem
155 2531 319 2600 bominem
329 2530 463 2605 buum:
474 2527 602 2598 excluso
611 2543 661 2596 est
672 2533 777 2598 omnis
787 2535 1000 2602 contrudiotio

31 2644 139 2710 untiom
148 2666 157 2708 s
167 2642 202 2709 Si
212 2665 289 2731 ergo
299 2653 378 2708 tunc
386 2652 479 2706 notus
489 2651 553 2718 sss,-
563 2658 628 2706 non
638 2652 707 2708 eret
718 2663 794 2731 ergo
806 2653 881 2708 ante
894 2638 1001 2710 Gbris-

40 2751 352 2826 Ostendimusenim,
364 2749 603 2838 quinnontunc
612 2750 710 2837 coepit
719 2749 819 2814 Filius
828 2749 900 2826 Dei,
918 2752 1001 2818 exis-
1085 2771 1089 2798 ³
1226 2779 1228 2796 ι

52 2885 179 2952 semper
193 2860 440 2951 opud-Petram
462 2859 520 2944 sei
534 2857 662 2946 quondo
682 2859 864 2924 mmrnstns
884 2871 945 2936 est,
967 2873 1002 2928 et

32 2999 61 3041 ιο
77 2974 191 3048 fectus,
209 2971 337 3059 longum
352 2969 522 3035 bominum
537 2967 767 3054 expositionem
782 2968 815 3034 in
830 2969 932 3059 seipso
947 2993 1000 3036 ro-

32 3081 161 3154 nutavit,
177 3079 210 3144 in
226 3075 417 3165 compendio
429 3073 523 3141 uobis
537 3071 672 3140 solutus
686 3087 850 3162 pressans,
866 3089 903 3142 ut
914 3080 1001 3166 quod

32 3191 205 3256 sideramus
220 3188 255 3252 in
269 3185 385 3260 Adam,
400 3184 510 3260 idest,
527 3184 704 3254 secundum
720 3186 890 3280 imaginem
909 3201 942 3256 et
956 3191 1000 3255 si-

36 3300 181 3366 tudinem
190 3319 259 3364 esse
273 3297 345 3373 Dei,
357 3297 420 3363 hoc
434 3296 467 3362 in
484 3295 611 3362 Christo
625 3297 702 3364 ,Iesu
717 3297 942 3387 reciperemus.

33 3409 94 3490 tuis
108 3407 195 3474 enim
209 3429 274 3474 non
289 3417 357 3471 erst
375 3403 538 3495 possibile,
556 3427 633 3470 eum
647 3405 812 3473 hominem
830 3409 886 3497 qui
902 3407 999 3475 semel

33 3543 68 3586 us
83 3519 196 3596 fueret,
213 3517 246 3584 et
267 3516 361 3584 elisus
383 3541 442 3608 per
461 3516 723 3595 inobedientium,
743 3517 947 3608 replasmare,
970 3533 1001 3586 ot

35 3653 111 3698 nero
125 3629 271 3695 brorium
285 3627 444 3699 rictoriaer
457 3626 574 3692 iterum
588 3629 696 3693 sutem
711 3628 906 3717 impossibile
918 3641 999 3707 erut,

33 3739 155 3807 salutem
172 3738 349 3827 perciperet
363 3735 418 3825 qui
433 3737 492 3802 sub
508 3745 641 3825 pecusto
656 3737 816 3805 ceciderat
832 3759 841 3802 s
867 3752 999 3828 utroque
