2516 4636
349 295 472 342 cerrus
496 295 646 342 nameus.
952 271 1015 350 545

14 405 125 474 tissime
139 427 215 496 ergo
232 407 312 476 sciat
329 406 432 474 omnis
444 404 558 472 domus
571 401 681 481 lsrael,
698 403 852 491 quoniam
866 413 898 468 et
911 399 1020 468 Domi·

14 538 89 582 uum
99 539 185 594 eum,
197 527 231 582 et
244 514 408 582 Christum
423 514 509 584 Deus
523 513 598 582 feeit
610 513 698 590 hune
712 512 838 589 desum,
855 533 953 600 quem
963 533 1019 575 vos

14 623 210 690 crucifixistis
231 621 261 690 ¹.
277 652 290 688 ι
307 622 390 689 Cum
402 619 551 694 dixissent
567 621 662 711 igitur
675 621 777 687 turhm
791 641 827 686 ιι
845 618 933 699 Quid
943 640 1022 708 ergo
1072 603 1076 618 ¹

13 731 180 799 iaciemus?
194 732 328 800 »Petrus
340 731 382 796 ad
396 754 450 798 eos
461 731 505 796 uit
518 754 527 796 s
541 729 785 798 «Paenitentiam
794 729 890 820 agite,
899 729 1020 816 ethap-

13 842 125 908 tizetur
137 842 353 930 unusquisque
369 853 510 908 vestrum
521 841 554 908 in
566 840 695 908 nemine
706 840 796 916 «lesu,
814 839 847 905 in
862 837 1019 905 remissio-

13 973 84 1016 nem
95 962 313 1040 peccatorum,
326 963 359 1016 at
373 950 535 1041 accipietis
551 949 675 1016 donum
684 947 819 1038 Spiritus
831 948 932 1016 sancti
945 946 977 1013 ².
996 975 1011 1010 ι

13 1061 37 1126 {c
56 1083 119 1130 nou
140 1059 239 1128 elium
257 1061 374 1138 Deum,
397 1083 458 1130 nee
478 1059 573 1128 aliam
592 1057 828 1128 plenitudinem
846 1057 1019 1126 annuutia-

13 1183 60 1236 rnt
81 1169 238 1260 Apostoli3
260 1193 322 1240 nee
339 1170 475 1238 alterum
496 1170 626 1260 quidem
648 1191 777 1259 passum
794 1181 827 1234 et
849 1189 1019 1258 resurgen-

13 1301 47 1344 m
65 1277 239 1356 Christum,
265 1277 401 1350 alterum
420 1301 497 1346 vore
514 1279 568 1368 qui
589 1299 717 1344 sursum
736 1275 887 1343 volaverit
905 1286 938 1342 et
956 1275 1020 1342 im-

13 1386 136 1456 rssihilis
164 1389 439 1479 perseveraverit:
468 1388 524 1456 sed
551 1410 654 1454 unum
675 1399 709 1454 et
735 1384 886 1452 eumdem
916 1383 1022 1451 Deum

13 1509 119 1576 utrem,
137 1509 170 1564 et
192 1497 355 1564 Christum
369 1497 493 1574 desum,
509 1497 564 1586 qui
586 1519 605 1562 a
625 1495 761 1562 mortuis
782 1493 954 1560 resurrexit
960 1517 970 1568 ;
988 1505 1022 1559 et

13 1630 53 1672 rm
71 1631 140 1696 quse
158 1607 191 1674 iu
207 1629 283 1674 eum
299 1618 348 1674 est
363 1607 711 1674 fidem-annuntiabunt
730 1604 780 1671 his
794 1603 850 1692 qui
867 1625 932 1670 non
949 1625 1022 1671 cre-

13 1716 101 1783 shant
119 1717 151 1783 in
166 1715 284 1784 Filium
303 1715 377 1794 Deir
397 1727 430 1784 et
444 1739 484 1784 ea
498 1715 665 1806 Prophetis
684 1713 937 1782 cohortabantur
952 1735 1020 1788 eos,

13 1826 133 1892 ioniam
163 1848 239 1893 eum
264 1845 361 1913 quem
383 1826 529 1916 promisit
554 1849 588 1892 se
610 1825 696 1892 Deus
717 1823 889 1890 missurum
910 1813 1022 1890 Chris‘-

13 1959 65 2011 ιω,
93 1934 178 2025 misjt
204 1933 328 2014 lesum,
350 1959 447 2026 quem
467 1936 526 2026 ipsi
550 1934 795 2010 erucifixerunt,
819 1955 916 2024 quem
934 1933 1021 2001 Deus

13 2044 142 2112 scitaris.

24 2151 148 2220 Rursus
169 2175 246 2220 eum
261 2152 376 2222 Petrus
392 2152 486 2223 simul
504 2177 580 2224 eum
595 2152 720 2222 Jeauue
731 2153 859 2240 vidisset
874 2175 950 2219 eum
966 2152 1021 2241 qui

13 2261 180 2330 nativitate
197 2259 332 2330 claudus
350 2275 432 2340 erat,
452 2275 526 2330 ente
541 2273 669 2353 portum
682 2259 807 2351 Templi
822 2285 892 2352 quse
904 2261 1022 2328 dicitur

12 2372 135 2460 peciose
159 2372 324 2439 sedentem
346 2383 379 2440 et
400 2384 564 2462 petentem
584 2369 838 2459 eleemosynam,
863 2369 941 2437 dixit
962 2370 992 2436 ei
1010 2392 1020 2434 s

22 2479 202 2568 Argentum
220 2493 254 2546 et
275 2503 389 2548 aurum
407 2504 473 2548 non
495 2490 544 2548 est
559 2465 654 2554 mihis
672 2477 760 2568 quod
776 2490 885 2546 autem
902 2478 1023 2555 heheo,

12 2589 76 2655 hoe
96 2588 153 2655 tihi
176 2588 217 2655 do
237 2612 246 2655 τ
267 2589 305 2658 lu
318 2590 449 2658 nomine
459 2589 537 2656 lesu
551 2588 669 2657 Christi
686 2589 854 2665 Nazareni,
874 2611 969 2678 surge
989 2596 1023 2653 et

12 2699 146 2768 rmhulo.
162 2701 204 2768 Et
218 2702 325 2768 statim
339 2702 409 2792 ejus
424 2699 605 2772 confirmati
620 2713 696 2768 sunt
707 2723 831 2790 gressus
842 2709 875 2764 et
890 2697 1020 2788 plantae,

12 2819 41 2874 st
55 2807 256 2886 ambulabat,
271 2821 304 2874 et
316 2807 458 2874 introivit
473 2828 550 2875 cum
565 2806 640 2896 ipsis
657 2806 691 2872 in
705 2802 888 2893 Templum,
904 2803 1022 2870 amhu·

12 2919 76 2984 [ans
88 2929 122 2984 et
136 2916 265 2993 cahem,
276 2928 309 2982 et
323 2914 505 3005 glorificans
513 2915 619 2980 Deum
631 2913 655 2978 ⁸.
669 2941 683 2977 ι
704 2911 906 2980 Multitudine
914 2923 1022 2978 antem

12 3028 130 3092 riversu
143 3023 277 3094 collecte
290 3024 332 3090 ud
342 3047 397 3090 eos
409 3035 540 3113 propter
551 3023 749 3112 inopinatum
761 3022 893 3102 lactum,
908 3021 1022 3089 Petrus

14 3137 64 3202 xit
75 3135 122 3201 eis
138 3157 147 3198 ι
168 3132 256 3202 «viri
266 3132 428 3210 israelites,
440 3133 518 3222 quid
528 3133 688 3200 miramini
698 3133 815 3210 inhoc,
828 3143 861 3199 et
872 3155 930 3198 nos
945 3130 1024 3220 quid

11 3243 199 3321 intuemini,
211 3244 300 3332 quasi
311 3256 417 3310 nostra
429 3245 546 3310 virtute
555 3243 725 3312 fecerimus
735 3244 824 3311 hune
835 3239 1023 3309 ambulare?

12 3357 98 3423 Deus
110 3354 286 3430 Abraham,
301 3355 386 3422 Deus
398 3355 499 3432 lsoao,
512 3367 545 3422 et
559 3353 646 3423 Deus
660 3354 777 3432 Jacoh,
792 3355 878 3421 Deus
894 3364 1022 3442 petrum

12 3475 209 3542 nostrorum,
233 3462 420 3554 glorificavit
438 3463 556 3532 Filium
576 3488 684 3542 suum,
701 3487 800 3554 quem
818 3485 873 3528 ves
892 3461 1023 3552 quidem

12 3573 186 3644 ;radidistis
207 3575 240 3640 in
266 3573 441 3663 judicium,
465 3587 498 3642 et
519 3574 656 3666 negastis
679 3584 753 3641 ante
777 3571 893 3640 faeiem
915 3570 1021 3647 Pilati,

12 3709 87 3756 tum
103 3684 268 3754 remittere
282 3707 357 3750 eum
371 3683 476 3751 vellet.
495 3684 559 3752 Vos
571 3696 679 3752 autem
694 3695 842 3750 sanctum
856 3695 889 3748 et
901 3683 1022 3772 justum

12 3793 214 3886 rggravastis,
235 3806 268 3861 et
285 3793 405 3884 petistis
425 3795 528 3860 virum
551 3793 745 3861 homicidam
766 3792 877 3860 donari
902 3791 1018 3858 vohis:

12 3947 17 3979 ¹
28 3947 89 3994 Δεῖ.
105 3959 134 4004 u,
143 3941 174 3990 30
184 3951 210 3992 st
223 3937 418 4006 seqq.-²lbs'd.
430 3939 460 4004 37
469 3949 494 3990 et
504 3937 542 3990 38.
552 3965 584 3978 -
595 3940 604 3972 ⁵
617 3941 674 3990 Aer.
689 3955 727 3998 ιιι,
741 3954 763 4000 2,
775 3937 790 3986 6
801 3947 825 3988 ct
838 3951 912 4002 seqq.
