2710 4662
536 267 697 314 urrunnun.
1067 249 1124 312 reb

24 366 194 459 niani)
212 394 220 434 ε
241 371 451 436 dimittendos
471 372 591 459 putevi.
613 369 673 436 Alii
695 371 735 436 eb
759 368 864 435 indice
884 370 1047 448 nominati,
1062 395 1128 438 esse

44 497 99 538 se
118 476 341 545 Christianos
353 463 519 552 dixerunt,
529 489 562 542 et
573 499 648 542 mox
658 488 872 566 negavenmts
889 475 984 543 fuisse
996 478 1129 566 quidem,

45 583 140 648 sed
173 586 320 658 desiisse,
337 585 471 672 quidum
493 595 567 650 unte
588 583 772 656 triennium,
795 581 925 669 quidem
940 595 1014 648 ente
1032 581 1133 671 plures

53 714 215 769 annos,
232 717 300 759 non
316 715 412 758 nemo
423 691 519 758 etium
531 693 606 757 inte
618 691 725 780 viginti
738 713 882 778 quoque;
898 711 1008 755 omnes
1019 701 1052 754 et
1062 691 1136 756 ime·

62 797 213 884 ginem
224 809 315 863 tuum
326 796 528 884 Deorumque
540 793 708 860 simulacre
717 795 856 860 venerati
867 803 952 868 sunt,
965 803 998 858 et
1009 791 1135 858 Christo

68 902 349 969 maledixerunt.

151 1012 360 1081 Affirmabant
373 1025 478 1077 entem
493 1011 577 1076 benc
591 1010 686 1075 finisse
701 1031 856 1075 summum
872 1007 921 1075 vei
937 1007 1039 1097 cuipae
1055 1031 1131 1086 suae,

77 1119 154 1188 vel
168 1121 286 1188 erroris
300 1142 309 1185 ε
327 1121 413 1209 quod
428 1131 532 1188 essent
547 1117 630 1186 soliti
641 1131 728 1186 suto
742 1118 794 1184 die
808 1129 882 1184 unte
896 1116 1004 1184 lucem
1019 1141 1133 1185 conve

71 1227 180 1302 nire,
201 1248 398 1315 carmenque
422 1225 559 1300 Christo,
581 1225 671 1315 quasi
693 1225 773 1300 Deo,
794 1224 899 1290 dicere
919 1245 1032 1290 secum
1050 1225 1132 1292 invi·

71 1355 169 1400 cem
175 1357 193 1406 ;-
205 1357 302 1422 seque
317 1343 517 1400 sacramento
533 1355 599 1398 non
614 1333 648 1398 in
663 1330 765 1398 scelus
781 1319 910 1420 aliquod
921 1332 1130 1422 obstringere,

73 1441 153 1508 sed
170 1463 211 1508 ne
226 1441 323 1518 furta,
339 1462 380 1506 ne
395 1439 577 1514 iatrocinia,
592 1463 635 1508 ne
655 1438 811 1508 eduiteris
827 1439 1076 1516 committerent,
1092 1463 1134 1508 ne

77 1547 199 1614 [idem
210 1547 367 1624 fallerent,
381 1563 423 1612 ne
438 1547 622 1638 depositum
633 1545 782 1635 appellati
793 1548 997 1638 abnegarent.
1013 1547 1136 1628 Quibus

80 1655 251 1740 peractis,
268 1676 394 1720 rnorem
408 1654 469 1720 sibi
484 1653 673 1720 discedendi
688 1653 797 1729 fuisse,
813 1677 986 1744 rursusque
1005 1657 1139 1722 coeundi

90 1763 145 1826 nd
167 1761 364 1850 cupiendum
385 1761 509 1835 cibum,
531 1760 755 1848 promiscuum
772 1772 880 1830 tamen
899 1773 932 1826 et
950 1761 1137 1828 innoxium:

101 1868 203 1958 quod
215 1867 324 1954 ipsum
333 1866 439 1932 iecere
453 1866 582 1932 desiisse
593 1879 665 1956 post
675 1865 815 1934 edictum
829 1889 947 1943 meum,
959 1891 1024 1956 quo
1034 1892 1141 1938 secun-
1232 1874 1237 1885 '

109 1975 196 2042 dum
212 1975 360 2040 mandute
376 1985 428 2038 tue
444 1973 587 2042 heterius
602 1995 669 2040 esse
688 1985 857 2040 vetuerum.
879 1975 951 2054 Quo
966 1977 1066 2066 magis
1083 1999 1139 2044 ne-

112 2083 292 2149 cessarium
306 2081 439 2156 credidi,
455 2104 492 2148 ex
513 2081 636 2152 duabus
650 2079 782 2182 ancillis,
798 2105 868 2171 quae
886 2084 1036 2152 ministrae
1051 2085 1136 2152 dioe-

103 2193 243 2264 bsntur,
261 2189 336 2276 quid
352 2199 435 2253 esset
449 2188 514 2253 veri
528 2199 561 2252 et
574 2210 634 2276 per
647 2199 802 2254 tormento
819 2211 968 2276 querere.
983 2189 1047 2256 Sed
1057 2189 1134 2257 nihii

98 2297 194 2364 eliud
210 2296 327 2372 iuveni,
344 2295 712 2385 quumsuperstitiouem
727 2319 855 2384 pravum
866 2309 899 2362 et
909 2297 1132 2364 immodicam:

99 2407 244 2492 ideoque
258 2404 352 2470 dilate
368 2403 546 2492 cognitione
560 2402 601 2468 ed
617 2402 847 2470 consulendum
858 2416 891 2470 te
902 2405 1041 2472 decurri.

149 2513 224 2580 Vise
233 2525 279 2580 est
290 2515 375 2580 enim
387 2513 464 2579 mibi
477 2537 526 2579 res
537 2513 632 2602 digne
640 2512 884 2591 consultatione,
897 2517 1034 2582 maxime
1043 2541 1139 2606 prop-

100 2637 156 2689 ter
168 2622 412 2712 periclitantium
427 2645 607 2688 numerum.
623 2623 715 2688 Multi
725 2625 812 2690 enim
823 2625 929 2690 omnis
939 2627 1052 2701 aetatis,
1067 2650 1138 2692 om-

96 2734 152 2798 nis
168 2731 303 2807 ordinis,
321 2733 484 2820 utriusque
499 2755 592 2798 serus
611 2733 706 2798 etium
727 2743 884 2797 vocentur
899 2733 933 2798 in
947 2733 1138 2822 periculum,

95 2852 134 2906 et
162 2841 369 2906 vocabuntur.
397 2840 506 2928 Neque
528 2840 616 2906 enim
641 2840 783 2906 civitates
808 2851 946 2915 tentum,
974 2842 1031 2907 sed
1054 2843 1139 2910 vicos
1220 2867 1229 2878 ·

97 2949 201 3014 etism
215 2960 310 3037 etque
333 2972 424 3038 egros
447 2949 680 3037 superstitionis
701 2948 792 3014 istius
807 2948 953 3038 contagio
972 2964 1137 3041 pervagata
1241 3017 1249 3026 ,

97 3071 153 3123 est
171 3081 263 3145 :quae
277 3059 403 3124 videtur
419 3057 485 3123 sisti
501 3069 535 3123 et
550 3058 666 3146 corrigi
682 3079 783 3145 posse.
802 3058 897 3124 Certe
913 3059 987 3125 setis
1001 3074 1136 3136 constet,

99 3189 207 3256 prope
225 3168 291 3254 jem
313 3165 451 3230 desolate
467 3164 586 3254 temple
602 3166 736 3254 ooepisse
751 3164 916 3242 celebrari,
932 3178 965 3232 et
980 3191 1068 3234 sucre
1087 3193 1134 3234 so·

100 3273 226 3346 lemnia
250 3273 306 3338 diu
327 3273 502 3338 intermisse
520 3274 637 3362 repeti,
658 3273 838 3361 passimque
856 3275 964 3340 venire
979 3275 1134 3351 victimus;

100 3405 246 3473 querum
258 3381 365 3445 adhuc
380 3381 554 3446 rarissimus
569 3394 694 3471 emptor
707 3383 935 3448 inveniebatur.
949 3385 1075 3471 Exque
1093 3385 1138 3450 ie-

104 3491 167 3558 ciie
188 3503 238 3557 est
262 3488 398 3577 opinari,
422 3513 491 3576 quae
511 3491 603 3556 turbe
623 3490 790 3556 bominum
806 3491 965 3556 emendari
984 3492 1092 3580 possit,
1113 3495 1137 3558 si

104 3603 144 3666 sit
161 3597 361 3690 poeniteutiae
378 3594 477 3661 locus.
