2636 4648
215 354 278 417 boo
536 371 649 418 essert
673 371 786 416 sesses
809 371 872 417 ur.
901 372 937 414 rr

211 493 243 546 et
256 479 476 570 dispositiones
488 481 571 569 ejus,
584 481 769 570 semetipsos
779 492 933 570 arguunt,
945 478 1033 546 sieut
1045 491 1079 544 et
1089 479 1257 567 presbyter

212 587 348 655 dicebat.
364 585 397 656 Si
408 588 494 656 onim
510 611 574 654 non
585 588 619 654 in
635 589 739 679 typica
753 587 952 677 profectione
965 587 1032 654 boc
1043 587 1254 653 consensisset

211 698 309 774 Deus,
322 697 416 765 bodie
430 697 462 763 in
477 719 549 763 vers
560 708 670 764 nostra
681 696 891 788 profectione,
900 697 935 762 id
945 709 1009 772 est,
1022 697 1058 762 in
1070 695 1141 762 fide
1153 697 1187 762 in
1199 719 1252 784 qos

201 811 323 876 'sumus
339 808 514 884 constituti,
531 831 702 900 perquem
717 809 756 875 de
775 831 911 874 numero
927 806 1105 898 gentilium
1123 809 1253 898 exempti

211 940 332 993 sumus,
347 940 442 984 nomo
457 927 583 1006 poteret
594 915 718 983 salvari.
734 916 855 984 Omnes
865 917 953 984 enim
964 939 1027 984 nos
1042 929 1105 982 sut
1116 917 1251 988 modies.

209 1043 263 1095 sut
278 1027 405 1120 grandis
420 1028 565 1117 sequitur
580 1028 749 1119 possessio,
765 1051 863 1118 quem
877 1051 917 1094 ex
932 1049 1127 1095 mammone
1143 1027 1254 1116 iniqui·

207 1140 279 1212 tetis
294 1138 529 1228 acquisivimus.
546 1139 636 1210 Unde
650 1140 737 1206 enim
750 1140 863 1208 domus
879 1139 911 1206 in
922 1140 1043 1228 quibus
1057 1137 1252 1212 habitamus,

206 1264 240 1318 et
260 1249 446 1317 vestimenta
462 1249 579 1339 quibus
599 1249 778 1326 induimur,
794 1261 828 1316 et
843 1273 914 1315 vasa
931 1250 1054 1338 quibus
1070 1250 1208 1324 utimur,
1224 1262 1252 1314 et

59 1404 65 1420 ,
208 1357 327 1447 reliqua
340 1358 444 1424 omnis
455 1358 496 1424 ad
511 1359 697 1426 diuturnum
708 1359 806 1426 vitem
819 1370 961 1426 nostram
972 1360 1187 1435 ministratio,
1200 1360 1251 1424 nisi

207 1489 248 1534 ex
260 1465 311 1532 his
322 1487 407 1558 quse,
420 1487 495 1534 oum
506 1465 633 1534 Ethnici
645 1459 800 1543 essemus,
817 1467 857 1533 de
868 1467 998 1534 avaritia
1011 1468 1249 1559 acquisivimus,

207 1573 256 1642 sel
281 1576 320 1642 ab
342 1573 487 1643 Ethniois
509 1575 708 1664 parentibus,
731 1587 789 1642 sut
807 1577 963 1666 cognatis,
985 1589 1046 1642 sut
1068 1578 1197 1654 amicis,
1216 1578 1249 1643 de

207 1684 362 1775 injustitia
376 1683 614 1772 acquirentibus
628 1684 851 1775 percepimus?
865 1685 906 1751 Ut
920 1709 987 1753 non
1003 1686 1171 1764 dicemus,
1182 1688 1247 1775 quis

208 1805 242 1861 et
261 1815 349 1861 nuuc
370 1793 402 1860 in
422 1790 487 1858 lide
500 1791 669 1860 existentes
688 1792 893 1883 acquirimus.
913 1793 994 1874 Quis
1016 1795 1111 1861 enim
1135 1795 1248 1868 vendit,

208 1915 242 1974 et
263 1927 327 1972 nou
342 1901 460 1972 lucrosi
475 1899 542 1968 vult
561 1903 601 1969 ab
624 1925 663 1970 eo
685 1903 740 1992 qui
763 1903 865 1970 emit?
880 1903 961 1984 Quis
978 1916 1093 1970 sutem
1113 1906 1206 1981 emit,
1219 1916 1248 1970 et

208 2034 273 2080 non
289 2009 356 2080 vult
376 2011 495 2082 utiliter
512 2033 621 2080 secum
635 2010 685 2102 egi
705 2012 745 2079 eb
761 2035 800 2079 eo
818 2013 875 2102 qui
892 2012 1024 2080 venditi
1044 2013 1132 2095 Quis
1146 2028 1247 2081 auten

209 2122 372 2211 negotians
387 2144 452 2189 uon
472 2131 639 2212 propterea
659 2121 839 2210 negotiatur
858 2134 894 2187 ut
914 2122 989 2190 inde
1015 2121 1148 2190 aletur?
1169 2125 1249 2205 Quid

209 2243 317 2298 autem
334 2241 368 2298 et
385 2231 418 2297 bi
438 2231 492 2319 qui
514 2231 547 2298 in
569 2227 666 2320 regali
683 2227 754 2296 auls
775 2241 850 2298 sunt
869 2229 993 2306 fideles,
1015 2254 1128 2300 nonne
1149 2257 1192 2300 ex
1208 2233 1247 2299 eis

208 2365 279 2430 quse
295 2340 426 2408 cesaris
445 2350 521 2408 sunt
535 2340 656 2408 babent
670 2339 829 2419 utensilia,
850 2341 947 2408 ethis
967 2341 1024 2429 qui
1043 2365 1113 2410 uon
1134 2343 1247 2410 babent

206 2451 422 2540 unusquisque
443 2473 557 2518 eorum
578 2451 756 2520 secundum
771 2452 921 2518 virtutem
935 2452 1095 2540 prestat?
1108 2451 1244 2543 AEgyptii

205 2560 314 2655 populi
330 2573 421 2630 erent
436 2562 596 2631 debitores
611 2586 677 2630 uon
694 2562 797 2631 solum
812 2585 936 2639 rerum,
956 2562 1014 2630 sed
1029 2575 1065 2628 et
1081 2563 1158 2630 vite
1175 2589 1246 2639 sue,

204 2687 337 2765 propter
360 2672 552 2742 Petriarohe
575 2670 696 2762 Josopb
726 2672 960 2762 precedentem
990 2672 1242 2763 benignitatem:

204 2784 297 2852 nobis
313 2795 421 2850 eutem
437 2782 617 2849 secundum
632 2780 709 2870 quid
724 2781 886 2850 debitores
901 2792 975 2848 sunt
988 2782 1169 2860 Etbuici,o
1185 2785 1246 2873 qui·

57 2891 67 2906 ’
202 2894 263 2960 bus
278 2904 311 2958 et
322 2888 410 2959 lucre
424 2902 459 2957 et
472 2887 623 2956 utilitates
641 2890 862 2980 percipimus?
877 2913 1094 2982 quecumque
1113 2891 1159 2959 illi
1176 2915 1244 2961 cnm

203 3001 313 3070 labore
330 3011 530 3091 comparant,
549 2999 598 3068 his
612 3024 683 3078 nos,
703 3001 735 3068 in
750 2999 814 3069 fide
831 3002 1034 3079 sumsimus,
1051 3003 1125 3070 sine
1140 3003 1243 3072 lsbors

204 3113 336 3180 utimur.

249 3223 289 3290 ll.
302 3221 351 3290 st
359 3221 423 3290 boc
434 3220 571 3313 populus
582 3222 754 3312 pessimum
764 3223 952 3290 servitutem
959 3224 1122 3292 serviebat
1131 3221 1241 3314 AEgyp

204 3334 268 3410 tiis,
286 3331 556 3423 quemadmodum
568 3329 733 3422 Scriptura
748 3333 792 3398 sit
807 3354 815 3398 ε
833 3359 847 3393 s
861 3333 902 3398 Et
917 3353 993 3399 oum
1008 3331 1040 3398 si
1055 3343 1240 3421 potestaten

206 3441 424 3510 »exercebant
434 3438 578 3530 AEgypsii·
590 3438 624 3506 in
638 3437 720 3506 filios
735 3436 845 3516 Israel,
861 3452 894 3506 et
908 3440 942 3507 in
953 3440 1065 3508 odium
1080 3442 1130 3508 eis
1144 3441 1242 3508 sddu·

204 3581 219 3618 s
235 3555 352 3620 cebant
366 3552 462 3618 vitem
477 3551 510 3618 in
522 3550 673 3640 operibus
689 3549 790 3628 duris,
802 3548 870 3618 luto
882 3549 1039 3628 etlatese,
1051 3564 1087 3618 et
1098 3553 1241 3620 omnibus

205 3662 380 3753 »operibus
399 3683 471 3752 que
490 3661 650 3730 iaciebant
664 3661 697 3728 in
712 3662 846 3749 campis,
861 3683 921 3752 per
933 3663 1042 3730 omnia
1058 3685 1160 3753 opera
1174 3663 1240 3754 qui·

206 3801 220 3838 s
235 3774 295 3840 bus
309 3793 364 3838 eos
379 3769 601 3860 deprimebant
615 3791 690 3836 cum
704 3771 734 3836 si
750 3768 761 3804 ¹
784 3794 793 3836 :
810 3799 823 3832 ι
838 3782 872 3838 ot
885 3769 1130 3840 edificaverunt
1144 3773 1191 3838 eis
1205 3772 1239 3838 ci

206 3884 316 3952 sitates
339 3881 489 3958 munitos,
517 3879 655 3948 multum
676 3879 868 3959 laborantes,
891 3893 924 3950 et
947 3894 1104 3974 sugentes
1131 3903 1237 3950 eorum

239 4012 342 4074 ¹Exod‚
355 4029 373 4073 s,
387 4011 425 4074 13,
439 4009 478 4068 sl.
