2688 4626
476 245 628 290 uronocnl
652 246 756 290 rurus.
910 297 913 302 ,
1069 225 1128 288 225

103 379 116 412 ι
128 347 267 417 eunuchi
281 371 290 413 ε
309 359 384 416 sunt
397 349 453 437 qui
469 350 586 437 seipsos
601 349 766 416 eunuchos
780 329 926 415 lecerunt
939 361 1069 438 propter
1080 363 1132 414 re-

103 479 226 544 sgnum
237 453 403 524 coelorum.
418 453 486 521 Sed
496 477 561 521 non
572 477 685 522 omnes
696 455 760 520 hoo
773 453 936 543 copiunt¹.
950 483 964 518 s
978 455 1134 534 Quemad-

102 566 237 636 modum
251 565 350 632 etism
365 563 387 629 ii
401 564 458 652 qui
474 585 515 629 ex
530 562 753 652 legelsumonn
768 561 886 652 duplex
899 564 1135 631 matrimonium

102 671 230 747 ineunt,
245 671 290 737 ita
305 671 405 759 etqui
416 666 583 736 mulierem
599 669 777 758 adspiciunt
790 669 832 734 nd
847 670 1136 759 concupiscendum

102 801 191 853 enm,
206 789 391 866 peccatores
407 787 481 844 sunt
494 775 579 865 opud
596 777 783 865 magistrum
798 789 953 843 nostrum.
969 777 1039 843 Non
1049 779 1137 844 enim

104 888 133 951 is
148 885 253 954 solum
267 888 307 952 sl>
323 909 361 952 eo
376 885 503 974 ejicitur
513 885 566 974 qui
578 904 613 950 re
629 896 662 950 et
680 897 753 952 notu
768 884 960 962 moeclsstur,
972 887 1029 954 sed
1040 887 1136 953 etism

104 994 162 1080 qui
179 993 331 1060 moechsri
348 991 430 1064 vult:
452 994 568 1082 quippe
583 1015 659 1060 cum
674 992 742 1060 Deo
765 1015 830 1060 nou
844 991 925 1060 facts
947 992 1063 1070 solum,
1079 994 1135 1060 sed

103 1101 202 1168 etism
223 1100 358 1187 cogitate
377 1112 516 1189 pateant.
536 1100 582 1167 Ac
597 1099 690 1166 multi
711 1100 839 1189 quidem
859 1114 892 1166 et
910 1099 1017 1168 multae
1035 1125 1136 1168 annos

108 1313 221 1381 imbuti
237 1326 321 1388 sunt,
338 1313 513 1401 incorrupti
528 1323 746 1401 perseverentc
765 1311 907 1401 talesque
922 1315 956 1379 in
974 1315 1062 1382 omni
1076 1315 1137 1382 ho·

107 1422 233 1488 minum
244 1444 358 1510 genere
372 1431 623 1488 monstraturum
638 1443 692 1486 me
705 1420 869 1510 proliteon
886 1421 974 1501 Quid
987 1425 1073 1490 enim
1088 1424 1138 1490 in-

110 1527 343 1599 numersbilem
363 1549 475 1596 eorum
493 1526 733 1596 multitudinem
747 1528 866 1604 dicem
884 1528 938 1616 qui
956 1550 996 1594 ex
1014 1526 1140 1596 lascivio

109 1661 179 1704 sese
199 1650 390 1727 receperunt
410 1647 507 1725 etque
527 1636 597 1705 haec
619 1635 912 1705 didiceruothon
933 1636 1020 1705 enim
1041 1638 1141 1724 justos

108 1765 215 1830 neque
230 1747 333 1809 costos
345 1742 385 1808 nd
398 1741 619 1830 poenitentium
629 1741 754 1810 vocnvn
764 1741 926 1815 Christum
945 1742 1001 1810 sed
1015 1742 1140 1832 impios,

111 1862 146 1916 et
164 1849 410 1926 incontinentes,
426 1862 459 1914 et
473 1849 616 1938 injustos.
638 1848 693 1917 Sic
713 1848 799 1916 enim
812 1849 937 1938 inquit:
958 1850 1057 1918 «Non
1071 1851 1143 1918 veui

114 1987 129 2022 s
146 1979 262 2025 socero
277 1961 391 2047 justos,
408 1959 465 2026 sed
483 1971 665 2048 peccatores
680 1958 722 2025 nd
741 1960 960 2049 penitentiam
969 1959 992 2026 ².
1011 1959 1143 2030 »Poeni-

115 2068 252 2134 tentiem
271 2089 408 2155 nomque
424 2065 544 2133 mavult
563 2090 657 2156 quem
671 2089 800 2156 poennm
820 2065 954 2134 ooelestis
973 2068 1076 2138 Peter.
1095 2068 1144 2134 De

111 2173 239 2239 cunctis
255 2185 363 2238 sutem
374 2173 733 2261 hominihus'diligendis
744 2173 787 2239 ito
799 2173 928 2241 docuit:
947 2175 1004 2241 «si
1017 2175 1143 2264 diligitis

112 2302 195 2346 »eos
211 2280 266 2368 qul
282 2303 337 2346 vos
359 2279 507 2368 diligsmt,
524 2280 600 2368 quid
623 2279 696 2346 novi
711 2279 836 2346 fecitis?
851 2282 913 2349 hoc
927 2281 1060 2350 enimet
1077 2283 1144 2349 for-

113 2417 127 2450 »
143 2388 299 2456 nicotores
310 2387 439 2454 fuciunt.
457 2386 524 2476 Ego
536 2410 611 2454 vero
622 2388 694 2454 dico
705 2387 793 2456 robis
808 2387 924 2456 :Orate
935 2411 995 2478 pro
1006 2390 1143 2458 inimicis

115 2525 129 2558 ι
144 2497 265 2577 vestris,
282 2507 313 2561 et
328 2495 449 2584 diligite
464 2497 588 2584 eosqui
604 2495 676 2562 odio
691 2519 746 2562 vos
761 2497 1023 2586 persequuntur⁸.
1042 2499 1145 2565 Bene·

115 2631 129 2664 ι
144 2603 240 2670 dicite
258 2601 520 2672 maledicentibus
536 2605 638 2680 vohis,
655 2616 688 2669 et
703 2617 791 2697 orote
805 2627 864 2694 pro
879 2603 1144 2673 calumniantibus

116 2739 128 2773 s
145 2733 200 2776 sos
210 2709 231 2774 ⁸.
252 2739 266 2772 s
284 2711 324 2778 Ut
338 2723 447 2778 sutem
462 2722 569 2780 nostre
585 2714 859 2780 communicemus
875 2735 950 2777 cum
968 2714 1145 2801 egentibus,
1170 2717 1173 2726 '

117 2818 366 2907 necquidquam
386 2817 494 2908 glorie
515 2840 610 2886 csuss
633 2819 885 2898 suciamushaec
904 2818 1002 2884 dixit:
1022 2817 1146 2886 «Omni

116 2955 130 2990 s
145 2927 265 3015 petenti
283 2926 371 2998 detes
389 2940 422 2991 et
437 2939 549 2992 mutuo
564 2949 691 2994 sumere
705 2925 865 2994 volentem
875 2948 916 2992 ne
930 2927 1143 2994 aversentur.

118 3061 132 3094 s
147 3032 182 3100 Si
198 3055 335 3122 nomque
348 3045 462 3101 mutuo
476 3033 527 3100 his
543 3034 623 3098 detis
644 3037 792 3120 equibus
808 3059 863 3100 vos
883 3047 1066 3125 recepturos
1081 3059 1148 3124 spc-

122 3139 240 3215 »rstis,
263 3140 340 3225 quid
359 3142 432 3208 novi
454 3139 577 3206 fucitis?
598 3139 718 3206 fuciunt
739 3141 802 3206 hoc
822 3151 853 3206 et
872 3141 1066 3230 publicauit
1085 3143 1148 3210 Vos

122 3255 260 3310 »sutem
285 3241 383 3308 nolite
402 3245 613 3312 thesaurizare
636 3246 725 3312 vobis
744 3247 908 3314 thesauros
927 3248 960 3314 in
980 3259 1077 3324 terre,
1094 3250 1148 3314 uhi

121 3375 258 3442 »aerugo
272 3362 305 3420 et
318 3352 400 3418 tinen
411 3352 592 3432 demolitur,
604 3368 638 3424 et
648 3355 811 3444 predones
823 3353 979 3422 ellodiunt
991 3378 999 3420 ε
1013 3355 1148 3424 sedthe

121 3495 134 3529 s
149 3463 307 3530 snus-inste
318 3461 407 3527 vobis
419 3461 581 3530 thesauros
597 3464 630 3529 in
645 3463 739 3540 coelo,
750 3465 806 3530 ubi
816 3487 920 3552 neque
931 3486 1037 3554 erugo
1047 3485 1148 3554 neque

121 3603 134 3637 s
152 3572 235 3640 tineo
249 3569 423 3638 demolitur
431 3569 452 3637 '.
473 3570 560 3650 Quid
575 3570 660 3636 enim
674 3572 803 3661 prodest
814 3572 946 3650 homini,
958 3573 984 3641 si
995 3575 1148 3644 mundum

155 3721 165 3754 ¹
176 3720 268 3774 llstllr.
278 3735 331 3779 ιιι,
344 3735 382 3770 n.
395 3747 427 3758 -
438 3717 450 3753 ¹
460 3719 552 3770 Mstsh.
565 3733 601 3782 rx,
616 3721 654 3770 13.
668 3717 719 3758 -3
729 3719 821 3771 ttstus.
833 3737 857 3783 v,
867 3721 909 3782 46.
919 3749 950 3763 -
961 3722 1043 3776 lInce.
1054 3739 1089 3784 vr,
1104 3711 1142 3774 28'.

123 3805 173 3848 -l
186 3805 246 3858 Luc.
259 3807 343 3868 undo.
354 3833 387 3848 -·
396 3807 406 3842 θ
416 3808 480 3858 Luc.
493 3821 528 3868 rs,
538 3805 579 3866 ³l·
596 3833 627 3848 ·-
639 3803 749 3859 ⁷ttsun
762 3823 798 3870 rs,
808 3821 845 3873 ¹9·
