2636 4648
195 321 256 398 544
514 341 625 383 sanem
650 339 763 383 ruerant
787 341 848 384 um.
878 342 911 382 rr

194 471 271 512 num
288 445 518 522 infirmitatem,
532 459 563 512 et
578 469 648 533 quae
664 463 798 514 ventura
814 461 921 514 essent
931 471 973 513 ex
989 471 1028 514 oa
1037 471 1047 521 ;
1063 449 1234 515 seeundum

193 569 301 622 autem
313 555 515 623 dilectionem
527 567 560 620 et
572 556 721 623 virtutem
734 557 839 623 nocet
851 557 944 624 sootae
957 570 1087 624 naturae
1100 559 1235 624 sunum

194 667 280 730 tiam.
308 664 501 753 Oportuerat
524 674 632 728 autem
660 665 765 752 primo
791 679 942 731 naturam
970 691 1147 756 apparere,
1173 683 1234 756 post

194 773 309 840 deinde
322 773 404 862 vinci
416 783 448 838 ει
460 771 587 839 absorbi
597 771 732 838 mortale
743 775 784 839 al)
796 775 1056 852 immortalitate,
1068 789 1103 841 et
1114 799 1235 866 oon-up

196 879 282 950 tibile
308 885 347 949 ab
372 880 690 970 incorruptibilitate,
718 894 750 948 ει
773 881 842 948 lieri
865 884 1037 951 hominem
1062 886 1234 952 secundum

195 993 364 1081 imaginem
383 1003 416 1057 et
433 989 674 1056 similitudinem
689 990 761 1066 Dei,
779 991 941 1081 agnitione
961 1007 1101 1084 aeoepta
1118 997 1235 1062 boniet

195 1101 277 1169 molt

538 1205 687 1274 CAPUT
710 1207 884 1276 XXXIX.

192 1385 302 1443 Bonum
315 1407 334 1443 α
351 1384 426 1444 malo
439 1380 612 1444 diocerncodi
617 1381 787 1465 facultatem
800 1385 908 1444 lromr'ru‘
920 1386 1041 1446 roduam
1053 1408 1129 1458 esse,
1143 1394 1174 1444 ut
1184 1409 1232 1444 sua

231 1484 372 1543 uoluntate
380 1498 405 1542 et
413 1483 550 1556 olecttone,
562 1483 684 1544 nulloor'
693 1499 816 1558 coactus,
831 1469 890 1544 Det
897 1487 1033 1546 mundam
1041 1502 1232 1566 peragat,quo

231 1585 266 1643 ab
279 1607 309 1642 eo
322 1583 495 1666 perficeretur,
509 1584 640 1660 malaque
651 1585 798 1646 rebellibus
805 1601 907 1662 parata
918 1609 938 1647 a
947 1610 978 1646 se
986 1601 1105 1646 ανεηαι

237 1743 262 1809 Ι.
282 1743 486 1832 Agnitionem
498 1756 605 1809 eutem
618 1744 742 1833 occepit
752 1743 850 1810 homo
862 1745 939 1810 boni
950 1757 984 1810 et
998 1741 1089 1810 mali.
1110 1743 1230 1810 Bonum

192 1865 241 1918 εει
262 1845 369 1920 autem
391 1852 522 1918 obedire
543 1853 625 1929 Deo,
650 1853 838 1919 etcredem
860 1854 904 1929 ei,
922 1864 956 1918 et
976 1852 1146 1918 custodire
1166 1855 1230 1939 ejus

194 1974 406 2052 praeoeptumr
424 1974 456 2029 et
471 1963 534 2029 hoe
552 1975 600 2028 est
616 1964 678 2028 vita
695 1963 833 2030 hominis
848 1988 856 2028 :
874 1963 1153 2052 quemadmodum
1170 1987 1230 2028 nou

195 2072 421 2148 obedireDeo.
443 2071 583 2147 malum
601 2085 635 2138 et
649 2072 712 2139 hoo
725 2084 774 2139 est
789 2096 873 2139 moro
889 2074 968 2162 ejua.
988 2073 1231 2162 Magnanimita-

193 2193 258 2250 tem
278 2182 374 2270 igitur
393 2195 563 2271 praestante
580 2181 661 2258 Deo,
677 2182 824 2272 coguovit
845 2182 943 2248 homo
961 2184 1137 2249 othonum
1154 2182 1231 2248 obe-

193 2292 332 2367 dientiae,
352 2303 385 2358 et
407 2291 528 2358 malum.
550 2293 773 2362 inobedientiae
791 2318 800 2360 τ
817 2295 863 2360 uti
878 2292 991 2361 ooulua
1006 2295 1127 2360 mentis
1144 2306 1230 2358 utro·

193 2402 965 2492 rumqueaecipieneexperimentum‚olootionem
975 2403 1230 2470 meliornmoum
1314 2455 1315 2460 1

193 2510 313 2600 judicio
324 2511 430 2587 faeiat,
448 2522 481 2576 et
492 2535 658 2600 nunquam
670 2514 773 2602 segnis
787 2535 890 2602 neque
902 2511 1068 2602 negligens
1079 2513 1230 2601 praerepti
1314 2599 1315 2610 ἵ

193 2619 249 2686 liat
263 2620 322 2686 Dei
339 2641 348 2684 τ
366 2630 399 2685 ει
414 2619 446 2685 id
467 2620 556 2708 quod
571 2619 675 2686 aufert
689 2622 728 2687 ah
749 2642 788 2686 eo
808 2623 918 2698 vitam,
936 2622 968 2686 id
983 2635 1046 2697 εει,
1065 2645 1133 2688 non
1154 2624 1231 2688 obe

108 2730 110 2734 ’
194 2729 262 2796 dire
277 2730 359 2804 Deo,
375 2730 593 2817 experimento
607 2730 732 2797 discens
747 2731 897 2819 quoniam
911 2730 1030 2798 malum
1046 2745 1111 2808 eat,
1128 2755 1230 2820 nequa

196 2851 296 2906 tentet
309 2839 439 2928 quidem
457 2837 536 2906 illud
552 2863 707 2928 unquam
728 2842 814 2929 quod
832 2854 939 2908 autem
956 2844 1229 2910 conservatorium

138 3025 139 3031 ἵ
196 2949 342 3037 vitaeejua
354 2959 414 3023 eat,
427 2949 559 3014 obedire
571 2948 652 3024 Deo,
665 2947 767 3016 soiens
777 2953 929 3037 quoniam
943 2953 1066 3018 bonum
1079 2967 1143 3029 eat,
1156 2977 1229 3021 oum

191 3060 281 3125 omni
302 3059 478 3125 intentione
500 3057 669 3149 diligenter
689 3060 857 3126 custodiat.
888 3060 1023 3151 Propter
1043 3063 1110 3129 hoo
1131 3066 1229 3130 etium

192 3167 336 3259 duplioes
350 3168 461 3234 habuit
476 3189 599 3244 sensus,
617 3191 828 3257 uirorumque
844 3172 1036 3260 agnitionem
1058 3172 1228 3249 habentes,

194 3291 230 3344 ut
242 3276 430 3346 electionem
446 3274 616 3342 meliorum
632 3299 707 3342 cum
719 3275 884 3367 disciplina
898 3280 1002 3346 saoiat.
1020 3279 1231 3370 Disciplinam

192 3386 383 3456 autemhoni
395 3386 790 3475 quemadmodumhubere
801 3389 967 3476 potuisset,
981 3390 1130 3479 ignorans
1140 3391 1231 3479 quod

192 3503 242 3564 eol
252 3497 471 3565 eontrariumiJ
487 3497 625 3565 Firmior
643 3509 691 3563 est
705 3499 792 3566 euim
813 3512 847 3564 ει
860 3499 1037 3584 indubitate
1054 3502 1227 3590 suhjaoen-

195 3607 275 3672 tium
291 3606 512 3697 apprehensio,
530 3631 626 3695 quern
646 3631 683 3674 ea
699 3631 771 3695 quae
785 3620 833 3674 εει
850 3631 889 3675 ex
903 3611 1086 3698 suspicione
1100 3613 1232 3698 conjec-

193 3729 275 3782 tura.
296 3711 575 3796 Quemadmodum
596 3716 681 3782 enim
700 3715 806 3805 lingua
820 3741 879 3806 por
894 3729 1023 3806 gustum
1038 3719 1159 3808 accipit
1172 3743 1227 3785 ex-
1314 3769 1315 3792 n

194 3827 409 3916 perimentum
418 3824 519 3892 dulcia
527 3826 679 3900 etemari,
691 3838 723 3890 et
735 3823 1070 3916 oeuluapervisiouem
1077 3828 1232 3894 disoeruit

194 3936 281 4023 qood
296 3949 343 4001 eet
358 3935 483 4025 nigrum
497 3939 536 4002 ob
552 3933 637 4012 elbo,
654 3949 686 4002 ot
705 3936 788 4004 ouria
804 3959 861 4026 per
875 3937 1018 4005 nuditum
1034 3936 1233 4006 differentias
