2684 4638
245 303 308 387 apl,
566 316 679 363 saron
702 315 817 363 russas
841 313 902 360 ata.
929 315 953 358 11

242 515 421 541 §uenturum
425 508 928 533 mmmmmmmmmusm
935 503 1280 526 muummwmm

423 661 649 764 LIBER
686 655 1070 764 SECUNDUS.

668 895 845 908 Μ

632 1035 881 1112 PRAEFATlO.

286 1201 323 1272 ln
335 1203 438 1293 primo
450 1199 580 1291 quidem
590 1197 685 1276 libro,
703 1199 756 1287 qui
769 1210 843 1264 ante
855 1196 1013 1270 bunoest,
1030 1203 1205 1281 arguentes
1216 1189 1279 1257 l'alsi

242 1315 379 1383 nominis
389 1312 596 1404 agnitionem,
609 1308 804 1376 ostendimus
815 1307 886 1383 tibi,
900 1301 1117 1377 dilectissime,
1131 1325 1230 1368 omne
1241 1303 1278 1366 ab

242 1427 291 1494 his
309 1423 364 1513 qui
384 1433 458 1489 sunt
477 1445 495 1486 a
512 1418 696 1494 Valentino,
712 1441 770 1507 per
789 1415 906 1483 multos
922 1426 955 1480 et
972 1413 1151 1480 contrarios
1169 1412 1279 1478 modos

243 1535 450 1602 adinventum
460 1553 528 1596 esse
539 1527 751 1616 falsiloquium
759 1551 769 1601 ς
784 1527 881 1595 etiam
892 1522 1063 1590 sententias
1074 1523 1278 1610 exposuimus

245 1667 358 1713 eorum
370 1640 424 1730 qui
436 1640 576 1730 priorese
586 1637 767 1712 astiterunt,
781 1635 996 1724 discrepantes
1007 1655 1061 1697 eos
1073 1631 1278 1722 sibimetipsis

243 1754 459 1826 ostendentes,
476 1746 577 1815 multo
593 1759 701 1813 autem
710 1745 798 1835 prius
813 1744 872 1833 ipsi
884 1742 1017 1808 veritati.
1035 1741 1076 1806 Et
1087 1741 1190 1808 blarci
1203 1765 1278 1830 que·

243 1888 306 1953 que
326 1861 409 1950 magi
429 1858 632 1932 sententiam,
651 1879 727 1923 eum
745 1855 785 1920 sit
804 1877 843 1919 ax
860 1853 922 1928 bis,
946 1874 1021 1918 oum
1040 1852 1197 1941 operibus
1214 1855 1278 1941 ejus

243 1973 332 2040 omni
343 1969 504 2059 diligentia
515 1965 717 2056 exposuimus
732 1988 740 2030 :
758 1976 790 2030 et
801 1974 917 2052 quantu
930 1985 968 2027 ax
979 1961 1156 2051 Scripturis
1167 1961 1277 2052 eligen

148 2069 153 2077 ⁸
242 2095 303 2160 tes,
323 2077 471 2166 adaptare
489 2087 646 2142 conantur
663 2072 786 2139 fictioni
801 2093 879 2148 suae,
898 2069 1066 2160 diligenter
1083 2070 1270 2138 retulimus:

243 2203 276 2258 et
290 2182 429 2278 quonam
444 2185 540 2251 modo
556 2207 613 2274 per
628 2205 790 2258 numeros,
810 2192 843 2246 et
862 2203 919 2270 per
933 2179 1043 2270 viginti
1061 2192 1205 2270 quatuor
1220 2181 1272 2245 ele·

242 2307 350 2368 menta
366 2292 538 2384 alphabeti,
557 2294 723 2360 veritatem
741 2289 899 2358 allirmare
918 2301 1079 2356 conantur
1095 2301 1131 2354 et
1149 2291 1264 2362 audeat,

243 2407 424 2498 minutatim
434 2406 655 2495 perexivimns.
669 2405 710 2470 Et
720 2402 993 2492 quemadmodum
1003 2401 1270 2469 conditionemse

244 2517 388 2586 eundum
407 2515 577 2604 imaginem
595 2510 758 2578 invisibilis
776 2512 862 2601 apud
880 2533 935 2577 eos
952 2511 1142 2578 Pleromatis
1163 2513 1277 2578 saetam

245 2629 369 2702 meunt,
385 2638 418 2691 et
433 2635 549 2714 quanta
566 2623 606 2687 de
620 2621 794 2709 Demiurgo
809 2621 950 2687 sentiunt
964 2638 1002 2686 ao
1017 2620 1147 2697 docent,
1163 2645 1280 2686 renun
1331 2637 1332 2642 ’

121 2724 127 2738 ’
244 2737 406 2804 tiavimus:
421 2745 454 2798 et
464 2730 674 2822 progenitoris
685 2729 828 2818 ipsorum
839 2728 1029 2806 doctrinam,
1044 2729 1184 2796 Simonis
1196 2733 1280 2820 magi

238 2842 447 2917 Samaritani,
464 2852 496 2906 et
511 2839 655 2906 omnium
669 2860 780 2904 eorum
804 2837 857 2926 qui
877 2849 1100 2904 successerunt
1114 2839 1158 2916 ei,
1183 2842 1282 2906 mani·

243 2953 436 3022 festavimns.
454 2949 598 3015 Diximus
613 2971 740 3039 quoque
751 2945 990 3015 multitudinem
1004 2971 1117 3014 eornm
1133 2949 1192 3039 qui
1209 2963 1282 3016 sunt

243 3067 283 3132 ab
296 3087 335 3130 eo
347 3057 507 3133 Gnostici;
520 3071 552 3124 et
565 3057 756 3124 differentias
768 3057 922 3147 ipsorum,
934 3069 967 3126 et
977 3057 1153 3136 doctrinas,
1165 3074 1203 3126 et
1213 3085 1282 3129 suc-

244 3170 401 3240 cessiones
423 3165 659 3239 annotavimus3
689 3187 821 3254 quaeque
839 3166 880 3230 ab
903 3163 948 3230 eis
969 3164 1104 3232 haereses
1128 3167 1284 3233 institutae

243 3291 329 3354 sunt,
343 3297 453 3343 omnes
464 3273 677 3363 exposuimus.
694 3275 736 3339 Et
751 3273 902 3361 quoniam
917 3285 1028 3340 omnes
1043 3273 1209 3344 aSimone
1220 3277 1284 3344 bm-

243 3388 334 3458 retiei
351 3385 438 3452 initia
451 3393 623 3459 sumentes,
640 3382 736 3471 impia
752 3393 783 3446 et
798 3380 970 3472 irreligiosa
985 3385 1133 3485 dogmata
1150 3385 1287 3454 induxe-

244 3513 320 3568 runt
331 3500 363 3564 in
374 3495 576 3570 hanovitam,
590 3493 785 3559 ostendimus
793 3517 802 3567 ς
817 3505 849 3559 et
860 3494 1110 3584 redemptionem
1122 3497 1285 3585 ipsorum,

244 3624 277 3679 et
291 3606 453 3699 quomodo
468 3605 592 3672 initiant
607 3627 661 3669 eos
677 3604 731 3693 qui
746 3601 968 3692 perficiuntur,
985 3617 1018 3670 et
1034 3605 1213 3672 adtaliones
1231 3632 1287 3673 eo

243 3740 329 3792 rum,
341 3726 373 3780 et
384 3713 532 3802 mysteria
545 3710 825 3786 manifestissimum
846 3725 878 3778 et
889 3713 962 3800 qnia
975 3737 1055 3780 unus
1066 3714 1154 3781 Dens
1165 3719 1288 3783 condi-

226 3842 307 3902 ·tor,
323 3837 355 3890 et
369 3822 442 3911 quia
459 3845 523 3888 non
538 3818 764 3910 postremitatis
776 3819 910 3899 fruetus,
927 3833 959 3888 et
974 3822 1047 3910 quia
1062 3845 1170 3913 nequa
1185 3849 1288 3915 super

243 3936 333 4005 illum
347 3955 449 4022 neque
465 3940 537 4021 post
553 3953 627 3998 eum
642 3941 690 3997 est
705 3928 832 4018 aliquid.
