2492 4632
329 349 451 393 cosras
475 348 624 393 nauseas.
927 331 991 408 415

24 439 118 530 iem,
136 443 280 522 Joannea
290 455 470 545 baptizator
485 456 652 546 significat,
666 457 775 524 dicens
787 458 827 524 de
839 458 987 526 Christo:

24 551 57 630 [e
81 587 145 630 vos
166 565 339 655 baptizabit
358 567 390 632 in
411 565 531 654 Spiritu
545 578 654 634 sancto
669 579 702 634 et
720 567 798 656 igni,
814 567 919 656 palam
934 571 993 636 hu-

28 695 57 736 ιε
75 672 112 738 in
128 695 229 740 manu
241 672 363 758 eiusad
378 673 613 740 emundandam
627 697 733 740 aream
749 699 852 752 auam,
864 689 896 742 et
911 677 994 746 fruc-

22 775 46 844 ·'a
58 782 275 872 congregabit
286 783 319 849 in
330 781 495 859 horreum,
507 781 612 873 paleas
627 796 733 852 autem
748 787 917 854 comburet
928 787 992 876 igni

21 891 237 981 Lrestinguibili
247 893 269 959 ¹.
285 893 378 960 »Non
389 893 475 960 anim
486 893 564 960 aliua
574 905 622 960 eat
632 895 687 982 qui
698 894 893 963 frumentum
904 897 991 973 lacit,

21 1000 89 1065 ‘'iua
115 999 173 1089 qui
193 1000 315 1090 paleas;
334 1003 390 1070 aed
415 1025 496 1070 unus
510 1015 543 1070 et
566 1003 664 1078 idem,
678 1015 712 1069 et
726 1003 871 1093 judicans
889 1029 939 1083 aa,
959 1006 993 1073 id

20 1115 198 1198 [separans.
218 1109 282 1178 Sed
298 1111 494 1180 frumentum
509 1110 638 1200 quidem
649 1124 682 1178 et
692 1111 801 1200 paleae,
814 1113 992 1182 inanimalia

20 1220 237 1289 «rationabilia
251 1223 430 1299 existentia,
446 1221 633 1289 naturaliter
647 1221 720 1287 talia
736 1221 923 1291 factasunt:
938 1227 993 1292 bo

22 1351 103 1396 aero
119 1329 329 1408 rationabilis,
341 1341 374 1397 et
388 1330 565 1398 secundum
580 1330 643 1397 boc
657 1329 766 1396 similis
777 1332 857 1408 Deo,
870 1331 949 1399 liber
960 1335 992 1401 in

18 1440 92 1504 -trio
107 1439 211 1506 sactna
233 1452 267 1506 et
288 1439 543 1527 sua-potestatis,
559 1440 624 1529 ipae
640 1438 700 1506 sibi
716 1451 873 1506 causaest
887 1454 923 1507 ut
940 1443 993 1510 ali-

17 1547 88 1612 fndo
112 1548 242 1634 quidem
263 1547 471 1622 frumentum,
493 1546 664 1633 aliquando
687 1561 795 1614 autem
815 1548 904 1637 palea
925 1551 989 1618 liat.

17 1668 168 1744 aproptor
182 1669 215 1722 et
233 1657 317 1744 juste
332 1655 611 1732 condemnabitur,
630 1657 780 1744 quoniam
799 1659 993 1730 rationabilis

17 1789 62 1830 ns
78 1765 186 1830 amisit
200 1787 308 1832 reram
321 1765 489 1838 rationem,
502 1775 534 1830 et
545 1763 800 1831 irrationabiliter
811 1767 930 1845 vivens,
943 1772 995 1838 ad·

15 1885 105 1939 satus
120 1883 169 1938 eat
182 1873 309 1960 justitiae
324 1872 395 1948 Dei,
412 1870 540 1937 tradens
554 1895 587 1936 so
606 1873 693 1940 omni
709 1885 836 1942 terreno
857 1879 992 1967 spiritui,

14 1981 157 2050 amnibus
169 1982 306 2048 serviens
318 1978 549 2069 voluptatibust
561 1981 830 2068 quemadmodum
837 1984 993 2077 Propheta

13 2093 54 2165 ,sa
70 2093 175 2158 llomo
189 2114 264 2157 cum
279 2093 311 2157 in
326 2091 447 2156 bonore
461 2102 555 2166 esset,
572 2113 637 2156 non
652 2089 816 2170 intellexit,
833 2119 994 2188 compara·

13 2225 43 2276 as
55 2211 104 2267 ost
118 2199 270 2289 jumentis
283 2197 515 2287 insipientibus,
528 2208 561 2265 et
572 2195 681 2265 similis
692 2198 794 2267 lactan
808 2216 856 2268 est
866 2203 926 2272 illis
934 2205 956 2272 ².
971 2236 984 2270 a

373 2413 524 2482 CAPUT
546 2411 583 2480 V.

12 2589 49 2664 *tit
66 2603 106 2664 ad
117 2618 271 2682 smceptnm
285 2619 472 2684 arguuuntum
479 2649 490 2678 ,
511 2619 535 2664 et
548 2603 662 2664 ostendit
673 2606 785 2662 unr'cum
798 2626 857 2664 esse
872 2607 964 2666 Deum
975 2631 994 2666 a

12 2683 122 2786 begeat
140 2705 285 2784 Prophetis
303 2709 510 2778 armnntaiztnm,
533 2727 613 2782 quem
633 2703 762 2763 Christus
782 2705 894 2764 Patrem
911 2730 994 2766 suum

12 2795 157 2886 'tonfitotun
171 2807 273 2882 qrtique
289 2829 340 2882 per
355 2805 480 2866 Verbum
490 2826 590 2875 suum,
604 2825 691 2861 unum
706 2823 770 2860 cum
784 2824 814 2860 eo
832 2805 927 2863 Deum
944 2809 995 2866 oi-

12 2928 88 2976 varam,
101 2919 192 2964 nobam
203 2909 231 2964 tit
242 2919 356 2980 utroque
371 2905 537 2961 Testamenta
549 2924 580 2960 se
586 2899 659 2982 fecit
671 2899 833 2960 tonantur.

16 3088 39 3152 l.
60 3083 143 3149 Unus
157 3085 253 3172 igitur
266 3093 298 3146 et
313 3081 399 3147 idem
414 3081 511 3156 Deua,
528 3078 582 3165 qui
598 3077 695 3167 plicat
709 3077 826 3145 coelum
840 3084 995 3168 quemad-

12 3194 102 3260 odum
119 3189 248 3267 librum,
272 3203 305 3257 et
326 3201 457 3258 renovat
478 3189 593 3256 faciem
606 3198 698 3254 terrae
714 3211 722 3252 ι
741 3189 795 3276 qui
811 3191 993 3279 temporalia

12 3305 48 3370 rit
68 3312 192 3390 propter
211 3300 386 3376 bominem,
410 3313 446 3365 ut
467 3311 683 3365 maturescens
705 3298 737 3362 in
760 3297 804 3362 eis
827 3297 995 3368 fructificet

12 3411 249 3488 moralitatem,
263 3423 295 3477 et
306 3409 361 3498 qui
372 3420 488 3475 aeterna
500 3407 684 3496 superducit
698 3417 827 3496 propter
841 3431 930 3474 suam
941 3411 995 3478 be

12 3523 166 3615 gnitatem,
180 3547 193 3582 a
208 3532 244 3585 ut
258 3518 404 3586 ostendat
419 3515 540 3584 saeculis
557 3515 850 3604 supervenientibus
868 3517 994 3584 inenar-

12 3632 113 3702 rabiles
123 3631 243 3698 divitias
257 3627 458 3718 benignitatis
470 3623 553 3692 suae*
570 3648 579 3688 :
593 3624 669 3710 »qui
685 3647 703 3688 a
717 3622 800 3712 Lege
811 3636 843 3689 et
853 3623 994 3715 Prophe-

12 3771 17 3812 ι
31 3743 224 3813 annuntiatus
239 3751 299 3814 eat,
315 3759 409 3827 quem
425 3734 569 3801 Christos
585 3754 678 3799 auum
693 3730 818 3797 Patrem
833 3733 994 3804 confessus

12 3895 20 3928 ¹
30 3895 111 3945 llattb.
122 3913 161 3954 ιιι,
174 3911 198 3942 ιι
211 3901 236 3942 et
245 3907 316 3956 seq.;
331 3889 392 3939 buc.
405 3907 444 3946 ιιι,
458 3885 487 3936 ι6
500 3896 525 3936 et
534 3901 589 3952 seq.
597 3882 712 3935 -21’ut
725 3901 809 3945 xsrarr,
820 3885 908 3934 att-⁸
919 3888 986 3939 Eat.

14 3981 95 4041 raud,
105 3980 163 4032 l‘sal.
175 3997 232 4042 crat,
246 3979 285 4032 bo.
299 4005 330 4016 -
341 3975 451 4041 ιΕρῑιοι.
463 3993 492 4034 ιι,
503 3991 526 4038 7.
