2492 4632
322 369 446 414 cottona
470 368 622 412 nanneto.

343 577 496 646 ‘CAPUT
517 578 596 647 Vll.

15 775 92 830 isam
114 772 267 831 orationem
289 773 396 846 moad,
414 782 439 830 et
455 769 570 830 ostendit
584 768 730 830 Atratum
745 765 879 828 metum
895 761 988 826 Veto

15 873 152 948 rnovisse
160 871 274 932 Patrem
286 885 311 931 ct
323 872 397 932 Filii
403 871 464 932 Dei
473 869 626 931 wesen.
638 871 714 930 Hine
726 863 991 930 mutwseviden-

15 995 35 1040 ra
48 971 167 1032 Christi
176 971 248 1031 diem
251 1016 262 1044 ,
272 993 329 1046 quo
337 973 477 1047 promissa
489 970 545 1030 ribi
543 967 629 1052 sacta
638 967 815 1046 αᾰίιιιρὶοιιᾶα
823 977 908 1027 armet
925 963 990 1023 Ca-

15 1071 163 1154 squidem
172 1071 365 1132 exsultationis
365 1069 484 1152 finctm
492 1069 533 1131 ad
539 1083 662 1146 poturos
663 1067 741 1150 fider
745 1067 870 1129 Abrahae
880 1085 990 1126 comer·

16 1175 180 1248 rmauwrt,
193 1170 429 1234 attudeorum
440 1171 500 1231 Dei
508 1168 634 1233 Verbum
644 1165 990 1248 rejicientemonpereenit.

42 1351 88 1417 Et
110 1347 276 1419 Abraham
290 1373 365 1441 ergo
388 1373 406 1416 a
425 1350 534 1419 Verbo
558 1371 754 1441 eognosoens
772 1347 911 1426 Patrem,
934 1347 993 1437 qui

15 1471 24 1526 t
41 1457 167 1528 ooelum
177 1473 210 1526 et
221 1473 353 1538 terram,
365 1462 453 1529 hune
467 1461 573 1528 Deum
584 1459 799 1529 confitebatur
812 1481 820 1524 ι
834 1469 867 1523 et
877 1457 994 1524 doetus

15 1570 248 1646 mentatione,
270 1569 358 1658 quod
381 1571 465 1638 inter
486 1570 631 1638 homines
650 1569 749 1637 homo
765 1551 890 1634 iuturus
909 1576 992 1633 esset

15 1703 50 1744 us
66 1678 142 1754 Dei.
165 1700 224 1767 per
238 1679 331 1767 eujus
350 1677 525 1746 adventum
543 1700 653 1745 semen
669 1678 826 1766 ejnserat
847 1673 993 1740 loturum

15 1787 41 1852 si
58 1783 161 1853 stellae
175 1785 262 1863 oceli,
277 1786 460 1877 concupivit
475 1809 548 1854 eam
564 1786 650 1853 diem
664 1787 785 1863 videre,
808 1785 855 1851 uti
873 1795 906 1850 et
925 1784 995 1874 ipsa

15 1894 226 1985 rpleeteretnr
241 1895 404 1962 Christum
421 1919 430 1961 ι
447 1907 480 1962 et
493 1918 552 1985 por
566 1895 713 1985 spiritum
730 1893 904 1984 prophetiae
921 1913 994 1959 eam

15 2028 67 2071 ens
85 2003 262 2072 exsultavit.
285 2004 419 2096 Propter
434 2004 522 2094 quod
537 2017 570 2072 et
585 2003 717 2072 Simeon
733 2027 774 2070 ex
787 2003 908 2070 semino
922 2003 993 2092 ejus

16 2110 162 2202 inplebat
175 2111 420 2203 gratulationem
434 2112 639 2190 Patriarohae‚
654 2123 687 2180 et
702 2113 828 2182 dicebat
845 2137 853 2178 ι
871 2139 885 2174 a
900 2112 994 2179 Nune

15 2222 123 2290 amittis
139 2243 268 2288 servum
281 2233 387 2298 tuum,
402 2221 552 2298 Domine,
571 2222 604 2288 in
615 2243 720 2311 paone
738 2221 889 2311 quoniam
903 2219 993 2288 vide-

15 2326 580 2417 mtoeulimeisaluuretuumquod
591 2327 707 2417 parasti
719 2326 992 2394 insacieomnium

15 2436 181 2530 opulorum
198 2462 206 2504 ι
225 2435 334 2505 lumen
349 2437 391 2504 ad
405 2436 630 2505 revelationem
640 2437 795 2528 gentium,
812 2450 845 2506 et
860 2434 993 2528 gloriam

16 2548 101 2640 opuli
115 2547 211 2618 lsrael
223 2547 245 2614 ¹.
260 2576 274 2611 ι
290 2547 332 2614 Et
342 2545 455 2637 Angeli
468 2557 575 2614 autern
587 2545 832 2636 gratulationem
843 2570 993 2636 magnam

15 2659 160 2728 ilentibus
174 2669 269 2726 nocte
279 2657 458 2748 pastoribus
472 2655 751 2725 enuntiaverunt².
769 2655 878 2722 Sedet
892 2655 990 2722 lllaria

25 2792 33 2834 ι
54 2766 253 2858 «Magnilioat
268 2765 373 2834 anima
388 2789 459 2832 mea
470 2766 658 2842 Dominum,
673 2777 707 2832 et
721 2763 887 2831 exsultavit
904 2765 992 2852 spiri-

15 2901 41 2946 ιι
58 2901 146 2945 meus
166 2877 199 2944 in
215 2877 283 2944 Deo
304 2875 433 2944 salutari
451 2897 525 2942 meo
540 2874 551 2910 ⁸
570 2897 578 2938 :
600 2872 841 2941 »descendente
862 2872 993 2962 quidem

15 2986 168 3054 tultatione
185 2983 322 3052 dhrehae
337 2983 370 3048 in
386 3005 441 3048 eos
457 2983 512 3069 qni
527 2993 668 3048 oranter
683 2981 803 3048 semine
818 2983 901 3072 ejus,
919 2983 993 3073 vigi-

15 3107 65 3162 ntes
79 3106 110 3160 et
120 3093 259 3160 videntes
278 3090 455 3168 Christum,
466 3100 499 3156 et
510 3089 676 3158 credentes
691 3091 738 3164 eis
758 3091 921 3181 reciproca
933 3115 992 3159 au-

15 3229 35 3272 n
50 3226 152 3273 rursus
169 3213 202 3269 et
220 3200 419 3291 regrediente
434 3199 642 3267 exsultatione
653 3226 672 3268 a
682 3199 754 3268 liliis
768 3202 800 3270 in
815 3201 990 3278 Abraham,

15 3313 26 3378 i
36 3325 67 3379 et
78 3309 276 3400 oonenpierat
284 3307 370 3375 diem
380 3307 533 3377 adventus
543 3308 660 3376 Christi
669 3309 786 3377 videre.
796 3311 884 3377 Bene
895 3311 991 3400 igitur

15 3423 119 3489 »minua
133 3430 239 3486 noster
252 3418 470 3486 testimonium
484 3417 639 3485 reddebat
655 3419 698 3495 oi,
714 3419 825 3486 dicens
839 3442 847 3483 τ
867 3417 996 3486 «Abrae

15 3555 73 3598 nm
92 3541 176 3620 pater
200 3539 304 3621 vester
317 3525 496 3604 exsultavit,
519 3539 554 3594 ut
574 3526 697 3594 videret
711 3526 797 3594 diem
811 3550 934 3606 meum,
958 3541 992 3595 et

15 3643 87 3717 vidit,
101 3647 131 3706 et
140 3638 262 3729 gavisus
277 3649 326 3704 est
338 3637 360 3702 ¹.
379 3665 393 3700 ι
477 3703 479 3706 ,
1029 3719 1033 3732 ι

19 3755 58 3822 ll.
83 3751 147 3820 Non
163 3749 250 3817 enim
273 3760 398 3816 tanturn
416 3761 547 3839 propter
562 3748 724 3816 Abrohom
740 3749 811 3816 hmo
824 3748 915 3825 dixit,
936 3749 992 3814 aed

33 3873 68 3927 ut
89 3858 261 3927 ostenderet
283 3856 432 3947 quoniam
451 3879 561 3924 omnes
585 3858 640 3946 qni
657 3859 698 3924 ab
720 3856 808 3924 initio
827 3856 991 3947 cognitum

15 3989 21 4026 ¹
31 3993 88 4043 luo.
99 4007 123 4051 ιι,
135 4007 161 4056 ι9
169 3999 195 4042 et
207 3985 326 4055 seqq.-¹
334 3987 396 4040 retr.
408 3986 424 4038 8
434 3996 459 4040 et
470 4003 542 4054 seqq.
548 3987 590 4027 -⁸
600 3987 663 4041 Lno.
674 4007 694 4051 1,
702 3987 935 4051 ld—lloenmu,
944 3988 985 4038 ⁵6.
