2606 4620
239 142 303 216 488
518 165 699 208 narramus«
721 165 836 208 sanari
860 167 996 210 rornrnr
1292 183 1293 240 p

240 269 421 356 conjicitur,
438 271 470 334 in
485 268 570 334 aliud
582 283 742 336 eenmen
757 284 938 337 reservata:
956 283 998 335 ut
1014 271 1177 360 pluribus
1188 273 1277 358 prela·

239 377 379 443 sionibus
405 379 583 443 adversario
609 391 769 467 superato,
789 382 927 444 tortuosi
954 379 1103 468 quidem
1127 379 1293 470 Sea-parui

236 486 535 552 condemnationem
552 500 670 553 certam
685 500 780 574 atque
799 489 1027 554 inevitabilem
1042 487 1218 562 redderet,
1235 491 1274 550 tn-
1292 487 1293 520 ¹

238 607 397 660 trassero
426 595 569 683 exemplo
590 621 647 662 sue
668 589 874 669 accenderets
897 600 1028 686 quippe
1052 623 1146 686 quae,
1170 610 1265 661 tamet-

238 697 349 785 pusilla
362 699 548 786 infirmaque
560 713 591 765 et
603 713 796 788 contempta,
807 701 925 766 Christi
939 717 1077 776 mmen,
1088 703 1202 789 magni
1213 701 1269 762 iilis·

238 805 409 892 invictique
432 804 569 881 athleta,
594 809 708 871 robore
727 807 850 881 induta,
874 820 907 872 et
925 808 1172 894 adversarium
1189 807 1269 870 multis

237 913 359 978 vicibus
375 923 563 999 superasset,
584 927 616 977 et
632 913 767 1001 glorioso
783 914 959 978 certamine
975 914 1268 980 coronam'immn·

237 1017 366 1084 talitatis
385 1031 584 1106 reportasset.
607 1019 730 1085 Attalus
749 1043 876 1108 queque
891 1020 1124 1086 vehementer
1143 1045 1163 1083 a
1178 1028 1267 1108 papate·

239 1124 415 1213 postulatus
427 1127 467 1190 ad
483 1121 686 1216 supplicium,
700 1139 808 1214 utpote
820 1127 869 1189 vir
879 1123 973 1190 valde
986 1125 1153 1200 celebris,
1168 1141 1265 1212 pantu

239 1230 281 1295 ad
302 1243 463 1296 certamen
486 1232 629 1306 accessit,
652 1225 750 1296 sectus
771 1232 966 1297 conscientia
989 1246 1095 1296 recte
1116 1232 1264 1300 hetorum

134 1353 135 1356 ’
239 1340 356 1428 quippe
377 1341 409 1404 iu
426 1340 677 1405 Christianorum
693 1339 855 1428 disciplina
872 1339 974 1404 solide
994 1343 1216 1417 exercitatus,
1229 1355 1264 1404 ta·-

238 1449 340 1533 tisque
361 1446 446 1533 apud
466 1471 523 1510 nos
544 1447 681 1511 veritatis
702 1470 826 1534 semper
847 1447 1032 1511 exstiterat.
1062 1449 1215 1535 Cumque
1230 1472 1262 1534 pu

241 1553 507 1640 amphitheatrum
533 1553 837 1626 circumduceretur,
870 1554 1090 1640 precedente
1118 1557 1219 1642 ipsum
1238 1569 1262 1618 u

240 1659 323 1726 helia
340 1661 371 1724 in
392 1682 453 1745 qna
469 1659 582 1724 Latino
597 1683 742 1724 sermone
758 1659 944 1744 inscriptum
963 1673 1017 1724 est
1042 1685 1051 1724 :
1071 1663 1143 1729 Hrc
1159 1688 1212 1728 nsr
1225 1667 1261 1727 Ar·

242 1791 338 1832 ranas
352 1766 574 1840 Cnnrsrranus,
591 1765 709 1853 populo
728 1766 877 1830 adversus
893 1765 985 1830 illum
998 1767 1261 1834 vehementius

242 1875 350 1948 citato,
371 1897 484 1961 praeses
501 1885 669 1960 postquam
688 1874 788 1937 civem
807 1871 989 1937 Romanum
1010 1898 1101 1940 eum
1121 1899 1188 1940 essa
1205 1899 1260 1940 rou

241 1983 336 2069 perit,
353 1980 462 2045 reduci
483 1979 515 2042 iu
532 1979 707 2043 custodiam
720 2001 793 2043 cum
809 1979 930 2043 caeteris
945 1979 1059 2064 jubet.
1082 1981 1166 2045 lude
1180 1981 1261 2044 litteris

242 2089 283 2152 ad
300 2088 455 2153 Caesarem
475 2087 567 2160 datis,
590 2085 629 2150 dc
646 2084 694 2149 his
709 2085 855 2148 omnihus
874 2083 929 2170 qui
950 2083 1077 2150 inclusi
1099 2089 1257 2152 tenebantur

242 2199 430 2262 sententiam
444 2198 512 2284 ejus
527 2199 739 2282 exspectabat.
816 2192 821 2204 ¹

285 2302 360 2367 XII.
378 2303 545 2368 Enimvero
560 2301 656 2389 hujus
674 2303 822 2390 temporis
837 2324 924 2366 mora
941 2325 1153 2392 nequaquan
1160 2301 1247 2368 nats

242 2434 345 2497 neque
367 2410 560 2476 infructuosa
582 2406 641 2472 illis
664 2408 723 2471 fuit
742 2431 749 2471 :
768 2408 824 2472 sed
838 2432 894 2494 per
910 2410 1061 2494 ipsorum
1083 2413 1255 2478 tolerantem

242 2519 394 2582 immensa
412 2514 528 2580 Christi
544 2514 758 2579 misericordia
774 2515 901 2578 medem
912 2514 1027 2580 illuxit.
1052 2519 1185 2607 Quippe
1194 2543 1256 2582 mor·

243 2636 296 2688 tua
312 2625 377 2710 jam
392 2622 539 2689 Ecclesiae
555 2624 712 2694 membra,
727 2621 900 2685 viventium
915 2644 976 2708 epe
991 2635 1096 2709 atque
1113 2626 1222 2690 auxilie
1233 2625 1257 2686 ci

243 2732 338 2796 vitam
354 2743 497 2796 revocata
514 2742 603 2800 suut;
623 2741 655 2793 et
670 2727 824 2813 Martyres
839 2725 1006 2815 gratificati
1023 2743 1107 2796 sunt
1125 2735 1165 2798 iis
1179 2733 1258 2821 quise

244 2840 317 2904 dem
331 2851 536 2926 negaverant3
556 2837 738 2926 ingentique
753 2835 866 2922 gaudio
882 2848 984 2901 mater
999 2823 1187 2929 eademque
1199 2844 1259 2927 ring²

243 2945 382 3012 Ecclesia
404 2944 561 3012 cumulata
581 2956 640 3018 est,
665 2965 811 3008 cameos
832 2966 911 3029 quos
931 2956 1089 3031 tanquam
1110 2953 1261 3015 exstincta

244 3056 357 3120 abortu
368 3054 516 3140 ejecerat,
530 3053 615 3118 vivos
627 3052 692 3138 jam
703 3073 741 3115 ac
753 3049 904 3137 spirantes
920 3067 1143 3137 recuperaret.
1160 3055 1262 3120 Etenim

243 3186 300 3252 per
322 3161 392 3226 illos
415 3161 624 3225 sanctissimos
647 3157 812 3244 Martyres,
834 3156 867 3220 hi
888 3157 941 3243 qui
956 3155 1056 3222 fidem
1073 3176 1263 3248 negaverant.

246 3295 352 3336 rursus
376 3271 408 3334 in
431 3280 521 3332 utero
543 3265 795 3338 delineahantur,
820 3286 927 3327 rursus
952 3264 1263 3352 concipiebantur.et

245 3379 330 3447 vitali
359 3375 463 3442 calore
488 3385 632 3461 reparato
660 3394 769 3434 rursus
792 3369 889 3434 fidem
915 3369 1061 3435 confiteri
1094 3373 1263 3440 discebant.¹

247 3507 383 3570 cumque
394 3482 459 3569 jam
471 3479 512 3543 ad
522 3479 618 3542 vitam
629 3476 780 3550 revocati,
791 3474 993 3560 roboratique
1004 3489 1128 3552 essent,
1137 3481 1220 3555 Deo,
1229 3481 1266 3567 qui

248 3615 312 3660 non
324 3589 391 3654 vult
404 3600 536 3653 mortem
548 3585 739 3674 peccatoris,
750 3583 804 3648 sed
816 3607 875 3671 pro
887 3605 942 3646 sua
954 3582 1158 3670 benignitate
1170 3589 1208 3652 ad
1220 3611 1267 3675 pa·

250 3698 413 3769 uitantiam
432 3698 535 3786 potius
556 3695 676 3767 invitat,
697 3693 855 3758 mitiorem
872 3691 916 3755 eis
931 3713 1065 3756 succum
1077 3694 1266 3761 infundente.
