2636 4648
238 274 304 360 49⁰
560 296 673 344 sarcrr
697 299 811 346 rasam
835 302 897 346 nr.
925 303 957 384 ιν

239 436 253 471 s
269 409 396 476 civitate
407 431 483 489 una,
495 437 578 482 unas
590 416 687 494 dives,
700 429 734 484 et
753 441 836 486 anus
847 440 992 511 pauper:
1006 419 1197 513 diritinmps
1253 463 1254 472 ι

240 540 322 608 »ges
342 519 451 588 ovium
473 534 505 588 et
525 524 623 591 boum
646 523 737 591 malti
758 525 861 605 valde,
879 541 915 596 et
936 531 1062 618 pauperi
1079 529 1139 596 nibil
1153 531 1199 597 rial
1254 585 1255 608 t

240 655 253 690 ι
267 627 325 693 nisi
340 627 463 697 ovierrla
480 654 555 712 ana,
573 656 671 720 quam
688 634 847 712 babebat,
864 649 899 703 et
925 639 1091 714 nutriebat,
1106 651 1133 705 et
1144 641 1201 704 laea

241 763 254 798 ι
269 756 343 803 cum
358 761 396 804 ea
410 751 529 808 etcum
546 739 619 808 liliis
630 743 701 831 ejus
716 745 854 832 pariter:
879 745 922 813 de
937 769 1020 836 pane
1036 748 1203 814 mamacas
1254 736 1255 753 ¹

243 871 256 906 a
270 845 338 921 bat,
360 855 393 913 et
409 845 448 912 de
468 845 569 916 calice
587 850 731 928 bibebat.
749 861 783 918 ot
801 866 870 920 erat
884 854 916 920 ei
932 855 1025 943 quasi
1041 854 1107 920 lilia.
1117 858 1150 922 lit
1160 859 1207 921 aa

240 982 253 1014 ι
269 953 381 1042 hospes
392 953 513 1023 homini
525 956 627 1035 diviti,
640 970 673 1025 et
682 961 826 1050 pepercit
838 962 991 1051 accipere
1006 962 1045 1029 de
1060 985 1138 1054 grege
1148 965 1208 1031 oriar

240 1059 370 1127 »laram
389 1085 532 1140 suarum,
554 1077 587 1132 et
606 1065 646 1131 tle
663 1068 811 1157 gregibus
828 1069 930 1136 boum
952 1091 1094 1146 suorum,
1111 1083 1137 1136 et
1151 1071 1211 1136 ἱιιαι

241 1198 253 1232 ι
268 1169 402 1259 hospiti:
417 1183 451 1238 et
461 1173 585 1263 accepit
595 1173 752 1243 oviculam
763 1176 821 1244 riri
832 1178 999 1268 pauperis,
1011 1191 1044 1246 et
1053 1179 1212 1268 appositrit

242 1280 321 1368 aqui
336 1292 467 1347 venerat
485 1281 527 1348 ad
544 1305 628 1349 eum.
644 1283 747 1350 lratns
762 1297 937 1352 astantem
951 1286 1214 1376 Daridsaparban

241 1419 253 1452 ι
270 1413 343 1458 nem
356 1389 446 1458 illum
457 1390 560 1469 valde,
573 1406 606 1460 et
617 1393 695 1460 dixit
706 1395 747 1460 ad
762 1394 910 1463 Nathan:
925 1394 1015 1464 Vivit
1025 1395 1214 1483 Dominmqn

241 1528 253 1561 s
269 1499 354 1566 niam
365 1497 448 1566 lilius
459 1501 571 1568 mortis
585 1514 634 1581 est
647 1501 744 1570 bomo
756 1499 873 1592 illequi
885 1501 1042 1571 fecithoc
1054 1525 1063 1568 ε
1076 1501 1214 1570 etoriaaln

242 1639 254 1672 s
271 1608 382 1676 reddet
398 1606 610 1698 quadruplum
622 1631 680 1698 pro
695 1632 735 1676 eo
751 1610 837 1699 quod
851 1610 928 1678 lecit
943 1611 1067 1679 lactum
1080 1612 1173 1686 boeot
1184 1633 1216 1698 pa

242 1743 308 1786 seo
329 1718 416 1806 quod
432 1741 497 1785 non
518 1720 661 1810 pepercit
680 1721 823 1810 pauperi.
842 1722 882 1787 Et
899 1721 948 1787 ait
969 1721 1012 1793 ad
1033 1745 1104 1788 enm
1120 1719 1215 1787 Nathan:

244 1857 257 1892 s
273 1826 323 1892 Tu
338 1850 372 1892 es
390 1825 439 1893 vir
454 1826 508 1916 qui
519 1825 620 1894 fecisti
633 1825 714 1894 hoc¹
730 1850 766 1892 :a
783 1839 817 1892 et
830 1827 985 1918 deinceps
1005 1827 1119 1916 reliqna
1130 1827 1218 1912 exaqr‘·

243 1950 309 2013 tar,
324 1937 518 2025 exprobrans
536 1957 624 2011 eum,
636 1947 670 2002 et
684 1956 875 2001 enumerans
890 1935 923 2001 in
940 1959 1023 2004 eum
1037 1935 1093 2002 Dei
1106 1931 1217 2008 bantlit‘a¹

244 2059 277 2112 ot
300 2045 451 2135 quoniam
469 2027 670 2114 exacerbavit
683 2043 857 2112 Dominam
872 2067 950 2112 cum
968 2045 1095 2112 fecisset
1109 2045 1170 2118 boet
1182 2064 1219 2107 aar

242 2153 329 2218 enim
349 2150 476 2240 placere
495 2149 563 2218 Deo
582 2149 765 2240 hujusmodi
782 2152 1020 2242 operationem,
1041 2153 1095 2220 aed
1114 2151 1220 2218 nan
1267 2173 1268 2252 p

242 2283 338 2350 gaam
349 2260 516 2328 imminere
530 2259 640 2326 domui
656 2259 736 2348 ejus.
752 2258 976 2349 compunctus
991 2273 1041 2328 est
1054 2271 1148 2326 antem
1159 2255 1221 2324 baril

244 2370 285 2436 ad
306 2369 388 2447 baec,
407 2381 439 2438 ot
458 2369 503 2434 ait
519 2392 553 2434 :a
569 2367 702 2436 Peccari
719 2368 902 2446 Dominass
921 2381 954 2438 et
971 2369 1129 2438 Psalmnm
1142 2389 1221 2434 enno

243 2477 385 2570 logaseos
399 2489 471 2569 post
491 2475 658 2566 psallebat,
682 2477 860 2544 adrentum
875 2478 1008 2546 Domini
1032 2471 1223 2560 sasanem‚q='

243 2589 344 2663 abluit
354 2600 387 2657 et
397 2587 549 2656 emundat
560 2609 635 2654 eam
646 2586 809 2654 bominem
820 2587 875 2676 qui
886 2598 1023 2676 peccato
1030 2588 1130 2654 luerat
1138 2583 1225 2652 mano

244 2713 306 2766 tas.
323 2696 475 2766 Similiter
492 2708 598 2764 autem
611 2707 645 2761 ct
655 2694 697 2763 de
712 2693 894 2772 Salomone,
907 2718 984 2763 oum
1000 2691 1225 2786 perseverantia-

205 2821 207 2828 ’
244 2810 350 2877 dicare
361 2819 461 2885 recte,
473 2820 506 2874 et
525 2807 711 2897 sapientiam
724 2828 885 2882 enarrare.
901 2818 934 2874 et
950 2819 1068 2897 typum
1082 2806 1141 2875 reri
1155 2797 1226 2890 teupi

243 2917 433 2995 aedifiabaa,
448 2929 483 2984 at
495 2915 609 3006 glorias
623 2915 801 3006 exponebat
811 2914 883 2992 nei,
895 2926 928 2982 ot
942 2915 1225 3004 adventaranpaao

244 3027 390 3119 gentibus
412 3026 634 3103 annuntiabat,
652 3037 684 3092 et
699 3025 817 3094 Christi
836 3049 971 3116 ragnum
988 3026 1227 3118 praefigurabant

243 3136 431 3227 loquebatur
445 3137 505 3202 tria
525 3133 622 3204 millia
645 3134 868 3225 parabolarum
888 3135 922 3204 ia
939 3136 1112 3204 adrentum
1128 3130 1226 3202 noant

244 3259 276 3315 et
286 3247 425 3336 quinque
436 3243 533 3312 millia
544 3245 756 3322 canticorum,
773 3245 929 3335 hymnum
942 3247 1053 3316 dicens
1067 3248 1141 3322 Deo.
1151 3257 1227 3310 aar

243 3381 314 3447 quae
328 3369 378 3422 est
390 3355 424 3423 in
439 3354 620 3422 conditione
641 3355 827 3445 sapientiam
844 3355 903 3421 Dei
918 3359 1096 3446 exponebat
1108 3349 1228 3446 physiolt

243 3467 313 3555 gice
328 3465 468 3532 exomni
482 3463 676 3554 ligna,etde
692 3463 778 3532 omni
793 3464 905 3541 barba,
921 3466 1005 3532 etde
1020 3463 1180 3532 volatilibus
1188 3479 1230 3525 oa

244 3577 351 3651 nibus,
374 3587 407 3642 et
428 3576 468 3642 de
489 3573 761 3665 quadrupedibus,
776 3587 809 3642 et
824 3573 864 3642 de
886 3575 1045 3665 piscibass
1062 3588 1094 3642 et
1114 3573 1227 3642 tiano

251 3711 266 3746 ι
283 3683 318 3750 si
333 3707 405 3750 vere
419 3684 517 3760 Deus,
533 3705 630 3771 qoem
644 3681 715 3750 oali
731 3705 795 3750 non
811 3684 955 3773 capiant,
972 3708 1067 3775 saper
1081 3695 1182 3751 terram
1191 3677 1228 3743 lt·

226 3777 389 3862 'sbitabit
410 3815 485 3862 cnm
508 3791 733 3862 hominibus²i
755 3805 815 3858 »et
836 3791 984 3883 placebat
1006 3796 1084 3872 Deo,
1107 3805 1136 3862 et
1153 3807 1230 3859 anna

280 3922 290 3959 ¹
301 3940 313 3972 2
326 3923 386 3990 [teg.
398 3939 444 3984 xa,
457 3939 471 3978 ι,
478 3932 503 3976 ct
513 3939 585 3990 seqq.
598 3951 628 3963 —
638 3922 649 3958 ²
659 3925 673 3973 3
683 3924 743 3991 Rep.
756 3941 810 3986 ran,
823 3941 861 3989 ²7·
