2772 4620
273 195 336 262 sto
570 223 684 268 ssscrr
707 223 828 268 rosrrsr
853 223 1004 268 mrrrrus

271 326 387 402 viduis,
417 325 507 394 otiis
529 329 583 416 qui
606 328 719 398 seloh
746 332 897 396 morbum
918 329 967 396 vel
989 328 1084 396 elium
1109 327 1156 394 oh
1183 349 1328 394 cauum

268 447 377 526 agent,
397 447 467 502 tum
481 436 579 504 etiam
596 437 634 504 iis
649 437 704 527 qui
723 439 757 504 in
772 435 907 507 vineniis
925 449 1000 504 sunt
1014 449 1048 502 et
1062 435 1328 502 advenientibus

269 567 402 636 peregre
422 545 616 634 hospitibus3
641 570 704 612 uno
726 549 825 615 verbo
846 547 991 614 omnium
1012 545 1236 634 indigentium
1262 567 1324 609 eu-

269 679 338 724 ram
360 657 500 746 suscipit.
525 657 585 724 Die
605 669 714 724 autem
735 657 810 724 solis
833 681 944 724 omnes
966 654 1059 723 simui
1083 654 1322 724 convenimus.

178 789 183 796 ·
270 780 339 832 tum
364 766 437 853 quia
462 767 564 854 prima
587 767 659 834 lraeo
682 767 749 834 dies
769 778 829 843 est,
855 789 916 855 qua
938 766 1037 840 Deru,
1062 789 1143 831 oum
1165 766 1318 830 mnebras

270 887 304 940 et
325 875 491 940 materiam
513 875 671 952 vertisrm,
694 875 852 942 mundum
873 875 1005 950 crearit,
1028 886 1099 938 tum
1124 874 1202 962 quia
1224 873 1319 936 Jesru

273 983 419 1050 Christus
448 982 585 1052 salvator
618 997 726 1052 noster
753 985 866 1052 eadem
894 985 946 1050 die
974 1009 1012 1050 ex
1038 983 1179 1049 mortuis
1209 1005 1318 1047 resur-

272 1093 363 1158 rexit.
386 1091 492 1158 Pridie
505 1093 592 1159 enim
607 1092 736 1160 Saturni
751 1115 827 1158 eum
845 1092 1089 1166 crucifixerrmt‚
1109 1103 1145 1156 et
1160 1089 1317 1178 postridie
1362 1103 1365 1218 p

271 1201 418 1290 ejusdem
440 1201 516 1277 diei,
536 1191 569 1267 id
589 1215 650 1278 est,
671 1200 814 1268 solis·die
835 1200 993 1290 Apostolis
1011 1200 1077 1266 suis
1095 1211 1131 1264 et
1151 1196 1315 1286 discipulis

273 1311 358 1376 viam
388 1331 426 1376 ea
456 1310 566 1407 docuit
594 1335 665 1400 qum
691 1311 780 1378 vohis
803 1333 929 1400 quoquo
951 1309 1183 1376 considerando
1212 1307 1312 1372 tradi·
1363 1315 1365 1378 i

273 1419 388 1486 dimus.

318 1527 463 1596 nxvru.
485 1529 590 1617 uque
610 1531 681 1597 ιω
699 1531 829 1619 quidem
849 1529 874 1595 s
894 1501 982 1595 voni
1002 1526 1120 1592 mironi
1139 1538 1173 1591 n
1189 1526 1307 1590 vesun

275 1649 487 1705 consentanea
508 1639 668 1730 videntur,
690 1641 724 1704 in
743 1639 846 1728 pretio
865 1637 1002 1704 habete:
1023 1638 1073 1704 sin
1093 1649 1203 1702 autem
1220 1657 1303 1723 nugat

276 1748 366 1814 vobis
380 1747 539 1826 videntur,
556 1761 591 1814 ut
606 1772 706 1837 nugas
722 1747 928 1822 contemnite,
941 1749 1015 1822 neo,
1028 1759 1064 1810 ut
1079 1743 1230 1810 adversus
1238 1743 1302 1808 hos

276 1865 337 1931 tes,
353 1857 396 1921 ita
411 1858 561 1924 adversus
576 1858 721 1924 homines
737 1857 893 1924 innocuos
907 1867 1046 1922 mortem
1057 1853 1231 1920 donemite.
1243 1849 1303 1916 iu-
1365 1917 1366 1940 χ

277 1965 325 2032 bis
344 1967 431 2033 enim
449 1968 651 2057 praedicimus
671 1991 726 2036 ros
745 1968 804 2034 Dei
819 1966 977 2056 judicium
995 1985 1063 2030 non
1081 1963 1266 2038 evitatura,
1285 1961 1305 2024 si

277 2075 311 2140 in
337 2075 503 2164 injustitia·
516 2079 744 2166 permaneatis;
771 2101 810 2144 oo
831 2100 889 2143 nos
911 2073 1193 2142 exciamrhimus:
1219 2070 1304 2150 Quod

276 2185 346 2254 Deo
361 2184 477 2272 pluoet,
493 2189 526 2254 id
541 2187 608 2252 fist.
627 2190 667 2254 Et
682 2209 756 2255 oum
772 2210 811 2252 ea
825 2181 957 2275 epistola
971 2184 1104 2252 maximi
1120 2194 1154 2248 ot
1168 2180 1301 2246 illustris·

278 2293 349 2360 simi
376 2295 508 2362 Censoris
531 2297 676 2373 Adriani,
699 2297 838 2385 parentis
863 2294 972 2369 vestri,
996 2291 1159 2382 postulare
1184 2287 1296 2355 :robis

279 2425 455 2489 possemus,
475 2416 510 2470 ut
525 2406 657 2493 judicia,
679 2405 949 2495 quemadmodum
965 2403 1158 2492 rogavimus,
1176 2398 1241 2464 fieri
1253 2398 1300 2483 iu·

279 2512 397 2586 beatiss
414 2535 480 2580 non
491 2526 599 2582 tamen
613 2519 713 2607 magis
728 2519 769 2584 ob
786 2517 870 2583 hano
882 2536 1013 2582 cauum
1024 2513 1207 2602 rogavimus,
1222 2503 1302 2594 quod

281 2619 323 2684 ita
339 2623 550 2690 constitutum
560 2628 694 2691 essetab
707 2625 860 2700 Adriano,
879 2623 934 2690 sed
946 2623 1022 2712 quia
1035 2623 1140 2688 scimus
1148 2639 1203 2681 nos
1212 2616 1296 2701 iusta

280 2743 402 2819 petere,
421 2735 598 2802 orationem
613 2749 646 2801 ot
660 2759 768 2801 rerum
787 2744 969 2802 nostrarum
985 2727 1198 2798 enarrationem
1215 2741 1298 2786 eon-

280 2842 424 2910 fecimus.
447 2845 578 2912 Adriani
598 2858 706 2912 nutem
727 2843 869 2934 epistolae
888 2841 1070 2930 exemplum
1084 2837 1172 2901 dum
1189 2831 1300 2918 subje-

280 2953 395 3028 oimus,
416 2957 502 3022 utin
522 2956 586 3023 hoo
599 2977 728 3045 quoque
742 2977 853 3020 verum
873 2974 892 3022 a
911 2952 1005 3018 nohis
1025 2949 1088 3016 diei
1100 2937 1298 3038 ptrtp'tffists·

279 3059 334 3127 Sic
348 3062 445 3130 hebet
461 3063 540 3132 illud
555 3063 746 3154 exemplum.

504 3277 634 3322 anniam
651 3277 709 3319 ruo
724 3271 919 3323 CHRISTIAMS
934 3265 1097 3314 EPISTOLA·

326 3416 444 3488 LXIX.
462 3415 603 3484 Minucio
614 3412 781 3480 Fundano.
801 3409 935 3476 Litteras
948 3401 1057 3489 aooepi
1069 3397 1176 3462 adme
1188 3390 1309 3479 scriptu

283 3555 301 3596 u
313 3531 445 3596 Serenio
457 3527 618 3598 Graniuno
630 3521 896 3594 clarissimorum
913 3517 965 3584 cui
981 3509 1173 3581 successisti.
1188 3503 1310 3574 Videtur

284 3640 379 3728 igitur
395 3639 473 3704 mihi
489 3661 540 3704 res
555 3610 621 3703 non
636 3635 703 3700 sine
719 3629 922 3721 inquisitione
937 3616 1312 3714 praetermittendum

284 3747 428 3816 homines
444 3749 684 3836 perturbentur,
699 3755 730 3809 et
743 3735 947 3830 sycophantis
959 3732 1092 3800 materia
1104 3725 1236 3797 sceleris
1247 3741 1311 3811 prs-

285 3862 411 3926 bentur.
436 3857 563 3947 Siergo
583 3858 727 3924 adhunc
748 3851 908 3944 petitionis
931 3846 1088 3914 rationem
1111 3831 1311 3930 provincius
