2808 4688
373 241 378 252 ’
420 261 641 313 trosroscuuu
660 258 853 307 urscirutus.
1114 261 1152 325 ¹9

114 399 131 434 u
143 369 217 444 bns
238 372 402 446 tradidit
413 378 595 446 Dominus
610 376 818 444 universam
835 381 1038 442 creaturam
1054 393 1154 442 suam

114 479 343 566 renuendi,
367 478 588 570 edificandi,
615 495 651 550 et
679 475 894 551 dominandi
925 492 1092 550 creaturae
1115 479 1158 550 il·

118 617 137 654 »
150 589 281 663 iius...
292 595 392 664 Cum
407 613 497 688 ergo
513 605 756 660 consummata
770 585 880 660 fuerit
896 601 1078 658 structura
1093 601 1166 658 tur-

121 725 140 762 »
153 698 232 786 ris,
247 721 382 769 omnes
397 696 506 768 simul
524 693 769 795 epulabuntur
781 695 883 790 juxta
893 696 1040 780 turrim,
1055 708 1093 765 et
1103 693 1165 766 ho·

128 833 148 867 u
159 805 415 879 norificabunt
426 808 639 892 Dominum,
651 806 825 901 quoniam
834 817 1084 874 consummata
1098 807 1167 874 erit

131 943 150 974 u
164 925 347 984 structura
365 915 521 984 turris...
540 908 693 1008 Iapides
709 907 873 1007 quadrati
892 923 930 980 et
944 907 1065 981 albi...
1079 925 1167 982 sunt

134 1019 337 1116 aspostoli,
364 1019 542 1116 episcopi,
568 1015 750 1092 doctores,
773 1031 810 1086 et
829 1018 988 1086 ministri
1012 1019 1165 1114 ingressi

128 1153 146 1187 u
158 1128 199 1193 in
223 1123 413 1197 clementia
432 1127 512 1196 Dei.
532 1127 603 1216 Qui
624 1145 712 1194 vcro
728 1125 976 1219 imponuntur
992 1127 1031 1194 in
1049 1138 1164 1196 struc-

125 1261 143 1296 »
158 1245 330 1304 turam...
347 1233 475 1304 iisunt
496 1233 561 1328 qui
578 1231 652 1326 jam
670 1230 900 1302 dormierunt
915 1247 952 1302 et
970 1235 1065 1328 passi
1082 1248 1166 1304 sunt

125 1369 143 1404 e
158 1341 437 1410 causanominis
448 1339 661 1420 Domini....,
673 1339 738 1438 qui
751 1340 902 1434 ingressi
912 1353 1000 1408 sunt
1012 1341 1050 1409 in
1062 1343 1168 1437 aequi-

126 1475 145 1510 »
156 1457 273 1515 tatem
284 1447 449 1529 Domini,
467 1458 505 1514 et
522 1441 733 1514 direxerunt
742 1445 822 1513 vias·
832 1445 871 1512 in
886 1441 1067 1516 mandatis
1079 1446 1168 1542 ejus.

128 1577 146 1612 a
158 1549 266 1639 Quos
277 1561 398 1620 autem
411 1545 634 1642 rejiciebant,
646 1561 685 1617 et
697 1546 996 1643 ponebautjuxta
1006 1553 1169 1621 turrim...

132 1657 189 1724 »ii
208 1669 295 1728 suut
312 1659 379 1752 qui
396 1667 645 1751 peccaverunt
657 1669 696 1724 et
711 1651 1173 1750 voluerunt‘poenitentiam

134 1793 153 1830 a
166 1787 296 1862 ageret
307 1777 462 1859 propter
473 1761 551 1830 hoe
564 1785 641 1830 non
658 1773 746 1830 sunt
758 1761 910 1857 projecti
924 1759 1034 1858 longe
1046 1787 1067 1835 a
1078 1753 1177 1854 turri,

140 1871 354 1965 »quoniam
367 1866 478 1937 utiles
494 1877 603 1936 erunt
615 1870 655 1935 in
673 1878 866 1949 structura,
884 1869 913 1936 si
929 1872 1177 1962 poenitentiam

150 2003 169 2036 »
183 1975 372 2068 egerint...
390 1974 462 2062 Qui
476 1986 595 2042 autem
609 1969 869 2058 recidebantur,
888 1987 925 2042 et
941 1972 1049 2071 longe
1067 1977 1173 2073 proji-

154 2111 172 2146 n
185 2079 404 2166 ciebantura
418 2081 560 2158 turri‚...
583 2080 608 2148 ii
626 2085 715 2149 sunt
734 2077 803 2148 filii
819 2082 1034 2176 iniquitatis,
1055 2091 1173 2182 etqui
1242 2156 1250 2166 ,

148 2217 168 2250 »
181 2184 411 2258 crediderumt
422 2189 459 2255 in
473 2185 716 2271 simulatione,
731 2199 768 2256 et
785 2191 901 2260 omnis
917 2193 1080 2287 nequitia
1096 2215 1171 2264 non

143 2325 161 2360 n
173 2295 335 2366 discessit
347 2293 401 2364 ab·
411 2295 485 2363 cis:
504 2306 658 2391 propter
671 2293 743 2364 hoc
758 2319 832 2364 uon
849 2292 987 2368 habent
1006 2298 1171 2386 saluter'n,

140 2433 159 2466 u
174 2405 348 2500 quoniam
364 2422 439 2471 non
456 2413 542 2471 sunt
557 2399 663 2472 utiles
680 2402 718 2472 in
735 2415 933 2490 structura,
948 2420 1100 2504 propter
1115 2431 1173 2480 ne·

139 2541 155 2574 n
168 2511 413 2606 quitias-suas.
425 2539 441 2573 n
454 2511 628 2579 Praeterea
645 2523 748 2579 erant
762 2524 900 2608 septem
915 2513 1087 2584 mulieres
1101 2529 1175 2586 tur·

139 2616 209 2684 rim
224 2625 501 2711 supportantes,
516 2627 554 2683 et
565 2610 657 2684 dixit
671 2635 779 2684 anus:
793 2617 956 2703 «Prima,
970 2641 1052 2713 quae
1063 2623 1176 2690 eonti—

137 2751 154 2784 »
165 2735 231 2790 net
241 2743 366 2804 manu,
377 2719 481 2790 Fides
496 2733 663 2806 vocatur,
679 2743 746 2818 per
759 2718 853 2790 banc
867 2719 955 2792 salvi
969 2721 1062 2792 fient
1074 2723 1177 2796 electi

136 2857 153 2892 n
165 2829 250 2900 Dei.
264 2825 386 2897 Altera
398 2849 500 2912 vero,
517 2848 598 2922 quae
610 2829 799 2898 succincta
808 2843 862 2898 est
879 2843 915 2898 et
927 2825 1078 2900 viriliter
1092 2835 1176 2928 agit,

135 2965 153 2998 e
169 2931 400 3006 Absunentia
425 2948 596 3020 vocatur;
622 2932 698 3004 haec
719 2932 794 3006 fitia
819 2950 875 3006 est
896 2933 1009 3008 Fidei.
1034 2937 1178 3012 Caeterae

136 3043 336 3138 »quinque
358 3053 443 3110 sunt
467 3039 703 3140 Simplicitas,
727 3045 959 3131 innocentia,
982 3043 1177 3135 Modestia,

136 3144 387 3243 »Disciplina,
411 3145 624 3218 Charitas...
650 3149 812 3220 Virtutes
840 3149 997 3246 aequales
1023 3149 1177 3244 habeon

137 3287 153 3321 r
165 3277 345 3327 connexae
370 3265 493 3326 autem
511 3254 558 3325 ad
576 3257 733 3326 invicem
757 3272 843 3328 sunt
868 3261 1022 3328 virtutes
1040 3283 1180 3349 earum,

138 3391 154 3424 s
165 3375 207 3432 et
225 3361 433 3457 sequuntur
451 3385 487 3432 se
505 3364 662 3432 invicem
679 3365 774 3434 sicut
790 3377 884 3434 natae
903 3378 999 3434 sunt.
1014 3393 1033 3430 ι
1055 3369 1095 3438 ln
1114 3367 1179 3440 aila

139 3474 296 3556 visione,
316 3471 491 3566 praenosci
512 3467 644 3540 dantur
662 3473 805 3541 Hermae
823 3467 917 3540 mala
939 3455 1098 3546 Ecclesiae
1118 3501 1180 3549 su-

141 3587 384 3676 perventura,
401 3572 699 3670 oppositabestiae
710 3573 1180 3677 magnaeforma,queesicut
1229 3575 1238 3588 ’

142 3697 222 3791 cete
234 3681 395 3753 lucustas
408 3703 474 3754 ore
490 3677 689 3750 evomebat.
707 3677 798 3752 Cum
814 3707 898 3784 ergo
914 3683 1008 3758 hanc
1025 3687 1178 3761 bestiam

144 3786 221 3906 sine
235 3787 371 3860 damno
384 3789 657 3886 pertransisset,
669 3787 802 3860 dictum
815 3806 868 3864 est
880 3792 930 3863 ilii
946 3821 954 3863 :
969 3797 1034 3864 «Si
1048 3822 1179 3903 prapa-

148 3900 338 3969 »raveritis
356 3919 436 3983 vos,
457 3897 623 3994 poteritis
640 3893 795 3996 effugere
819 3900 937 3987 illem,
962 3903 991 3969 si
1016 3927 1079 3971 cor
1103 3929 1180 3978 res-

970 4029 998 4069 2·
