2606 4620
260 241 322 324 49²
535 257 716 302 uanrrnrusr
738 259 853 302 ssucrr
878 257 1022 301 rorum

258 364 385 452 quidem
406 361 617 428 infremebent
637 387 676 428 uc
698 363 847 428 dentibus
873 361 1071 426 stridebunt
1095 362 1130 422 in
1152 373 1259 423 mortu

260 469 363 533 udlruc
383 469 582 554 exquisitiore
602 470 739 554 quodum
760 467 919 556 supplicio
942 490 1005 531 eos
1031 465 1167 530 afficere
1185 467 1265 551 copie

259 587 321 646 tes;
336 574 387 639 olii
402 597 476 638 vero
492 574 664 639 irridebant
678 572 957 660 insultabuntque,
972 571 1160 636 simulacra
1174 595 1221 634 sua
1233 571 1266 632 lr-

261 681 351 745 dibus
364 679 560 754 extollentes,
581 703 618 745 uo
633 701 741 768 poenas
758 679 797 743 de
813 679 1021 764 Martyribus
1039 691 1189 765 sumptus
1200 679 1261 738 eise

259 788 440 852 scribentes.
460 785 609 851 Nonnulli
625 786 720 873 poulo
735 787 902 873 aequiores,
921 798 958 849 et
975 787 1040 872 qui
1055 787 1166 850 vicem
1177 799 1264 848 nosos

261 892 366 956 dolere
387 892 621 978 quodammodo
644 876 846 965 videbantur,
864 893 1129 978 exprobrabunt
1145 893 1264 956 tuente

261 999 330 1064 hec
349 998 510 1063 dicentes:
537 999 595 1063 Ubi
615 1009 663 1062 est
682 999 767 1062 Deus
789 997 928 1084 eorum?
948 1011 987 1061 et
1010 999 1101 1084 quid
1120 997 1181 1062 illis
1197 1016 1260 1084 prce·

262 1107 331 1170 baec
353 1105 473 1194 religio,
499 1107 549 1171 oui
572 1105 668 1169 vitum
690 1129 815 1192 quoque
837 1129 928 1170 suum
953 1107 1230 1193 postposuerunt?
1248 1128 1257 1168 ι

263 1211 425 1300 gentilium
445 1213 572 1298 quidem
587 1211 752 1276 insectatio
772 1210 866 1276 tolem
884 1211 1011 1276 habuit
1029 1213 1221 1276 varietatem.
1235 1213 1262 1274 t.

264 1343 337 1386 vero
353 1321 533 1408 gravissimo
545 1320 671 1383 interim
683 1318 791 1411 dolore
802 1321 1060 1406 premebamur,
1079 1322 1170 1407 quod
1184 1323 1260 1386 bima*

264 1426 414 1492 cadavera
428 1427 518 1490 nobis
533 1449 598 1490 non
613 1424 734 1489 liceret.
755 1425 835 1489 Nom
849 1448 956 1511 neque
973 1427 1096 1491 noctis
1109 1431 1262 1492 tenebreru

263 1536 383 1620 juvere,
402 1555 505 1619 neque
524 1532 591 1596 anri
607 1532 652 1595 ris
668 1531 809 1606 sseotere,
829 1555 932 1619 neque
954 1557 1087 1620 preces
1110 1533 1181 1600 uttae
1194 1539 1260 1600 ansts·

264 1664 374 1705 eorum
393 1663 593 1704 commovere
612 1651 805 1726 potuerunt:
827 1639 883 1704 sed
902 1641 996 1704 omni
1021 1643 1142 1706 studio
1161 1645 1259 1730 etqui·v

265 1749 383 1815 dustria
402 1750 554 1814 cadevera
573 1748 807 1820 custodiebant,
820 1749 907 1834 quasi
919 1750 1044 1836 ingens
1058 1749 1190 1815 lucrum
1200 1754 1251 1814 lau

264 1857 296 1918 si
308 1851 468 1940 sepultura
493 1853 674 1918 coruissent.
698 1852 874 1918 Nonnullis
895 1857 1026 1920 deinde
1043 1858 1252 1946 inccrjaeetbu

264 1961 403 2025 addunt.

306 2065 392 2130 XVl.
418 2065 518 2153 lgitur
536 2063 711 2152 Martyrum
732 2087 864 2153 corpore
883 2081 1069 2154 postquem
1093 2076 1181 2138 omui
1194 2095 1256 2158 gese·

266 2170 463 2237 contumeliae
482 2172 640 2245 traducta,
661 2184 693 2236 et
712 2175 770 2236 sub
792 2173 843 2236 dio
861 2195 920 2258 per
939 2199 997 2238 sex
1016 2179 1098 2243 dies
1116 2180 1249 2268 expediit

266 2291 411 2351 cuerunt,
428 2278 556 2342 tandem
569 2289 705 2342 cremata
718 2289 812 2362 etque
828 2278 859 2340 in
875 2278 1001 2341 cineres
1021 2284 1252 2366 reductaequ-

265 2385 439 2449 terlluentis
456 2383 601 2448 Rhodani
618 2382 743 2447 alveum
760 2405 865 2469 sparsa
882 2396 957 2448 sunt
973 2387 1049 2448 nb'
1039 2394 1169 2478 impiis,
1185 2387 1255 2454 asub

267 2493 413 2578 deinceps
437 2511 548 2556 eorum
571 2489 741 2575 reliquiae'
732 2491 875 2553 interris
897 2511 1133 2577 superessent.
1159 2501 1254 2581 Atque·

268 2599 401 2684 agebant
417 2619 557 2683 prorsus,
576 2617 664 2682 quasi
655 2594 747 2662 Deo
764 2595 942 2682 superiores
957 2621 1032 2663 esse
1050 2615 1089 2664 et
1111 2603 1259 2668 resonem·

269 2725 342 2768 nem
364 2700 422 2765 illis
444 2701 582 2764 adimere
603 2712 752 2786 possent.
776 2711 823 2774 ut,
844 2699 1135 2785 quemadmodum
1157 2709 1249 2795 ipsiti.

268 2811 363 2882 baut,
387 2831 427 2872 ne
449 2830 518 2894 spes
540 2807 666 2892 quidem
687 2804 749 2870 ulle
772 2809 956 2895 resurgendi
977 2811 1024 2874 eis
1057 2815 1251 2903 relinquere.

268 2938 329 3001 qua
348 2915 430 2988 lreti,
447 2937 559 2979 novam
576 2914 745 3000 quomdam
760 2937 799 2978 ac
815 2916 1016 3002 peregrinum
1035 2924 1142 2987 nobis
1159 2925 1265 2987 inrrlu'

268 3021 462 3108 religionem,
485 3032 517 3086 et
539 3021 718 3107 gravissime
740 3042 871 3107 qnaeque
893 3033 1056 3088 tormenta
1079 3041 1262 3095 contemnis·

268 3128 468 3215 promptique
489 3138 522 3190 et
543 3125 660 3192 alacres
683 3139 818 3192 mortem
840 3128 987 3192 subeunt.
1013 3129 1204 3202 Videamus
1224 3161 1266 3200 nn·

269 3261 309 3303 on
330 3239 391 3300 sint
410 3236 630 3308 resurrecturi,
651 3247 684 3299 et
704 3247 811 3298 utrum
832 3235 940 3300 adesse
959 3237 1035 3322 ipsis
1051 3241 1149 3309 Deus
1165 3272 1244 3314 sum.

270 3347 309 3409 de
324 3345 469 3409 munibus
485 3344 598 3408 nostris
612 3344 696 3429 ipsos
712 3343 833 3428 eripere
848 3342 958 3408 valent.

314 3451 396 3515 Hoec
414 3451 598 3538 sopradicti
611 3449 826 3537 Imperatoris
842 3453 1041 3538 temporibus
1058 3457 1197 3524 christi
1212 3487 1255 3524 em

167 3599 171 3606 ·
271 3557 328 3621 siis
345 3558 563 3644 contigerunt,
581 3579 624 3620 eo>
636 3557 753 3641 quibus
770 3581 807 3621 ec
823 3580 895 3641 quoe
909 3559 946 3620 in
964 3561 1105 3645 reliquis
1118 3571 1267 3650 provinc

271 3681 359 3752 gesto
369 3681 446 3730 suot
456 3671 641 3752 conjecturo
653 3667 780 3750 assequi
793 3667 875 3730 licet.
890 3665 956 3732 Sed
966 3685 996 3733 ct
1009 3669 1081 3735 alric
1095 3678 1271 3756 quiedam:
