2688 4626
240 249 299 334 198
535 270 646 314 sarcrr
668 269 788 312 susrtar
811 269 964 313 aaurrms

235 375 345 466 pellat,
362 401 402 442 ue
418 379 443 444 si
451 373 653 458 [mentionem
670 376 731 441 diei
747 377 876 452 laceret,
893 389 1045 465 tanquam
1056 377 1190 441 omnino
1203 373 1267 439 tte

236 487 277 552 sis
297 487 466 554 verborum
485 499 623 553 sectator
641 486 839 554 accusandus
854 485 1025 552 rideretur.
1055 485 1147 552 Unde
1162 497 1267 551 auteur

236 607 269 662 et
282 596 321 662 de
337 594 409 664 coeli
425 595 629 665 dissolutione
645 596 832 663 informatus
847 597 890 662 ita
902 595 1049 685 scripsit?
1065 596 1179 662 Nonne
1192 597 1262 660 etid

236 727 366 794 quoque
382 729 400 770 u
416 707 512 772 sacris
526 704 689 794 prophetis
702 705 849 781 edoctus,
866 717 960 795 atque
976 703 1047 772 illos
1063 705 1107 770 ita
1122 701 1264 792 loquutus

237 837 304 878 esse
320 815 428 880 ratus?

281 923 433 990 XXXIV.
457 925 492 990 Si
512 927 580 1014 quis
599 927 686 992 etde
702 927 810 992 statuis
825 927 980 993 rationem
996 928 1096 999 ineat,
1112 915 1196 990 unde
1213 947 1262 989 ac-

238 1044 329 1121 cepta
350 1055 425 1098 ansa
443 1035 537 1122 primi
559 1036 692 1102 deorum
711 1049 889 1102 vestrorum
905 1037 1115 1104 fabricatores
1131 1034 1260 1100 hunuano

237 1140 306 1208 illos
321 1141 422 1209 lorma
441 1145 590 1233 praeditos
607 1145 834 1235 judicaverint;
855 1146 889 1211 id
904 1169 1030 1234 quoque
1051 1143 1122 1210 illos
1135 1144 1260 1232 reperiet

236 1275 274 1317 ex
298 1252 402 1320 divina
426 1253 555 1320 historia
577 1253 733 1320 didicisse.
761 1255 840 1321 Nam
863 1277 938 1320 cum
960 1255 1056 1320 Masis
1079 1251 1204 1318 historia
1224 1274 1258 1315 er

236 1383 371 1448 persona
386 1361 446 1428 Dei
461 1363 546 1429 dicat
561 1387 569 1428 τ
587 1363 776 1429 ‹Faciamus
791 1362 956 1429 homiuem
971 1361 1151 1429 secundum
1164 1361 1259 1448 imagi-

237 1495 340 1539 »nem
354 1485 496 1539 nostram
511 1485 543 1540 at
558 1473 796 1542 similitudinem
807 1473 818 1508 ¹
826 1497 835 1548 ς
851 1501 864 1536 s
879 1474 967 1561 quasi
983 1473 1111 1539 dictum
1121 1486 1198 1538 esset
1212 1473 1256 1538 ho

239 1583 340 1650 mines
360 1583 428 1650 Deo
446 1582 547 1650 forma
562 1583 680 1650 similes
694 1607 776 1656 esses
799 1585 842 1649 ita
858 1583 933 1648 deos
944 1606 1023 1648 suos
1038 1581 1188 1671 effingere
1199 1607 1255 1648 cu-

239 1704 367 1781 perant,
384 1691 485 1758 simile
500 1714 539 1758 ex
550 1681 642 1758 simili
657 1715 724 1757 sese
735 1693 911 1781 exprimere
922 1691 1077 1756 arbitrati
1099 1690 1164 1756 Sed
1176 1713 1247 1779 quau

239 1801 281 1865 oh
294 1821 422 1865 causam
434 1798 589 1864 adductus
601 1821 674 1864 sum
684 1811 720 1864 ut
730 1799 800 1866 haec
808 1821 1111 1874 commemorarem,
1121 1824 1140 1864 o
1152 1798 1247 1865 Greci?

242 1907 283 1972 Ut
298 1906 477 1996 intelligatis
490 1931 596 1973 veram
608 1907 793 1996 religionem
804 1931 844 1973 ax
853 1908 921 1973 istis
933 1907 1010 1974 disci
1023 1930 1091 1972 uon
1102 1931 1200 1996 pesse,
1208 1907 1252 1994 qui

241 2017 357 2102 quibus
372 2017 467 2082 rebus
482 2017 723 2082 admirationem
739 2017 797 2081 sibi
812 2015 897 2104 apud
910 2015 1057 2081 homines
1072 2037 1092 2079 a
1107 2025 1207 2081 nostra
1219 2037 1257 2078 re-

243 2123 358 2216 ligione
373 2123 491 2192 alienos
507 2127 721 2202 concitarunt,
737 2149 778 2191 ne
792 2125 826 2190 in
844 2125 881 2190 iis
896 2125 1028 2212 quidem
1043 2127 1167 2214 proprie
1179 2123 1259 2211 quid-

243 2259 341 2324 quam
356 2236 496 2302 scribere
510 2248 654 2324 potuere,
671 2236 728 2301 sed
741 2259 799 2324 per
809 2235 979 2324 quemdem
993 2234 1172 2325 allegoriam,
1187 2257 1252 2320 que

243 2368 282 2410 ex
297 2345 384 2411 Mose
398 2355 431 2412 et
446 2346 567 2412 ceteris
581 2345 743 2434 prophetis
762 2345 943 2421 hauserant,
966 2368 1005 2410 ea
1025 2346 1060 2413 in
1074 2345 1126 2412 suis
1138 2342 1248 2432 scriptis

242 2457 464 2545 praedicarunt.

287 2565 425 2632 XXXV.
445 2567 517 2633 Jam
532 2569 627 2658 igitur
641 2581 766 2659 tempus
783 2582 842 2646 est,
859 2593 879 2635 o
894 2569 1011 2644 Grae‘ci,
1029 2581 1067 2632 ut
1081 2591 1122 2634 ex
1137 2565 1257 2632 historiis

244 2674 381 2744 externis
401 2677 541 2763 persuasi
564 2676 683 2742 Mosam
705 2690 739 2743 ct
760 2690 892 2743 cseteros
913 2677 1085 2766 prophetas
1112 2673 1256 2742 multoirs

245 2783 393 2848 omnibus
417 2783 471 2871 qui
496 2782 650 2873 sapientes
672 2783 756 2870 apud
775 2806 830 2848 vos
850 2782 948 2847 habiti
970 2793 1058 2858 suut,
1082 2779 1260 2870 antiquiore

244 2913 324 2966 esse,
348 2892 388 2957 alt
411 2894 541 2981 antiquo
563 2893 721 2980 majorum
747 2913 855 2956 errore
881 2890 1063 2965 discedatis,
1092 2912 1134 2955 ac
1160 2887 1261 2955 denas

244 2997 475 3084 Prophetarum
487 2998 596 3088 legatis
607 2999 765 3073 historias,
777 3020 947 3086 veramque
958 3019 998 3063 ex
1009 2998 1172 3086 ejusmodi
1184 2996 1262 3082 scrip

245 3107 367 3173 toribus
382 3106 566 3195 religionem
581 3107 719 3183 discatis,
735 3109 790 3194 qui
805 3130 869 3175 non
882 3108 1054 3174 verborum
1071 3107 1164 3172 vobis
1179 3118 1268 3170 artem

245 3221 447 3310 promittunt,
459 3241 519 3284 nec
530 3218 697 3284 artificiose
709 3217 751 3284 ad
761 3216 1017 3308 persuadendum
1032 3213 1211 3303 loquuntur
1226 3211 1269 3296 [id

247 3333 334 3398 anim
348 3329 512 3424 proprium
523 3343 571 3396 est
581 3351 694 3396 eorum
708 3329 763 3418 qui
775 3328 938 3394 veritatem
950 3325 1047 3391 iurari
1060 3323 1209 3414 volunt),
1224 3321 1271 3387 scd

247 3442 342 3506 verba
361 3453 394 3506 et
412 3441 538 3508 nomina
555 3438 753 3528 simpliciter,
772 3451 807 3503 ut
822 3461 859 3518 ,se
877 3435 1028 3509 offerunt,
1047 3445 1218 3522 usurpant,
1236 3453 1269 3496 ac

247 3573 284 3615 ca
307 3552 396 3616 vobis
420 3553 567 3618 nuntiant
591 3569 662 3636 quae
681 3546 827 3636 delapsus
846 3546 879 3612 in
901 3567 956 3611 eos
975 3543 1113 3632 Spiritus
1135 3553 1270 3614 sanctus,

247 3660 295 3726 his
311 3659 484 3747 quiveram
495 3661 679 3751 religionem
694 3659 836 3726 ediscere
852 3654 996 3744 cupiunt,
1009 3673 1067 3741 per
1081 3673 1138 3718 eos
1153 3651 1273 3716 tradere

246 3764 354 3832 voluit.
374 3765 493 3834 Malum
507 3769 603 3859 igitur
616 3791 744 3840 omnem
761 3765 915 3857 pudorem
932 3759 1121 3852 abjicientes
1136 3782 1177 3832 uc
1190 3770 1272 3826 rete-

206 3933 221 3956 „
278 3891 363 3944 ¹(len.
378 3911 397 3952 ι,
410 3893 446 3942 26.
