2772 4620
295 273 358 341 350
592 293 703 340 ssucrr
726 293 844 340 tusrrru
868 295 1021 340 uanrrnrs

294 434 307 469 s
323 404 454 471 celsum.
473 405 513 470 Et
529 401 606 468 dixit
618 403 746 470 Achae:
766 403 836 470 Non
850 416 970 492 petam,
988 425 1093 493 neque
1109 404 1249 469 tentabo
1264 403 1340 470 Do-

293 515 453 581 sminum.
468 515 508 580 Et
519 513 596 577 dixit
606 515 729 579 Esaias:
745 513 860 579 Audite
871 535 957 578 nnnc
968 513 1082 578 domus
1092 512 1215 578 David:
1233 512 1339 578 Num-

293 624 398 712 »quid
415 645 528 711 pamm
545 623 634 687 robis
654 633 701 686 est
720 632 881 687 eertamen
902 622 1044 710 prebere
1065 621 1285 686 hominibusi
1303 631 1337 685 et
1375 651 1376 692 t

293 732 483 823 »quomodo
505 731 643 797 Domino
664 731 812 820 prebetis
835 730 1020 797 certamen?
1044 729 1221 819 Propterea
1244 731 1335 795 dabit
1375 783 1376 836 p

292 873 306 905 ι
320 843 474 932 Dominus
484 840 550 927 ipse
560 839 650 906 vohis
660 839 795 928 signum.
809 841 893 905 Ecce
904 839 992 931 virgo
1004 839 1036 904 in
1047 847 1140 904 utero
1151 839 1332 928 concipiet,

294 979 307 1014 s
321 963 353 1014 ct
368 949 469 1037 pariet
478 947 592 1023 filium,
608 958 640 1011 et
654 947 820 1012 vocabitur
834 969 951 1012 nomen
965 949 1034 1037 ejus
1045 942 1257 1014 Emmanue'l.
1275 951 1331 1014 Bu

293 1070 428 1145 »tyrum
450 1053 567 1122 etmel
589 1054 748 1129 comedet,
771 1066 941 1142 antequam
962 1057 1041 1122 sciat
1062 1067 1118 1121 aut
1140 1055 1331 1147 praeeligere

292 1193 306 1228 s
320 1163 402 1232 mala
409 1176 443 1230 et
451 1162 697 1252 eligerehonum
702 1185 712 1236 ς
722 1162 873 1251 qnoniam
882 1159 1052 1250 antequ'am
1062 1177 1242 1252 cognoscat
1254 1191 1330 1255 puer

239 1359 242 1368 ,
292 1269 513 1348 »honumnel
525 1269 816 1359 malnm,reprohat
827 1269 922 1346 mala,
935 1270 1080 1360 eligendo
1092 1274 1256 1338 honum¹.
1272 1275 1330 1342 An-

293 1411 306 1446 s
317 1395 447 1469 tequam
454 1381 532 1446 sciat
538 1403 619 1468 puer
626 1403 741 1446 vocare
752 1391 889 1468 patrem,
902 1393 958 1446 aut
964 1393 1113 1458 matrem,
1126 1381 1225 1449 tollet
1237 1387 1329 1450 virtu-

196 1557 197 1560 ,
292 1505 384 1558 »mm
394 1489 541 1557 Damasci
556 1502 590 1554 et
606 1488 704 1578 spolia
716 1489 866 1556 Samariae
877 1513 987 1556 coram
997 1515 1072 1582 rege
1085 1492 1326 1580 Assyrios-off,

292 1612 351 1666 set
366 1601 509 1688 capietur
523 1609 619 1673 terra,
644 1621 740 1686 quam
755 1611 791 1661 tu
809 1598 931 1663 duriter
949 1598 1029 1664 seres
1047 1623 1064 1664 a
1084 1599 1167 1667 facie
1186 1603 1326 1668 duorum

291 1729 442 1796 tregam.
463 1703 527 1769 Sed
544 1703 683 1770 adducet
701 1702 786 1767 Deus
806 1725 901 1790 super·
921 1713 966 1778 te,
993 1715 1026 1770 et
1047 1728 1144 1793 super
1169 1707 1326 1796 populum

291 1831 424 1894 atnam,
442 1827 475 1880 et
494 1835 589 1900 super
607 1813 738 1878 demum
759 1813 857 1899 patris
872 1811 933 1886 tui,
958 1813 1023 1879 dies
1039 1815 1093 1902 qui
1113 1817 1260 1884 necdum
1274 1841 1325 1882 re-

292 1933 436 1990 »nerunt
454 1942 549 2006 snper
566 1930 610 1995 te,
626 1941 644 1982 a
664 1918 715 1983 die
731 1941 794 2006 quo
810 1918 939 1984 abstulit
954 1919 1105 2007 Ephraim
1123 1945 1141 1988 a
1162 1925 1267 2002 Juda,
1282 1949 1323 1990 re·

292 2062 305 2096 ι
319 2055 391 2121 gem
406 2027 635 2116 Assyriorum⁸.
650 2055 664 2088 s
681 2026 847 2092 Neminem
863 2051 937 2093 sane
952 2029 985 2093 in
997 2029 1132 2098 Abrahoe
1144 2036 1323 2101 secundum

291 2161 421 2206 carnem
440 2157 555 2226 genere
576 2157 716 2223 unquam
738 2137 887 2213 extitisse,
910 2149 1025 2225 preter
1046 2139 1134 2206 hunc
1159 2141 1322 2209 Christum

292 2261 448 2323 nostrum,
467 2248 522 2334 qui
544 2270 584 2311 ex
601 2247 721 2334 virgine
742 2257 834 2312 natus
854 2258 948 2324 esset,
966 2259 1020 2314 aut
1039 2262 1132 2316 natus
1148 2252 1319 2327 diceretur,

292 2359 439 2425 omnibns
459 2355 660 2421 manifestum
678 2367 735 2421 est.
757 2353 821 2421 Sed
844 2357 918 2444 quia
939 2379 994 2424 ros
1014 2381 1052 2424 ac
1068 2361 1216 2448 magistri
1232 2363 1316 2430 vestri

291 2491 430 2534 asserere
441 2465 563 2531 audetis
575 2489 639 2531 non
655 2465 777 2531 dictum
787 2489 855 2531 esse
866 2467 899 2532 in
910 2467 1076 2556 prophetia
1087 2471 1203 2548 Esaiae,
1215 2499 1231 2534 ι
1241 2477 1320 2539 Ecce

291 2577 406 2664 »virgo
421 2576 453 2641 in
472 2585 562 2639 utero
580 2573 722 2648 habebit,
741 2575 808 2648 aad,
828 2576 912 2640 Ecce
930 2575 1165 2646 adolescentula
1181 2580 1216 2645 in
1234 2593 1322 2646 auin

292 2715 304 2748 s
320 2684 477 2772 concipiet
493 2693 526 2748 et
539 2682 641 2770 pariet
659 2679 775 2755 {ilium3
790 2710 803 2744 s
818 2694 851 2746 et
865 2683 938 2770 quia
953 2685 1152 2773 prophetiam
1163 2687 1212 2752 ita
1229 2713 1324 2778 expe

291 2795 376 2868 nitis,
401 2794 490 2880 quasi
513 2792 545 2856 in
566 2790 748 2865 Ezechiam,
769 2793 823 2879 qui
841 2815 897 2858 rex
911 2806 1015 2860 vester·
1030 2795 1100 2872 suit,
1118 2796 1200 2862 dicta
1219 2813 1321 2872 essem

291 2903 431 2969 conabor
448 2899 565 2965 dehoc
580 2912 706 2986 quoque
725 2911 836 2964 contra
852 2923 907 2966 ros
924 2923 1026 2990 pauca
1047 2904 1208 2977 disserere,
1224 2918 1259 2968 et
1284 2909 1325 2970 in

290 3010 495 3098 hunc,quem
504 3008 1077 3102 Christumesseconsrtemur,dictam
1089 3014 1324 3080 demonstrare.

255 3207 257 3213 y
333 3117 446 3201 XLIV.
465 3116 519 3184 Sic
529 3117 615 3182 enim
630 3118 774 3193 omnino,
790 3128 945 3204 quantum
959 3119 1000 3184 ad
1016 3145 1071 3187 vos
1082 3123 1206 3197 attinet,
1219 3121 1326 3188 innoa

291 3251 366 3294 cens
389 3226 539 3316 reperiar,
560 3226 585 3290 si
606 3226 927 3294 demonstrationibus
947 3228 1134 3296 adhibendis
1157 3230 1190 3296 in
1214 3230 1250 3295 id
1270 3231 1325 3296 in-

291 3336 453 3410 cumbam,
469 3345 505 3397 ut
520 3332 609 3396 robis
620 3333 837 3419 persuadeam.
852 3332 909 3400 Sin
921 3346 1028 3401 autem
1039 3337 1071 3402 in
1084 3337 1189 3402 cordis
1205 3337 1327 3404 duritia

289 3453 526 3534 permanentes,
542 3451 597 3506 aut
611 3442 718 3508 animo
729 3442 846 3508 infirmi
858 3446 898 3511 ob
915 3446 1068 3512 sancitam
1080 3445 1113 3511 in
1125 3445 1329 3515 Christianos

290 3566 446 3630 mertem,
465 3551 588 3618 veritati
607 3549 769 3618 nolueritis
785 3553 947 3628 assentirir
966 3557 1171 3622 manifestum
1189 3559 1253 3624 erit
1271 3585 1331 3627 ros

290 3659 365 3727 mali
381 3672 526 3727 auctores
541 3681 609 3726 esse
625 3660 866 3751 vobismetipsis.
881 3664 929 3729 Ac
944 3687 999 3730 ros
1010 3665 1139 3753 quidem
1158 3668 1218 3755 ipsi
1235 3670 1329 3736 deci-

291 3770 377 3861 pitis,
392 3771 447 3857 qni
466 3793 506 3836 eo
525 3769 611 3859 quod
626 3792 734 3836 semen
749 3770 883 3838 abrahe
902 3772 968 3838 sitis
982 3775 1161 3841 secundum
1177 3799 1327 3852 curnem,

324 3893 411 3945 Ἐκεῖ.
425 3913 469 3956 ru,
484 3895 1008 3957 10,-²Esat.emt-utinam16.
