<?xml version="1.0" encoding="UTF-8"?>
<!DOCTYPE html PUBLIC "-//W3C//DTD XHTML 1.0 Transitional//EN"
    "http://www.w3.org/TR/xhtml1/DTD/xhtml1-transitional.dtd">
<html xmlns="http://www.w3.org/1999/xhtml" xml:lang="en" lang="en">
 <head>
  <title>
</title>
<meta http-equiv="Content-Type" content="text/html;charset=utf-8" />
  <meta name='ocr-system' content='tesseract 3.04.00' />
  <meta name='ocr-capabilities' content='ocr_page ocr_carea ocr_par ocr_line ocrx_word'/>
</head>
<body>
  <div class='ocr_page' id='page_1' title='image "./collectioselect02guilgoog_0995.png"; bbox 0 0 2636 4648; ppageno 0'>
   <div class='ocr_carea' id='block_1_1' title="bbox 65 345 922 444">
    <p class='ocr_par' dir='ltr' id='par_1_1' title="bbox 65 345 922 444">
     <span class='ocr_line' id='line_1_1' title="bbox 65 345 922 444; baseline -0.001 -23"><span class='ocrx_word' id='word_1_1' title='bbox 65 345 68 350; x_wconf 63' lang='grc'><strong>’</strong></span> <span class='ocrx_word' id='word_1_2' title='bbox 207 357 271 444; x_wconf 67' lang='grc'>496</span> <span class='ocrx_word' id='word_1_3' title='bbox 528 367 640 422; x_wconf 79' lang='lat' dir='ltr'>ssterr</span> <span class='ocrx_word' id='word_1_4' title='bbox 663 371 776 420; x_wconf 74' lang='lat' dir='ltr'>terror</span> <span class='ocrx_word' id='word_1_5' title='bbox 798 377 860 420; x_wconf 74' lang='grc' dir='ltr'>ιιι.</span> <span class='ocrx_word' id='word_1_6' title='bbox 889 377 922 420; x_wconf 85' lang='lat' dir='ltr'>rr</span> 
     </span>
    </p>
   </div>
   <div class='ocr_carea' id='block_1_2' title="bbox 118 483 1315 2770">
    <p class='ocr_par' dir='ltr' id='par_1_2' title="bbox 118 483 1249 1566">
     <span class='ocr_line' id='line_1_2' title="bbox 207 483 1249 576; baseline -0.007 -16"><span class='ocrx_word' id='word_1_7' title='bbox 207 490 297 560; x_wconf 83' lang='lat' dir='ltr'>vrlde</span> <span class='ocrx_word' id='word_1_8' title='bbox 312 491 485 556; x_wconf 86' lang='lat' dir='ltr'>insensatos</span> <span class='ocrx_word' id='word_1_9' title='bbox 496 483 892 572; x_wconf 82' lang='lat' dir='ltr'>ostendebantpresbyteri</span> <span class='ocrx_word' id='word_1_10' title='bbox 903 506 959 550; x_wconf 89' lang='lat' dir='ltr'>eos</span> <span class='ocrx_word' id='word_1_11' title='bbox 972 485 1046 573; x_wconf 87' lang='lat' dir='ltr'>qui,</span> <span class='ocrx_word' id='word_1_12' title='bbox 1063 507 1107 552; x_wconf 80' lang='lat' dir='ltr'>ex</span> <span class='ocrx_word' id='word_1_13' title='bbox 1122 485 1173 553; x_wconf 86' lang='lat' dir='ltr'>bis</span> <span class='ocrx_word' id='word_1_14' title='bbox 1183 509 1249 576; x_wconf 76' lang='lat' dir='ltr'>qun</span> 
     </span>
     <span class='ocr_line' id='line_1_3' title="bbox 206 594 1249 686; baseline -0.005 -16"><span class='ocrx_word' id='word_1_15' title='bbox 206 602 393 672; x_wconf 81' lang='lat' dir='ltr'>oeciderunt</span> <span class='ocrx_word' id='word_1_16' title='bbox 413 597 462 666; x_wconf 89' lang='lat' dir='ltr'>bis</span> <span class='ocrx_word' id='word_1_17' title='bbox 477 597 531 686; x_wconf 86' lang='lat' dir='ltr'>qui</span> <span class='ocrx_word' id='word_1_18' title='bbox 546 594 623 663; x_wconf 84' lang='lat' dir='ltr'>oiim</span> <span class='ocrx_word' id='word_1_19' title='bbox 644 595 713 662; x_wconf 87' lang='lat' dir='ltr'>Deo</span> <span class='ocrx_word' id='word_1_20' title='bbox 727 595 1015 685; x_wconf 81' lang='lat' dir='ltr'>obtemperrbsnt,</span> <span class='ocrx_word' id='word_1_21' title='bbox 1033 607 1169 663; x_wconf 77' lang='lat' dir='ltr'>tentam</span> <span class='ocrx_word' id='word_1_22' title='bbox 1182 597 1249 666; x_wconf 72' lang='lat' dir='ltr'>rite</span> 
     </span>
     <span class='ocr_line' id='line_1_4' title="bbox 206 686 1248 796; baseline -0.006 -16"><span class='ocrx_word' id='word_1_23' title='bbox 206 736 278 780; x_wconf 91' lang='lat' dir='ltr'>rum</span> <span class='ocrx_word' id='word_1_24' title='bbox 292 711 418 778; x_wconf 77' lang='lat' dir='ltr'>Putrem</span> <span class='ocrx_word' id='word_1_25' title='bbox 441 686 661 782; x_wconf 60' lang='lat' dir='ltr'>introducere}</span> <span class='ocrx_word' id='word_1_26' title='bbox 680 728 700 770; x_wconf 88' lang='lat' dir='ltr'>e</span> <span class='ocrx_word' id='word_1_27' title='bbox 719 705 880 772; x_wconf 75' lang='lat' dir='ltr'>contrario</span> <span class='ocrx_word' id='word_1_28' title='bbox 894 718 1122 796; x_wconf 86' lang='lat' dir='ltr'>opponentes,</span> <span class='ocrx_word' id='word_1_29' title='bbox 1138 723 1248 796; x_wconf 83' lang='lat' dir='ltr'>qurnu</span> 
     </span>
     <span class='ocr_line' id='line_1_5' title="bbox 205 815 1249 906; baseline -0.006 -15"><span class='ocrx_word' id='word_1_30' title='bbox 205 823 359 890; x_wconf 75' lang='lat' dir='ltr'><strong>Dominus</strong></span> <span class='ocrx_word' id='word_1_31' title='bbox 385 815 611 886; x_wconf 84' lang='lat' dir='ltr'>sdsaivsndos</span> <span class='ocrx_word' id='word_1_32' title='bbox 631 815 762 904; x_wconf 86' lang='lat' dir='ltr'>eosqui</span> <span class='ocrx_word' id='word_1_33' title='bbox 788 829 982 906; x_wconf 76' lang='lat' dir='ltr'>receperunt</span> <span class='ocrx_word' id='word_1_34' title='bbox 1003 839 1102 892; x_wconf 85' lang='lat' dir='ltr'>esmr,</span> <span class='ocrx_word' id='word_1_35' title='bbox 1127 819 1249 885; x_wconf 80' lang='lat' dir='ltr'>veniens</span> 
     </span>
     <span class='ocr_line' id='line_1_6' title="bbox 205 927 1247 1018; baseline -0.005 -17"><span class='ocrx_word' id='word_1_36' title='bbox 205 933 340 1008; x_wconf 81' lang='lat' dir='ltr'>ferisset,</span> <span class='ocrx_word' id='word_1_37' title='bbox 356 931 509 998; x_wconf 84' lang='lat' dir='ltr'>miserans</span> <span class='ocrx_word' id='word_1_38' title='bbox 525 948 655 1002; x_wconf 77' lang='lat' dir='ltr'>eorumr</span> <span class='ocrx_word' id='word_1_39' title='bbox 670 938 813 994; x_wconf 73' lang='lat' dir='ltr'>tacentes</span> <span class='ocrx_word' id='word_1_40' title='bbox 834 939 943 994; x_wconf 85' lang='lat' dir='ltr'>autem</span> <span class='ocrx_word' id='word_1_41' title='bbox 958 927 1003 994; x_wconf 87' lang='lat' dir='ltr'>de</span> <span class='ocrx_word' id='word_1_42' title='bbox 1024 929 1158 1017; x_wconf 84' lang='lat' dir='ltr'>judioio</span> <span class='ocrx_word' id='word_1_43' title='bbox 1172 931 1247 1018; x_wconf 78' lang='lat' dir='ltr'>ejus,</span> 
     </span>
     <span class='ocr_line' id='line_1_7' title="bbox 203 1035 1249 1130; baseline -0.003 -22"><span class='ocrx_word' id='word_1_44' title='bbox 203 1054 236 1109; x_wconf 87' lang='lat' dir='ltr'>et</span> <span class='ocrx_word' id='word_1_45' title='bbox 249 1062 457 1130; x_wconf 78' lang='lat' dir='ltr'><strong>qumoumque</strong></span> <span class='ocrx_word' id='word_1_46' title='bbox 475 1036 662 1127; x_wconf 84' lang='lat' dir='ltr'>provenient</span> <span class='ocrx_word' id='word_1_47' title='bbox 676 1035 726 1102; x_wconf 86' lang='lat' dir='ltr'>bis</span> <span class='ocrx_word' id='word_1_48' title='bbox 738 1035 795 1125; x_wconf 85' lang='lat' dir='ltr'>qui</span> <span class='ocrx_word' id='word_1_49' title='bbox 806 1035 980 1102; x_wconf 88' lang='lat' dir='ltr'>audierunt</span> <span class='ocrx_word' id='word_1_50' title='bbox 996 1059 1175 1104; x_wconf 72' lang='lat' dir='ltr'>wrmoues</span> <span class='ocrx_word' id='word_1_51' title='bbox 1187 1041 1249 1128; x_wconf 84' lang='lat' dir='ltr'>ejus</span> 
     </span>
     <span class='ocr_line' id='line_1_8' title="bbox 202 1143 1247 1234; baseline -0.004 -16"><span class='ocrx_word' id='word_1_52' title='bbox 202 1162 236 1218; x_wconf 93' lang='lat' dir='ltr'>et</span> <span class='ocrx_word' id='word_1_53' title='bbox 257 1149 495 1224; x_wconf 77' lang='lat' dir='ltr'>messuerunt,</span> <span class='ocrx_word' id='word_1_54' title='bbox 510 1157 544 1214; x_wconf 88' lang='lat' dir='ltr'>et</span> <span class='ocrx_word' id='word_1_55' title='bbox 564 1145 715 1234; x_wconf 80' lang='lat' dir='ltr'>quonism</span> <span class='ocrx_word' id='word_1_56' title='bbox 734 1143 923 1234; x_wconf 71' lang='lat' dir='ltr'>expediebat</span> <span class='ocrx_word' id='word_1_57' title='bbox 942 1147 991 1212; x_wconf 86' lang='lat' dir='ltr'>eis</span> <span class='ocrx_word' id='word_1_58' title='bbox 1007 1147 1036 1213; x_wconf 80' lang='lat' dir='ltr'>si</span> <span class='ocrx_word' id='word_1_59' title='bbox 1061 1170 1134 1214; x_wconf 87' lang='lat' dir='ltr'>non</span> <span class='ocrx_word' id='word_1_60' title='bbox 1150 1164 1247 1216; x_wconf 70' lang='lat' dir='ltr'>urent</span> 
     </span>
     <span class='ocr_line' id='line_1_9' title="bbox 202 1252 1245 1346; baseline 0 -20"><span class='ocrx_word' id='word_1_61' title='bbox 202 1259 279 1334; x_wconf 85' lang='lat' dir='ltr'>nati,</span> <span class='ocrx_word' id='word_1_62' title='bbox 291 1269 324 1324; x_wconf 88' lang='lat' dir='ltr'>et</span> <span class='ocrx_word' id='word_1_63' title='bbox 338 1255 492 1346; x_wconf 85' lang='lat' dir='ltr'>quonism</span> <span class='ocrx_word' id='word_1_64' title='bbox 506 1252 700 1322; x_wconf 75' lang='lat' dir='ltr'><strong>tolerabilius</strong></span> <span class='ocrx_word' id='word_1_65' title='bbox 712 1252 863 1320; x_wconf 73' lang='lat' dir='ltr'>sotem</span> <span class='ocrx_word' id='word_1_66' title='bbox 877 1267 912 1321; x_wconf 83' lang='lat' dir='ltr'>et</span> <span class='ocrx_word' id='word_1_67' title='bbox 924 1254 1133 1323; x_wconf 70' lang='lat' dir='ltr'>Gomorrha</span> <span class='ocrx_word' id='word_1_68' title='bbox 1145 1260 1205 1324; x_wconf 85' lang='lat' dir='ltr'>erit</span> <span class='ocrx_word' id='word_1_69' title='bbox 1217 1261 1245 1326; x_wconf 87' lang='lat' dir='ltr'>io</span> 
     </span>
     <span class='ocr_line' id='line_1_10' title="bbox 200 1361 1244 1458; baseline 0.002 -23"><span class='ocrx_word' id='word_1_70' title='bbox 200 1367 332 1458; x_wconf 77' lang='lat' dir='ltr'>judicio,</span> <span class='ocrx_word' id='word_1_71' title='bbox 350 1389 447 1454; x_wconf 85' lang='lat' dir='ltr'>quem</span> <span class='ocrx_word' id='word_1_72' title='bbox 461 1364 579 1434; x_wconf 71' lang='lat' dir='ltr'>civitati</span> <span class='ocrx_word' id='word_1_73' title='bbox 593 1361 638 1430; x_wconf 78' lang='lat' dir='ltr'>iiii</span> <span class='ocrx_word' id='word_1_74' title='bbox 653 1387 725 1453; x_wconf 72' lang='lat' dir='ltr'>qun</span> <span class='ocrx_word' id='word_1_75' title='bbox 738 1385 805 1432; x_wconf 90' lang='lat' dir='ltr'>non</span> <span class='ocrx_word' id='word_1_76' title='bbox 820 1365 942 1455; x_wconf 76' lang='lat' dir='ltr'>reecpit</span> <span class='ocrx_word' id='word_1_77' title='bbox 957 1387 1139 1435; x_wconf 80' lang='lat' dir='ltr'>sermones</span> <span class='ocrx_word' id='word_1_78' title='bbox 1156 1367 1244 1437; x_wconf 78' lang='lat' dir='ltr'>d&#39;uu&#39;-</span> 
     </span>
     <span class='ocr_line' id='line_1_11' title="bbox 118 1475 445 1566; baseline -0.009 -21"><span class='ocrx_word' id='word_1_79' title='bbox 118 1522 123 1533; x_wconf 84' lang='lat'><strong>·</strong></span> <span class='ocrx_word' id='word_1_80' title='bbox 200 1476 349 1566; x_wconf 79' lang='lat' dir='ltr'>puberum</span> <span class='ocrx_word' id='word_1_81' title='bbox 363 1475 445 1565; x_wconf 80' lang='lat' dir='ltr'>ejus.</span> 
     </span>
    </p>

    <p class='ocr_par' dir='ltr' id='par_1_3' title="bbox 190 1580 1315 2770">
     <span class='ocr_line' id='line_1_12' title="bbox 244 1580 1240 1678; baseline -0.003 -21"><span class='ocrx_word' id='word_1_82' title='bbox 244 1587 284 1657; x_wconf 84' lang='grc' dir='ltr'>Π.</span> <span class='ocrx_word' id='word_1_83' title='bbox 304 1581 585 1665; x_wconf 78' lang='lat' dir='ltr'><strong>Quemadmodum</strong></span> <span class='ocrx_word' id='word_1_84' title='bbox 608 1581 695 1650; x_wconf 87' lang='lat' dir='ltr'>enim</span> <span class='ocrx_word' id='word_1_85' title='bbox 716 1580 750 1648; x_wconf 86' lang='lat' dir='ltr'>in</span> <span class='ocrx_word' id='word_1_86' title='bbox 772 1604 855 1649; x_wconf 85' lang='lat' dir='ltr'>novo</span> <span class='ocrx_word' id='word_1_87' title='bbox 876 1581 1096 1654; x_wconf 82' lang='lat' dir='ltr'>Testamento</span> <span class='ocrx_word' id='word_1_88' title='bbox 1116 1609 1156 1653; x_wconf 83' lang='lat' dir='ltr'>es</span> <span class='ocrx_word' id='word_1_89' title='bbox 1178 1611 1240 1678; x_wconf 71' lang='lat' dir='ltr'>qn</span> 
     </span>
     <span class='ocr_line' id='line_1_13' title="bbox 196 1693 1315 1775; baseline 0 -11"><span class='ocrx_word' id='word_1_90' title='bbox 196 1710 247 1764; x_wconf 86' lang='lat' dir='ltr'>ast</span> <span class='ocrx_word' id='word_1_91' title='bbox 267 1697 309 1763; x_wconf 85' lang='lat' dir='ltr'>ad</span> <span class='ocrx_word' id='word_1_92' title='bbox 326 1696 430 1764; x_wconf 86' lang='lat' dir='ltr'>Deum</span> <span class='ocrx_word' id='word_1_93' title='bbox 444 1693 523 1761; x_wconf 82' lang='lat' dir='ltr'>fides</span> <span class='ocrx_word' id='word_1_94' title='bbox 538 1693 705 1760; x_wconf 89' lang='lat' dir='ltr'>bominum</span> <span class='ocrx_word' id='word_1_95' title='bbox 719 1705 814 1761; x_wconf 83' lang='lat' dir='ltr'>sueta</span> <span class='ocrx_word' id='word_1_96' title='bbox 833 1706 893 1775; x_wconf 83' lang='lat' dir='ltr'>est,</span> <span class='ocrx_word' id='word_1_97' title='bbox 910 1693 1181 1765; x_wconf 81' lang='lat' dir='ltr'>additamentum</span> <span class='ocrx_word' id='word_1_98' title='bbox 1194 1723 1239 1766; x_wconf 86' lang='lat' dir='ltr'>se-</span> <span class='ocrx_word' id='word_1_99' title='bbox 1314 1706 1315 1764; x_wconf 65' lang='lat' dir='ltr'>t</span> 
     </span>
     <span class='ocr_line' id='line_1_14' title="bbox 198 1799 1236 1896; baseline -0.004 -24"><span class='ocrx_word' id='word_1_100' title='bbox 198 1805 319 1896; x_wconf 82' lang='lat' dir='ltr'>cipions</span> <span class='ocrx_word' id='word_1_101' title='bbox 339 1801 456 1870; x_wconf 78' lang='lat' dir='ltr'>Filium</span> <span class='ocrx_word' id='word_1_102' title='bbox 470 1800 542 1877; x_wconf 71' lang='lat' dir='ltr'>nei,</span> <span class='ocrx_word' id='word_1_103' title='bbox 558 1811 642 1867; x_wconf 88' lang='lat' dir='ltr'>utet</span> <span class='ocrx_word' id='word_1_104' title='bbox 656 1799 754 1867; x_wconf 89' lang='lat' dir='ltr'>bomo</span> <span class='ocrx_word' id='word_1_105' title='bbox 769 1801 861 1868; x_wconf 80' lang='lat' dir='ltr'>tieret</span> <span class='ocrx_word' id='word_1_106' title='bbox 875 1804 1040 1894; x_wconf 82' lang='lat' dir='ltr'>purtioeps</span> <span class='ocrx_word' id='word_1_107' title='bbox 1055 1805 1142 1880; x_wconf 63' lang='lat' dir='ltr'>Deir</span> <span class='ocrx_word' id='word_1_108' title='bbox 1153 1807 1194 1874; x_wconf 80' lang='lat' dir='ltr'>iu</span> <span class='ocrx_word' id='word_1_109' title='bbox 1208 1821 1236 1874; x_wconf 73' lang='lat' dir='ltr'>et</span> 
     </span>
     <span class='ocr_line' id='line_1_15' title="bbox 199 1909 1236 2005; baseline 0.002 -23"><span class='ocrx_word' id='word_1_110' title='bbox 199 1913 358 2005; x_wconf 75' lang='lat' dir='ltr'>diligentia</span> <span class='ocrx_word' id='word_1_111' title='bbox 373 1909 620 1980; x_wconf 76' lang='lat' dir='ltr'>conversationis</span> <span class='ocrx_word' id='word_1_112' title='bbox 634 1921 728 1976; x_wconf 79' lang='lat' dir='ltr'>sueta</span> <span class='ocrx_word' id='word_1_113' title='bbox 742 1921 802 1986; x_wconf 83' lang='lat' dir='ltr'>eat,</span> <span class='ocrx_word' id='word_1_114' title='bbox 818 1932 895 1977; x_wconf 89' lang='lat' dir='ltr'>eum</span> <span class='ocrx_word' id='word_1_115' title='bbox 908 1935 974 1978; x_wconf 89' lang='lat' dir='ltr'>non</span> <span class='ocrx_word' id='word_1_116' title='bbox 989 1911 1138 1982; x_wconf 75' lang='lat' dir='ltr'>wirma</span> <span class='ocrx_word' id='word_1_117' title='bbox 1153 1915 1236 1984; x_wconf 77' lang='lat' dir='ltr'>msiu</span> 
     </span>
     <span class='ocr_line' id='line_1_16' title="bbox 194 2018 1235 2116; baseline -0.006 -22"><span class='ocrx_word' id='word_1_118' title='bbox 194 2026 346 2116; x_wconf 83' lang='lat' dir='ltr'>operibus</span> <span class='ocrx_word' id='word_1_119' title='bbox 359 2021 518 2089; x_wconf 83' lang='lat' dir='ltr'>abstinere</span> <span class='ocrx_word' id='word_1_120' title='bbox 532 2019 696 2108; x_wconf 85' lang='lat' dir='ltr'>jubemur,</span> <span class='ocrx_word' id='word_1_121' title='bbox 711 2018 770 2084; x_wconf 85' lang='lat' dir='ltr'>sed</span> <span class='ocrx_word' id='word_1_122' title='bbox 783 2020 822 2086; x_wconf 80' lang='lat' dir='ltr'>sb</span> <span class='ocrx_word' id='word_1_123' title='bbox 839 2018 913 2109; x_wconf 84' lang='lat' dir='ltr'>ipsis</span> <span class='ocrx_word' id='word_1_124' title='bbox 927 2023 1197 2112; x_wconf 72' lang='lat' dir='ltr'>eogitationibm,</span> <span class='ocrx_word' id='word_1_125' title='bbox 1206 2041 1235 2094; x_wconf 77' lang='lat' dir='ltr'>et</span> 
     </span>
     <span class='ocr_line' id='line_1_17' title="bbox 194 2127 1234 2207; baseline -0.013 -4"><span class='ocrx_word' id='word_1_126' title='bbox 194 2135 305 2203; x_wconf 87' lang='lat' dir='ltr'>otiosis</span> <span class='ocrx_word' id='word_1_127' title='bbox 319 2131 528 2205; x_wconf 82' lang='lat' dir='ltr'>dictionibus,</span> <span class='ocrx_word' id='word_1_128' title='bbox 543 2139 576 2196; x_wconf 82' lang='lat' dir='ltr'>et</span> <span class='ocrx_word' id='word_1_129' title='bbox 590 2127 792 2196; x_wconf 76' lang='lat' dir='ltr'>temonibus</span> <span class='ocrx_word' id='word_1_130' title='bbox 805 2131 926 2207; x_wconf 81' lang='lat' dir='ltr'>raonis,</span> <span class='ocrx_word' id='word_1_131' title='bbox 941 2143 975 2197; x_wconf 89' lang='lat' dir='ltr'>et</span> <span class='ocrx_word' id='word_1_132' title='bbox 990 2135 1104 2202; x_wconf 79' lang='lat' dir='ltr'>vorbis</span> <span class='ocrx_word' id='word_1_133' title='bbox 1117 2139 1234 2204; x_wconf 63' lang='lat' dir='ltr'>roure.</span> 
     </span>
     <span class='ocr_line' id='line_1_18' title="bbox 195 2238 1230 2330; baseline 0 -17"><span class='ocrx_word' id='word_1_134' title='bbox 195 2247 277 2313; x_wconf 77' lang='lat' dir='ltr'>libus</span> <span class='ocrx_word' id='word_1_135' title='bbox 294 2267 303 2310; x_wconf 71' lang='grc' dir='ltr'><strong><em>ε</em></strong></span> <span class='ocrx_word' id='word_1_136' title='bbox 322 2243 368 2310; x_wconf 87' lang='lat' dir='ltr'>sic</span> <span class='ocrx_word' id='word_1_137' title='bbox 388 2252 421 2310; x_wconf 92' lang='lat' dir='ltr'>et</span> <span class='ocrx_word' id='word_1_138' title='bbox 441 2261 534 2330; x_wconf 81' lang='lat' dir='ltr'>poenr</span> <span class='ocrx_word' id='word_1_139' title='bbox 549 2261 662 2305; x_wconf 87' lang='lat' dir='ltr'>eorum</span> <span class='ocrx_word' id='word_1_140' title='bbox 676 2238 731 2327; x_wconf 85' lang='lat' dir='ltr'>qui</span> <span class='ocrx_word' id='word_1_141' title='bbox 751 2260 816 2305; x_wconf 93' lang='lat' dir='ltr'>non</span> <span class='ocrx_word' id='word_1_142' title='bbox 831 2239 967 2307; x_wconf 87' lang='lat' dir='ltr'>eredunt</span> <span class='ocrx_word' id='word_1_143' title='bbox 982 2241 1098 2312; x_wconf 74' lang='lat' dir='ltr'>Verbo</span> <span class='ocrx_word' id='word_1_144' title='bbox 1113 2245 1186 2323; x_wconf 84' lang='lat' dir='ltr'>Dei.</span> <span class='ocrx_word' id='word_1_145' title='bbox 1201 2261 1230 2313; x_wconf 85' lang='lat' dir='ltr'>et</span> 
     </span>
     <span class='ocr_line' id='line_1_19' title="bbox 191 2333 1227 2438; baseline -0.002 -15"><span class='ocrx_word' id='word_1_146' title='bbox 191 2362 403 2423; x_wconf 83' lang='lat' dir='ltr'>contemnunt</span> <span class='ocrx_word' id='word_1_147' title='bbox 425 2333 495 2438; x_wconf 79' lang='lat' dir='ltr'>ejus</span> <span class='ocrx_word' id='word_1_148' title='bbox 520 2347 705 2424; x_wconf 85' lang='lat' dir='ltr'>adventum,</span> <span class='ocrx_word' id='word_1_149' title='bbox 726 2360 760 2414; x_wconf 87' lang='lat' dir='ltr'>et</span> <span class='ocrx_word' id='word_1_150' title='bbox 780 2361 1013 2417; x_wconf 78' lang='lat' dir='ltr'>convertuntur</span> <span class='ocrx_word' id='word_1_151' title='bbox 1033 2365 1227 2430; x_wconf 82' lang='lat' dir='ltr'>retrorsum.</span> 
     </span>
     <span class='ocr_line' id='line_1_20' title="bbox 190 2455 1225 2553; baseline 0 -21"><span class='ocrx_word' id='word_1_152' title='bbox 190 2461 379 2553; x_wconf 66' lang='lat' dir='ltr'>ademptura</span> <span class='ocrx_word' id='word_1_153' title='bbox 394 2469 459 2532; x_wconf 69' lang='lat' dir='ltr'>este</span> <span class='ocrx_word' id='word_1_154' title='bbox 474 2481 539 2524; x_wconf 90' lang='lat' dir='ltr'>non</span> <span class='ocrx_word' id='word_1_155' title='bbox 555 2455 659 2525; x_wconf 84' lang='lat' dir='ltr'><strong>solum</strong></span> <span class='ocrx_word' id='word_1_156' title='bbox 673 2457 870 2550; x_wconf 79' lang='lat' dir='ltr'>temporalis.</span> <span class='ocrx_word' id='word_1_157' title='bbox 882 2461 939 2527; x_wconf 86' lang='lat' dir='ltr'>sed</span> <span class='ocrx_word' id='word_1_158' title='bbox 953 2474 987 2528; x_wconf 88' lang='lat' dir='ltr'>et</span> <span class='ocrx_word' id='word_1_159' title='bbox 1000 2475 1124 2531; x_wconf 79' lang='lat' dir='ltr'>aeterns</span> <span class='ocrx_word' id='word_1_160' title='bbox 1136 2465 1225 2534; x_wconf 70' lang='lat' dir='ltr'>bots.</span> 
     </span>
     <span class='ocr_line' id='line_1_21' title="bbox 190 2565 1226 2658; baseline 0 -18"><span class='ocrx_word' id='word_1_161' title='bbox 190 2574 455 2658; x_wconf 87' lang='lat' dir='ltr'>Quibuseumque</span> <span class='ocrx_word' id='word_1_162' title='bbox 469 2565 556 2634; x_wconf 89' lang='lat' dir='ltr'>enim</span> <span class='ocrx_word' id='word_1_163' title='bbox 572 2566 686 2632; x_wconf 82' lang='lat' dir='ltr'>dixerit</span> <span class='ocrx_word' id='word_1_164' title='bbox 701 2565 880 2633; x_wconf 84' lang='lat' dir='ltr'>Dominus:</span> <span class='ocrx_word' id='word_1_165' title='bbox 901 2594 915 2629; x_wconf 87' lang='lat' dir='ltr'>r</span> <span class='ocrx_word' id='word_1_166' title='bbox 934 2567 1100 2638; x_wconf 84' lang='lat' dir='ltr'>Disoedite</span> <span class='ocrx_word' id='word_1_167' title='bbox 1122 2597 1141 2638; x_wconf 83' lang='lat' dir='ltr'>s</span> <span class='ocrx_word' id='word_1_168' title='bbox 1164 2597 1226 2650; x_wconf 88' lang='lat' dir='ltr'>me.</span> 
     </span>
     <span class='ocr_line' id='line_1_22' title="bbox 190 2673 1227 2770; baseline 0.001 -24"><span class='ocrx_word' id='word_1_169' title='bbox 190 2713 205 2746; x_wconf 73' lang='lat' dir='ltr'>s</span> <span class='ocrx_word' id='word_1_170' title='bbox 218 2678 391 2754; x_wconf 84' lang='lat' dir='ltr'>maledieti,</span> <span class='ocrx_word' id='word_1_171' title='bbox 403 2673 554 2766; x_wconf 77' lang='lat' dir='ltr'>inignem</span> <span class='ocrx_word' id='word_1_172' title='bbox 565 2687 756 2764; x_wconf 85' lang='lat' dir='ltr'>perpetuum</span> <span class='ocrx_word' id='word_1_173' title='bbox 765 2673 794 2752; x_wconf 71' lang='grc' dir='ltr'>’ς</span> <span class='ocrx_word' id='word_1_174' title='bbox 808 2675 881 2742; x_wconf 80' lang='lat' dir='ltr'>»isti</span> <span class='ocrx_word' id='word_1_175' title='bbox 892 2690 988 2743; x_wconf 86' lang='lat' dir='ltr'>eruut</span> <span class='ocrx_word' id='word_1_176' title='bbox 999 2699 1131 2770; x_wconf 83' lang='lat' dir='ltr'>semper</span> <span class='ocrx_word' id='word_1_177' title='bbox 1141 2681 1227 2750; x_wconf 75' lang='lat' dir='ltr'>dnm·</span> 
     </span>
    </p>
   </div>
   <div class='ocr_carea' id='block_1_3' title="bbox 2 2775 1225 2878">
    <p class='ocr_par' dir='ltr' id='par_1_4' title="bbox 2 2775 1225 2878">
     <span class='ocr_line' id='line_1_23' title="bbox 2 2775 1225 2878; baseline -0.007 -16"><span class='ocrx_word' id='word_1_178' title='bbox 2 2775 3 2786; x_wconf 29' lang='lat'>¹</span> <span class='ocrx_word' id='word_1_179' title='bbox 120 2869 127 2878; x_wconf 42' lang='grc'>,</span> <span class='ocrx_word' id='word_1_180' title='bbox 189 2789 268 2863; x_wconf 72' lang='grc' dir='ltr'>ηαιίς</span> <span class='ocrx_word' id='word_1_181' title='bbox 284 2799 317 2854; x_wconf 88' lang='lat' dir='ltr'>et</span> <span class='ocrx_word' id='word_1_182' title='bbox 336 2783 590 2875; x_wconf 82' lang='lat' dir='ltr'>quibuscumque</span> <span class='ocrx_word' id='word_1_183' title='bbox 611 2777 724 2847; x_wconf 80' lang='lat' dir='ltr'>dixerit</span> <span class='ocrx_word' id='word_1_184' title='bbox 742 2779 918 2859; x_wconf 67' lang='lat' dir='ltr'>aventes.</span> <span class='ocrx_word' id='word_1_185' title='bbox 939 2783 1104 2854; x_wconf 83' lang='lat' dir='ltr'>benedieti</span> <span class='ocrx_word' id='word_1_186' title='bbox 1125 2785 1225 2854; x_wconf 82' lang='lat' dir='ltr'>Petris</span> 
     </span>
    </p>
   </div>
   <div class='ocr_carea' id='block_1_4' title="bbox 176 2891 1224 4064">
    <p class='ocr_par' dir='ltr' id='par_1_5' title="bbox 176 2891 1224 3859">
     <span class='ocr_line' id='line_1_24' title="bbox 188 2891 1224 2987; baseline -0.002 -20"><span class='ocrx_word' id='word_1_187' title='bbox 188 2897 292 2973; x_wconf 75' lang='lat' dir='ltr'>smel.</span> <span class='ocrx_word' id='word_1_188' title='bbox 315 2894 470 2987; x_wconf 85' lang='lat' dir='ltr'>percipite</span> <span class='ocrx_word' id='word_1_189' title='bbox 493 2891 711 2960; x_wconf 66' lang='lat' dir='ltr'>hereditatem</span> <span class='ocrx_word' id='word_1_190' title='bbox 729 2892 818 2982; x_wconf 79' lang='lat' dir='ltr'>regui</span> <span class='ocrx_word' id='word_1_191' title='bbox 838 2892 926 2984; x_wconf 88' lang='lat' dir='ltr'>quod</span> <span class='ocrx_word' id='word_1_192' title='bbox 940 2891 1158 2984; x_wconf 63' lang='lat' dir='ltr'>properatum</span> <span class='ocrx_word' id='word_1_193' title='bbox 1178 2913 1224 2965; x_wconf 78' lang='lat' dir='ltr'>est</span> 
     </span>
     <span class='ocr_line' id='line_1_25' title="bbox 187 2995 1220 3093; baseline -0.002 -21"><span class='ocrx_word' id='word_1_194' title='bbox 187 3003 304 3076; x_wconf 78' lang='lat' dir='ltr'>srobis</span> <span class='ocrx_word' id='word_1_195' title='bbox 318 3003 351 3070; x_wconf 87' lang='lat' dir='ltr'>in</span> <span class='ocrx_word' id='word_1_196' title='bbox 370 2995 640 3088; x_wconf 78' lang='lat' dir='ltr'>sempiternum²;</span> <span class='ocrx_word' id='word_1_197' title='bbox 657 3027 671 3062; x_wconf 81' lang='lat' dir='ltr'>s</span> <span class='ocrx_word' id='word_1_198' title='bbox 688 2997 721 3064; x_wconf 88' lang='lat' dir='ltr'>bi</span> <span class='ocrx_word' id='word_1_199' title='bbox 737 3020 864 3087; x_wconf 78' lang='lat' dir='ltr'>semper</span> <span class='ocrx_word' id='word_1_200' title='bbox 877 3000 1059 3090; x_wconf 87' lang='lat' dir='ltr'>percipiunt</span> <span class='ocrx_word' id='word_1_201' title='bbox 1072 3023 1220 3093; x_wconf 70' lang='lat' dir='ltr'>regnum,</span> 
     </span>
     <span class='ocr_line' id='line_1_26' title="bbox 183 3107 1220 3206; baseline -0.006 -20"><span class='ocrx_word' id='word_1_202' title='bbox 183 3129 219 3185; x_wconf 82' lang='lat' dir='ltr'>et</span> <span class='ocrx_word' id='word_1_203' title='bbox 234 3111 406 3206; x_wconf 73' lang='lat' dir='ltr'>proiciunt</span> <span class='ocrx_word' id='word_1_204' title='bbox 422 3132 430 3176; x_wconf 77' lang='lat' dir='ltr'>s</span> <span class='ocrx_word' id='word_1_205' title='bbox 448 3126 523 3176; x_wconf 85' lang='lat' dir='ltr'>oum</span> <span class='ocrx_word' id='word_1_206' title='bbox 543 3107 584 3174; x_wconf 85' lang='lat' dir='ltr'>sit</span> <span class='ocrx_word' id='word_1_207' title='bbox 604 3129 685 3174; x_wconf 86' lang='lat' dir='ltr'>unus</span> <span class='ocrx_word' id='word_1_208' title='bbox 699 3118 733 3173; x_wconf 87' lang='lat' dir='ltr'>et</span> <span class='ocrx_word' id='word_1_209' title='bbox 750 3107 837 3175; x_wconf 87' lang='lat' dir='ltr'>idem</span> <span class='ocrx_word' id='word_1_210' title='bbox 859 3107 945 3176; x_wconf 87' lang='lat' dir='ltr'>Deus</span> <span class='ocrx_word' id='word_1_211' title='bbox 965 3109 1073 3189; x_wconf 80' lang='lat' dir='ltr'>Pater,</span> <span class='ocrx_word' id='word_1_212' title='bbox 1088 3125 1123 3178; x_wconf 88' lang='lat' dir='ltr'>et</span> <span class='ocrx_word' id='word_1_213' title='bbox 1136 3113 1220 3180; x_wconf 83' lang='lat' dir='ltr'>Ver-</span> 
     </span>
     <span class='ocr_line' id='line_1_27' title="bbox 185 3215 1220 3312; baseline -0.005 -17"><span class='ocrx_word' id='word_1_214' title='bbox 185 3230 265 3294; x_wconf 85' lang='lat' dir='ltr'>bum</span> <span class='ocrx_word' id='word_1_215' title='bbox 278 3223 366 3312; x_wconf 58' lang='lat' dir='ltr'>ejus.</span> <span class='ocrx_word' id='word_1_216' title='bbox 376 3239 501 3308; x_wconf 89' lang='lat' dir='ltr'>semper</span> <span class='ocrx_word' id='word_1_217' title='bbox 515 3215 662 3284; x_wconf 70' lang='lat' dir='ltr'>auritteret</span> <span class='ocrx_word' id='word_1_218' title='bbox 678 3215 819 3283; x_wconf 89' lang='lat' dir='ltr'>bumsnn</span> <span class='ocrx_word' id='word_1_219' title='bbox 838 3218 961 3307; x_wconf 75' lang='lat' dir='ltr'>generi,</span> <span class='ocrx_word' id='word_1_220' title='bbox 979 3221 1072 3286; x_wconf 78' lang='lat' dir='ltr'>variis</span> <span class='ocrx_word' id='word_1_221' title='bbox 1088 3221 1220 3310; x_wconf 76' lang='lat' dir='ltr'>quiden</span> 
     </span>
     <span class='ocr_line' id='line_1_28' title="bbox 181 3325 1219 3426; baseline -0.002 -22"><span class='ocrx_word' id='word_1_222' title='bbox 181 3331 453 3426; x_wconf 86' lang='lat' dir='ltr'>dispositionibus‚</span> <span class='ocrx_word' id='word_1_223' title='bbox 468 3339 501 3396; x_wconf 86' lang='lat' dir='ltr'>et</span> <span class='ocrx_word' id='word_1_224' title='bbox 515 3326 616 3396; x_wconf 86' lang='lat' dir='ltr'><strong>multu</strong></span> <span class='ocrx_word' id='word_1_225' title='bbox 632 3349 780 3416; x_wconf 77' lang='lat' dir='ltr'>operans,</span> <span class='ocrx_word' id='word_1_226' title='bbox 799 3340 833 3394; x_wconf 83' lang='lat' dir='ltr'>et</span> <span class='ocrx_word' id='word_1_227' title='bbox 854 3325 977 3396; x_wconf 83' lang='lat' dir='ltr'>sslrsns</span> <span class='ocrx_word' id='word_1_228' title='bbox 992 3332 1032 3398; x_wconf 87' lang='lat' dir='ltr'>ab</span> <span class='ocrx_word' id='word_1_229' title='bbox 1056 3332 1148 3400; x_wconf 80' lang='lat' dir='ltr'>initio</span> <span class='ocrx_word' id='word_1_230' title='bbox 1165 3359 1219 3402; x_wconf 87' lang='lat' dir='ltr'>eos</span> 
     </span>
     <span class='ocr_line' id='line_1_29' title="bbox 180 3435 1219 3536; baseline -0.002 -23"><span class='ocrx_word' id='word_1_231' title='bbox 180 3446 239 3536; x_wconf 86' lang='lat' dir='ltr'>qui</span> <span class='ocrx_word' id='word_1_232' title='bbox 256 3441 419 3512; x_wconf 79' lang='lat' dir='ltr'>solvemur</span> <span class='ocrx_word' id='word_1_233' title='bbox 437 3439 528 3526; x_wconf 92' lang='lat' dir='ltr'>(suut</span> <span class='ocrx_word' id='word_1_234' title='bbox 541 3437 627 3504; x_wconf 89' lang='lat' dir='ltr'>enim</span> <span class='ocrx_word' id='word_1_235' title='bbox 640 3435 676 3508; x_wconf 90' lang='lat' dir='ltr'>bi</span> <span class='ocrx_word' id='word_1_236' title='bbox 693 3437 747 3526; x_wconf 87' lang='lat' dir='ltr'>qui</span> <span class='ocrx_word' id='word_1_237' title='bbox 768 3436 903 3528; x_wconf 72' lang='lat' dir='ltr'>diligunt</span> <span class='ocrx_word' id='word_1_238' title='bbox 918 3439 1034 3518; x_wconf 83' lang='lat' dir='ltr'>Deum,</span> <span class='ocrx_word' id='word_1_239' title='bbox 1050 3454 1083 3508; x_wconf 82' lang='lat' dir='ltr'>et</span> <span class='ocrx_word' id='word_1_240' title='bbox 1104 3463 1219 3512; x_wconf 84' lang='lat' dir='ltr'>secun·</span> 
     </span>
     <span class='ocr_line' id='line_1_30' title="bbox 179 3545 1216 3640; baseline -0.003 -15"><span class='ocrx_word' id='word_1_241' title='bbox 179 3559 261 3626; x_wconf 88' lang='lat' dir='ltr'>dum</span> <span class='ocrx_word' id='word_1_242' title='bbox 281 3574 376 3622; x_wconf 91' lang='lat' dir='ltr'>suum</span> <span class='ocrx_word' id='word_1_243' title='bbox 391 3571 489 3640; x_wconf 79' lang='lat' dir='ltr'>genus</span> <span class='ocrx_word' id='word_1_244' title='bbox 507 3559 685 3638; x_wconf 81' lang='lat' dir='ltr'>sequuntur·</span> <span class='ocrx_word' id='word_1_245' title='bbox 699 3546 843 3616; x_wconf 83' lang='lat' dir='ltr'>Verbum</span> <span class='ocrx_word' id='word_1_246' title='bbox 857 3545 915 3616; x_wconf 83' lang='lat' dir='ltr'>Dei</span> <span class='ocrx_word' id='word_1_247' title='bbox 925 3551 954 3638; x_wconf 66' lang='lat' dir='ltr'>t,</span> <span class='ocrx_word' id='word_1_248' title='bbox 976 3562 1009 3617; x_wconf 81' lang='lat' dir='ltr'>et</span> <span class='ocrx_word' id='word_1_249' title='bbox 1026 3551 1216 3640; x_wconf 78' lang='lat' dir='ltr'>edjudieans</span> 
     </span>
     <span class='ocr_line' id='line_1_31' title="bbox 176 3656 1214 3752; baseline 0.003 -24"><span class='ocrx_word' id='word_1_250' title='bbox 176 3689 236 3734; x_wconf 71' lang='lat' dir='ltr'>sos</span> <span class='ocrx_word' id='word_1_251' title='bbox 251 3663 304 3752; x_wconf 89' lang='lat' dir='ltr'>qui</span> <span class='ocrx_word' id='word_1_252' title='bbox 319 3658 557 3750; x_wconf 81' lang='lat' dir='ltr'>adjudicantur,</span> <span class='ocrx_word' id='word_1_253' title='bbox 573 3657 680 3735; x_wconf 84' lang='lat' dir='ltr'>idest,</span> <span class='ocrx_word' id='word_1_254' title='bbox 697 3658 821 3748; x_wconf 85' lang='lat' dir='ltr'>eosqui</span> <span class='ocrx_word' id='word_1_255' title='bbox 842 3656 1076 3728; x_wconf 75' lang='lat' dir='ltr'>obliviscuntur</span> <span class='ocrx_word' id='word_1_256' title='bbox 1097 3663 1214 3740; x_wconf 77' lang='lat' dir='ltr'>Derim.</span> 
     </span>
     <span class='ocr_line' id='line_1_32' title="bbox 176 3767 1015 3859; baseline -0.008 -16"><span class='ocrx_word' id='word_1_257' title='bbox 176 3789 212 3843; x_wconf 85' lang='lat' dir='ltr'>et</span> <span class='ocrx_word' id='word_1_258' title='bbox 227 3783 301 3842; x_wconf 90' lang='lat' dir='ltr'>sunt</span> <span class='ocrx_word' id='word_1_259' title='bbox 314 3767 506 3859; x_wconf 81' lang='lat' dir='ltr'>blasphemi,</span> <span class='ocrx_word' id='word_1_260' title='bbox 521 3777 555 3834; x_wconf 89' lang='lat' dir='ltr'>st</span> <span class='ocrx_word' id='word_1_261' title='bbox 568 3779 813 3857; x_wconf 71' lang='lat' dir='ltr'>transgressores</span> <span class='ocrx_word' id='word_1_262' title='bbox 826 3768 897 3856; x_wconf 84' lang='lat' dir='ltr'>ejus</span> <span class='ocrx_word' id='word_1_263' title='bbox 916 3769 1015 3836; x_wconf 80' lang='lat' dir='ltr'>verbi.</span> 
     </span>
    </p>

    <p class='ocr_par' dir='ltr' id='par_1_6' title="bbox 223 3873 1212 3964">
     <span class='ocr_line' id='line_1_33' title="bbox 223 3873 1212 3964; baseline 0 -16"><span class='ocrx_word' id='word_1_264' title='bbox 223 3880 279 3949; x_wconf 82' lang='grc' dir='ltr'><strong>ΙΙΙ.</strong></span> <span class='ocrx_word' id='word_1_265' title='bbox 297 3876 424 3944; x_wconf 83' lang='lat' dir='ltr'>Etenim</span> <span class='ocrx_word' id='word_1_266' title='bbox 445 3875 479 3942; x_wconf 90' lang='lat' dir='ltr'>bi</span> <span class='ocrx_word' id='word_1_267' title='bbox 502 3873 559 3963; x_wconf 85' lang='lat' dir='ltr'>ipsi</span> <span class='ocrx_word' id='word_1_268' title='bbox 574 3874 629 3962; x_wconf 80' lang='lat' dir='ltr'>qui</span> <span class='ocrx_word' id='word_1_269' title='bbox 650 3897 669 3939; x_wconf 84' lang='lat' dir='ltr'>e</span> <span class='ocrx_word' id='word_1_270' title='bbox 689 3873 780 3943; x_wconf 89' lang='lat' dir='ltr'>uobis</span> <span class='ocrx_word' id='word_1_271' title='bbox 799 3874 943 3964; x_wconf 71' lang='lat' dir='ltr'>predicti</span> <span class='ocrx_word' id='word_1_272' title='bbox 964 3887 1049 3954; x_wconf 87' lang='lat' dir='ltr'>suut,</span> <span class='ocrx_word' id='word_1_273' title='bbox 1071 3877 1212 3948; x_wconf 76' lang='lat' dir='ltr'>bmretiti</span> 
     </span>
    </p>

    <p class='ocr_par' dir='ltr' id='par_1_7' title="bbox 211 3998 636 4064">
     <span class='ocr_line' id='line_1_34' title="bbox 211 3998 636 4064; baseline -0.016 -5"><span class='ocrx_word' id='word_1_274' title='bbox 211 4005 323 4058; x_wconf 69' lang='lat' dir='ltr'>‘murts</span> <span class='ocrx_word' id='word_1_275' title='bbox 335 4019 393 4064; x_wconf 80' lang='lat' dir='ltr'>xxa,</span> <span class='ocrx_word' id='word_1_276' title='bbox 406 4001 446 4060; x_wconf 75' lang='lat' dir='ltr'>dt.</span> <span class='ocrx_word' id='word_1_277' title='bbox 458 4025 488 4040; x_wconf 87' lang='lat'>-</span> <span class='ocrx_word' id='word_1_278' title='bbox 501 3998 585 4050; x_wconf 64' lang='grc' dir='ltr'>ΗΜ.</span> <span class='ocrx_word' id='word_1_279' title='bbox 596 4000 636 4060; x_wconf 71' lang='lat' dir='ltr'>bd.</span> 
     </span>
    </p>
   </div>
   <div class='ocr_carea' id='block_1_5' title="bbox 0 0 1322 4648">
    <p class='ocr_par' dir='ltr' id='par_1_8' title="bbox 0 0 1322 4648">
     <span class='ocr_line' id='line_1_35' title="bbox 0 0 1322 4648; baseline 0 9"><span class='ocrx_word' id='word_1_280' title='bbox 0 0 1322 4648; x_wconf 95' lang='lat' dir='ltr'> </span> 
     </span>
    </p>
   </div>
  </div>
 </body>
</html>
