2648 4598
295 255 334 296 ΒΕ
359 249 610 294 RESURRECTIONE
634 251 830 295 montuosus!-
1019 254 1027 292 Ι
1040 255 1075 315 17

56 365 86 428 in
97 373 239 427 mutuam
251 358 503 432 consensionem,
517 367 548 421 et
560 357 720 422 actionum
731 359 773 424 ad
783 379 818 422 eo
832 358 947 446 quibus
959 359 1077 447 indiget

55 471 246 544 societatem,
264 467 329 533 sola
345 469 410 556 ipsa
425 466 597 554 judicetur,
615 479 646 531 et
662 467 817 555 appetitus
834 490 871 534 ac
888 467 1076 560 voluptates,

54 591 155 645 metus
177 591 209 644 et
232 577 369 653 dolores,
390 576 554 664 inquibus
577 575 729 663 quidquid
750 577 854 644 minus
875 577 1076 644 moderatum

52 689 169 777 judicio
189 687 360 753 obnoxium
378 697 437 761 est,
457 709 475 752 e
492 707 625 773 corpore
641 687 813 753 motionem
831 686 984 759 habeunts
1006 710 1076 774 quae

55 809 160 862 autem
171 819 211 862 ex
221 797 266 862 eis
277 805 514 882 consequuntur
523 807 666 885 peccata,
678 805 710 860 et
721 819 789 882 quae
801 819 840 860 ex
849 794 987 883 peccatis
998 817 1076 882 sup-

53 907 159 996 plicia,
171 930 207 972 ea
220 906 252 972 in
265 905 364 972 solem
375 906 512 972 animam
523 905 676 980 ferantur,
688 928 749 971 nec
761 905 954 994 indigentem
966 906 1077 993 cujus-

55 1039 150 1110 quom
165 1015 321 1106 ejusmodi
336 1015 395 1091 rei,
412 1037 472 1082 nec
487 1025 701 1102 appetentem,
717 1038 777 1080 nee
791 1025 997 1091 metuentem,
1016 1037 1076 1082 nec

53 1125 227 1213 quidquam
257 1122 413 1211 ejusmodi
444 1123 615 1211 patientem
648 1123 736 1211 quod
760 1123 855 1188 homo
885 1124 949 1210 pati
976 1121 1076 1189 soleti

54 1232 205 1310 Quamvis
220 1242 328 1296 autem
342 1254 406 1296 non
421 1228 516 1295 solius
531 1231 683 1318 corporis,
701 1229 756 1295 sed
770 1228 908 1295 hominis
923 1252 990 1295 esse
1004 1251 1076 1295 mo-

52 1353 102 1406 tus
116 1340 212 1406 animi
227 1361 392 1428 ponamus,
412 1337 500 1425 quod
515 1337 644 1425 quidem
660 1350 746 1404 recte
759 1336 905 1412 facimus,
925 1338 996 1426 quia
1012 1361 1074 1404 una

51 1460 98 1512 est
119 1469 158 1512 ex
180 1447 303 1512 duobus
322 1445 418 1532 ipsius
440 1445 515 1520 vita,
534 1468 599 1510 uon
618 1457 724 1512 tamen
747 1445 815 1512 haec
833 1445 945 1512 animae
965 1469 1076 1512 conve·

51 1556 118 1620 nire
134 1555 285 1629 dicemus,
302 1553 327 1619 si
342 1553 503 1641 propriam
517 1553 586 1640 ejus
602 1564 748 1620 naturam
765 1575 844 1640 pure
859 1553 1071 1642 inspiciemus.

49 1663 131 1729 Num
152 1663 177 1728 si
202 1661 317 1728 nullius
341 1661 469 1726 omnino
491 1659 631 1728 alimenti
652 1665 736 1748 eget,
760 1683 923 1748 nunquam
945 1686 981 1728 eu
1003 1687 1076 1752 pro·

49 1769 133 1837 lecto
153 1781 279 1859 appetet
306 1771 420 1858 quibus
445 1793 524 1858 opus
547 1793 611 1836 non
634 1769 729 1836 babet
750 1782 785 1833 ut
804 1771 928 1848 existet,
951 1795 1011 1838 neo
1034 1773 1076 1838 ad

49 1903 161 1946 eorum
180 1878 352 1965 quidquam
366 1878 506 1966 rapietur
525 1878 638 1965 quibus
661 1878 789 1944 omnino
805 1879 850 1945 uti
869 1903 933 1946 non
952 1893 1055 1968 potest
1061 1906 1070 1955 ;

50 2009 154 2074 neque
170 1987 265 2053 etiem
277 1985 397 2051 dolebit
407 1973 711 2074 propter'penuriam
722 1988 929 2074 peetmiarum
940 2001 994 2054 eut
1006 2014 1075 2079 pos-

50 2095 237 2168 sessionum,
255 2105 289 2158 ut
304 2117 373 2180 quae
389 2092 467 2159 nihil
482 2093 523 2158 ad
538 2117 609 2159 enm
623 2093 810 2180 pertineant.
830 2096 926 2173 Quod
937 2097 963 2162 si
978 2099 1074 2164 etiam

49 2203 253 2289 corruptione
271 2202 413 2290 superior
429 2215 490 2277 est,
508 2200 585 2266 nihil
603 2202 732 2267 omnino
751 2204 863 2269 metuit
879 2205 965 2292 quod
983 2207 1011 2270 ei
1029 2207 1075 2271 in-

47 2313 178 2377 teritum
193 2312 290 2400 possit
302 2311 435 2378 efferre:
453 2334 518 2377 non
529 2311 677 2377 formidat
688 2311 816 2387 samem,
833 2336 897 2378 non
911 2317 1073 2390 morbum,

47 2443 114 2485 non
132 2423 349 2485 membrorum
370 2421 663 2487 abscissionemaut
681 2420 836 2509 insignem
853 2446 989 2499 naevum,
1009 2447 1074 2492 non

47 2531 155 2616 ignem
176 2542 232 2594 out
253 2528 388 2602 ferrum:
416 2528 532 2617 quippe
554 2551 628 2594 oum
650 2552 690 2594 ex
711 2529 759 2594 his
781 2529 860 2595 nihil
885 2532 949 2618 pati
977 2534 1074 2621 possit

46 2636 133 2701 noxii
149 2649 203 2700 aut
214 2634 349 2711 molesti,
365 2660 460 2724 quum
475 2636 604 2702 omnino
619 2659 680 2701 nee
696 2659 828 2725 corpora
839 2639 998 2726 attingunt
1014 2663 1074 2706 nec

45 2766 218 2833 corporum
232 2744 404 2811 facultates.
424 2744 521 2823 Quod
531 2746 556 2812 si
568 2745 696 2812 vitiosos
707 2757 811 2810 motus
826 2747 992 2813 animabus
1003 2772 1073 2836 pro·

44 2854 115 2942 pria
129 2853 278 2941 affingere
291 2854 465 2922 absurdum
481 2863 544 2926 est3
564 2864 633 2918 orta
647 2875 687 2917 ex
700 2853 749 2920 his
763 2865 893 2940 peccata
908 2867 991 2922 etex
1001 2881 1074 2946 pec·

46 2962 126 3027 catis
138 2959 289 3048 supplicia
300 2961 333 3025 in
344 2959 424 3024 solas
437 2961 555 3025 animm
567 2961 724 3035 conferre,
737 2959 829 3050 longe
840 2963 1071 3051 iniquissimum

45 3079 81 3133 et
94 3068 153 3132 Dei
168 3067 286 3155 judicio
301 3067 476 3155 indignum.

92 3175 198 3243 XXll.
218 3175 267 3242 Ad
283 3173 352 3242 haec
367 3174 526 3260 quomodo
542 3197 605 3240 non
621 3176 794 3242 absurdum
810 3178 959 3248 virtutem
976 3193 1009 3250 et
1028 3185 1073 3248 vi-

44 3289 130 3354 tium
141 3286 324 3376 recogitari
336 3285 464 3373 quidem
476 3285 746 3375 separatimposse
759 3288 791 3353 in
803 3277 907 3356 anima
926 3291 1073 3376 (virtutes

41 3399 146 3473 enim,
159 3397 295 3464 bominis
306 3397 437 3462 virtutes
448 3417 516 3461 esse
527 3397 685 3472 novimus,
699 3408 730 3462 et
743 3400 919 3487 oppositam
929 3401 975 3467 eis
987 3403 1074 3468 vitio-

42 3507 171 3573 sitatem
182 3529 247 3572 non
258 3507 370 3572 animae
382 3529 399 3570 a
411 3527 544 3593 corpore
555 3517 704 3593 seperate
716 3517 771 3572 aut
783 3529 840 3595 per
851 3509 984 3596 seipsam
995 3510 1073 3575 exis-

44 3617 174 3706 tentis),
197 3617 314 3683 horum
335 3625 441 3680 autem
461 3615 641 3682 mercedem
660 3627 716 3681 aut
733 3637 860 3704 poenam
880 3618 1069 3686 inanimam

42 3724 147 3792 solam
163 3724 259 3791 serrii’
275 3725 338 3791 dut
355 3723 514 3810 quomodo
531 3724 629 3812 possit
646 3725 714 3812 quis
732 3725 764 3791 in
782 3724 885 3792 anima
903 3724 966 3791 solo
984 3727 1070 3793 sorti-

43 3835 189 3901 tudincm
204 3846 236 3900 et
248 3835 454 3902 constantiam
467 3833 514 3900 vel
527 3833 714 3922 cogitatione
730 3833 910 3908 informare,
928 3859 998 3922 quse
1008 3859 1067 3904 nec
