2640 4622
165 199 167 204 ¹
252 235 399 282 ornaoeos
424 234 484 278 coa
509 233 670 278 nnrrnonn
692 231 806 276 sonno.
975 215 1040 296 419

9 342 162 432 ontigit,
176 365 249 409 curn
260 343 409 407 advorsus
419 361 493 404 eum
505 337 537 402 in
547 349 688 406 montem
700 334 863 402 Oliverum
874 350 1038 412 venerunt,

16 463 43 513 t
65 473 144 516 eum
163 449 478 538 comprehenderent.
502 445 582 512 Nom
596 445 629 510 in
643 446 889 522 commentariis,
909 467 988 532 quos
1001 448 1041 513 ab
1061 447 1063 452 ’

9 560 87 643 jus
104 558 262 648 Apostolis
276 579 449 643 eorumque
461 551 620 642 discipulis
634 554 766 640 scriptos
781 553 864 630 dico,
881 554 1042 642 proditum

9 677 65 728 st
84 665 246 740 sudorem,
262 664 358 731 veluti
371 675 473 752 guttas
487 661 659 749 sanguinis,
674 661 949 738 exeo‘deiluxisse‚
967 686 1043 731 cum

19 784 205 838 teneretur
220 795 256 840 sc
269 772 387 838 diceret
401 793 409 836 ε
424 770 463 834 Si
472 769 548 856 fieri
555 783 672 856 potest,
686 783 830 836 namnet
841 771 930 838 catto
941 770 1041 840 itte¹s

15 881 285 948 ontremiscente
310 877 454 944 videlieet
479 875 562 942 iilius
584 875 682 942 corde
702 887 735 942 ct
755 878 877 946 ossibus
898 878 1042 950 similiter

8 989 350 1062 tontremiscentibus,
368 985 516 1052 necorde
534 985 673 1072 speciem
691 985 828 1054 habente
843 985 1041 1072 liquescentis

8 1123 47 1162 n
77 1108 218 1162 ventrem
239 1119 338 1169 ceraes
363 1108 398 1159 nt
421 1104 508 1161 certo
529 1093 680 1159 sciremus
703 1091 838 1160 voluisse
862 1094 987 1166 Patren
1008 1097 1041 1166 in

8 1251 9 1256 η
13 1205 35 1290 j
48 1199 176 1267 usmddi
194 1201 290 1266 etiem
307 1197 559 1288 perpessionibns
578 1195 693 1266 Filium
712 1219 807 1265 suum
825 1220 898 1264 vere
913 1212 1042 1288 propter

8 1333 79 1376 ros
95 1309 222 1385 versari,
238 1317 298 1376 nec
309 1309 484 1374 diceremus
495 1327 583 1380 eum.
599 1327 673 1376 enm
685 1302 783 1372 Filius
797 1305 856 1376 Dei
871 1319 964 1384 esset,
978 1331 1041 1377 non

7 1417 150 1482 ensisse
168 1438 239 1502 quae
256 1417 285 1480 ei
302 1413 421 1482 inssiote
440 1423 526 1487 sunt,
546 1433 677 1500 quaeque
695 1411 724 1478 ei
742 1412 936 1480 acciderunt.
960 1414 1043 1484 Illud

7 1540 136 1600 utem,
147 1545 170 1586 ἰ
181 1524 272 1590 Arnit
292 1537 443 1612 tanquam
463 1535 543 1589 teste
563 1523 662 1588 virtus
682 1544 765 1597 meo,
790 1533 823 1588 et
843 1521 948 1611 lingua
970 1547 1041 1592 mea

30 1633 174 1700 adbaesit
184 1633 327 1698 inanibus
337 1633 415 1698 meis
424 1629 472 1707 ’,ι
487 1629 646 1696 silentium
658 1627 748 1704 illud,
762 1629 875 1718 dequo
886 1633 952 1718 jam
964 1631 1039 1708 dini,

7 1739 259 1813 »raenuntinbnt,
275 1761 349 1804 eum
364 1739 390 1806 is
405 1738 459 1824 qui
475 1749 594 1802 vestros
609 1757 718 1803 omnes
734 1737 914 1826 insipientes
930 1741 1040 1828 magis·

7 1873 82 1914 ros
98 1871 230 1936 arguere
244 1847 376 1920 solebat,
392 1843 515 1912 nullum
530 1845 660 1911 omnino
675 1845 807 1912 verbum
822 1847 993 1935 respondit.

61 1954 143 2020 etv.
162 1957 203 2020 Et
213 1953 313 2019 illud:
331 1957 392 2020 «ln
403 1953 565 2042 pulverem
575 1955 685 2020 mortis
702 1953 856 2020 deduxisti
873 1977 934 2020 me.
954 1956 1040 2036 Quo

33 2063 130 2128 niam
152 2059 429 2128 circumdederunt
450 2083 501 2126 me
523 2083 616 2128 canos
634 2058 738 2135 multi,
762 2060 932 2130 concilium
951 2064 1038 2133 mali·

27 2168 205 2257 gnnntium
228 2167 351 2232 obsedit
369 2191 433 2234 me.
461 2167 623 2236 Foderunt
646 2189 758 2234 manus
782 2191 869 2236 meas
888 2183 922 2235 et
941 2173 1038 2260 pedes

28 2299 139 2342 meos.
164 2275 450 2343 Dinumeranerunt
463 2277 569 2342 omnia
586 2298 655 2342 osea
670 2299 750 2344 rnen.
775 2279 838 2365 Ipsi
856 2281 1037 2350 considera-

30 2394 153 2448 verunt
162 2394 194 2446 et
205 2383 407 2469 inspexerunt
416 2404 478 2448 me.
493 2382 672 2460 Diviserunt
683 2383 743 2453 sibi
754 2385 939 2456 vestimenta
951 2411 1034 2466 mea,

29 2504 72 2556 et
84 2511 179 2576 super
189 2501 308 2556 vestm
318 2511 421 2556 mmm
432 2490 586 2555 miserunt
601 2502 717 2556 sortem
729 2492 782 2566 ἰ»
796 2494 865 2561 bose
876 2497 985 2572 rerba,
1001 2510 1037 2563 ut

7 2621 76 2663 am
94 2596 169 2670 dixi,
184 2597 438 2684 prenuntiabant
452 2618 515 2683 quo
530 2599 640 2666 mortis
654 2620 769 2686 genere
784 2599 873 2668 illum
888 2605 1037 2670 condem-

6 2717 123 2772 ratura
134 2715 216 2769 esset
230 2704 448 2792 improborum
463 2703 642 2794 synagoga,
659 2729 737 2793 quos
752 2707 880 2794 quidem
894 2721 928 2774 et
942 2733 1036 2778 canes

6 2810 147 2902 appellat
159 2825 192 2876 et
206 2821 383 2887 venatores,
398 2813 541 2880 indicans
557 2815 639 2901 ipsos
651 2835 766 2882 canum
779 2815 928 2884 ductores
939 2820 1034 2886 etiam
1112 2873 1114 2877 ,

6 2931 216 3008 :ongregntoe
231 2920 337 2994 finisse,
355 2919 407 3006 qui
427 2918 504 2986 nihii
525 2943 589 2986 non
603 2919 703 2984 moliti
720 2932 794 2986 sunt
812 2933 848 2988 ut
862 2945 935 2990 eum
956 2947 1035 2994 con-

6 3031 207 3092 demnarent.
231 3026 327 3103 Quod
342 3025 470 3114 quidem
489 3025 609 3092 santum
623 3024 717 3089 brisso
736 3027 768 3090 in
782 3028 852 3114 ejus
866 3029 1035 3117 Apostolo-

6 3155 86 3198 rum
117 3132 348 3200 commentariis
376 3131 570 3218 perhibetur.
603 3133 680 3219 Ejus
705 3145 811 3200 autem
838 3137 1033 3214 vestimenta,

6 3253 180 3328 ›ostquam
201 3239 368 3305 crucifixus
388 3252 447 3315 est,
475 3241 556 3306 inter
576 3264 609 3306 se
634 3241 771 3308 divisisse
791 3266 845 3310 eos
866 3247 920 3332 qui
945 3246 1034 3312 ilium

6 3350 250 3423 erucifixerunt,
267 3349 487 3414 demonstrari.

53 3457 120 3524 CV.
144 3457 224 3536 Quae
243 3468 420 3544 sequuntur
439 3457 471 3521 in
490 3455 632 3544 psalmo:
656 3457 727 3522 «Tu
747 3471 866 3535 sutem,
887 3461 1033 3538 Domine,

6 3589 79 3632 one
103 3564 295 3654 elongaveris
321 3562 472 3632 auxilium
497 3576 589 3628 tuum
613 3587 631 3630 a
659 3588 719 3632 me.
751 3566 800 3634 bd
821 3567 1032 3638 defensionem

6 3697 142 3740 »meam
161 3674 319 3764 conspice.
349 3673 462 3742 Libera
486 3696 503 3738 a
527 3671 630 3762 gladio
652 3675 788 3742 animam
811 3699 915 3746 meam
937 3693 969 3744 ot
991 3681 1031 3746 do

44 3801 49 3830 ¹
65 3799 153 3848 biatth.
166 3815 232 3858 narr,
244 3801 281 3862 59.
295 3827 325 3836 -
334 3797 345 3830 ²
354 3797 419 3847 Posi.
432 3815 483 3856 ur,
497 3798 533 3848 rb'.
546 3797 667 3850 —⁸1bid.

806 3911 855 3971 27.
