2710 4662
334 301 485 344 natarum
514 301 554 342 ao
577 293 792 343 ronrusnrou.
909 333 917 342 .
1021 291 1078 365 ¹⁰9

36 434 96 474 uua
112 411 269 485 domnite,
287 434 357 476 una
371 411 544 499 exsurgite,
561 422 596 474 ut
610 410 667 476 Dei
684 409 930 497 dispensatores,
946 421 978 472 at
990 433 1082 474 ¹assas·

35 545 136 596 sores,
153 532 187 586 et
203 520 362 586 ministri.
380 519 510 586 Placete
525 517 571 584 illi
586 519 638 584 cui
652 517 807 592 militatis,
820 541 837 583 a
850 541 912 606 quo
927 529 960 583 et
975 519 1084 608 stipen-

37 627 88 691 dia
104 627 247 693 reiectis.
267 627 374 694 Nemo
390 637 533 691 restrum
549 625 691 690 desertor
707 625 892 690 inveniatur.
907 625 1085 714 Baptismus

38 734 397 812 vestermaneat,·relut
406 757 510 809 arma;
520 733 611 810 fides,
621 733 766 823 utgalaa3
778 735 924 810 charitas,
934 734 1081 807 uthasta}

43 845 218 932 patientia,
236 857 273 909 ut
289 858 354 910 tota
367 857 532 910 armatum.
550 843 698 931 Deposita
714 855 830 918 restra,
843 843 1009 932 sintopera
1020 868 1085 910 res·

47 967 98 1017 tra
109 978 119 1025 ;
129 965 166 1018 ut
176 965 310 1042 accepta
322 964 431 1027 vestra,
446 953 538 1040 digna
556 950 749 1038 reportetis⁵.
765 949 975 1039 Longanimes
986 953 1083 1040 igitur

49 1069 152 1124 estote
167 1057 251 1124 alter
270 1059 311 1124 ad
326 1058 456 1124 alterum
477 1059 509 1124 in
531 1058 790 1131 mansuetudine;
810 1071 844 1123 ut
858 1071 891 1123 et
906 1059 993 1124 Deus
1005 1083 1078 1150 erga

49 1191 112 1232 ros.
135 1167 264 1234 Utinam
279 1169 365 1234 huar
378 1168 465 1233 vohis
479 1180 641 1256 perpetuo.

87 1274 158 1344 Vll.
171 1277 257 1358 Quia
269 1302 345 1344 vero
356 1276 486 1344 eeclesia
499 1301 568 1365 quae
580 1289 627 1342 est
638 1279 672 1343 in
683 1277 853 1344 Antiochia
866 1277 977 1367 Syriae,
986 1301 1077 1370 pace,

46 1399 78 1449 ut
92 1385 229 1454 relatum
240 1401 289 1454 est
301 1387 391 1464 mihi,
404 1387 531 1463 fruitur,
542 1409 601 1476 per
611 1409 722 1474 preces
735 1399 870 1459 vestram
885 1399 917 1452 et
928 1401 1082 1477 egotran-

44 1493 182 1582 quilliori
197 1496 306 1562 animo
321 1495 364 1560 lui
385 1496 418 1562 in
441 1496 612 1562 securitate
625 1495 703 1568 Dei3
730 1496 875 1582 simodo
892 1519 950 1584 par
964 1499 1084 1586 passio-

45 1627 120 1668 nem
139 1605 247 1670 Deum
268 1627 430 1694 assequar,
452 1618 489 1669 ut
508 1604 651 1670 inveniar
671 1604 706 1668 in
726 1605 962 1702 resurrectione
985 1619 1087 1672 vester

49 1714 236 1804 discipulus.
253 1715 371 1790 Deoet,
385 1716 421 1778 in
432 1715 503 1778 Deo
517 1713 702 1779 beatissima
715 1711 905 1801 Polycarpe,
921 1715 1089 1781 concilium

53 1847 169 1912 cogere
183 1823 257 1888 Deo
273 1823 549 1896 decentissimum,
562 1832 596 1886 et
606 1819 723 1908 eligere
738 1819 886 1908 aliquam,
897 1845 991 1910 quem
1003 1823 1091 1891 valde

59 1933 199 1996 charum
212 1932 374 2005 habeatis,
397 1943 431 1995 ct
449 1931 631 2018 impigrum,
648 1929 701 2018 qui
715 1930 831 2018 poterit
845 1931 965 1998 divinus
980 1956 1089 2001 cursor

64 2037 238 2128 appellari;
257 2037 412 2126 illumque
425 2061 463 2102 eo
478 2038 597 2126 dignari
611 2037 742 2112 honore,
760 2051 794 2102 ut
809 2039 966 2126 profectus
980 2043 1012 2108 in
1027 2043 1088 2130 Sy·-
1120 2068 1128 2078 ·

63 2151 157 2224 riam,
178 2139 338 2237 glorificet
359 2158 490 2212 vestram
510 2146 673 2235 impigram
696 2145 879 2213 charitatem
901 2149 932 2214 in
952 2149 1082 2239 gloriam

63 2257 189 2323 Christi.
210 2257 407 2323 Christianus
422 2257 470 2322 sui
480 2268 667 2344 potestatum
682 2279 745 2322 non
761 2257 869 2334 hahet,
882 2260 937 2325 scd
950 2262 1018 2328 Deo
1032 2287 1085 2328 va-

56 2380 115 2432 cat.
129 2368 200 2433 Hoc
214 2381 264 2434 est
279 2389 360 2456 opus
372 2367 430 2432 Dei
446 2377 478 2431 et
495 2379 643 2442 restrum,
656 2367 783 2456 quaudo
797 2369 900 2457 ipsum
911 2371 1085 2460 perfeceri-

55 2476 103 2540 tis.
122 2475 226 2542 Credo
241 2477 330 2542 enim
344 2477 464 2566 gratiae,
480 2476 566 2564 quod
581 2477 681 2566 parati
699 2477 765 2542 sitis
784 2478 826 2542 ad
841 2479 1086 2550 beneficentiam

55 2586 119 2649 Deo
133 2597 376 2674 congruentem.
397 2585 478 2650 Cum
490 2585 601 2671 itaque
623 2583 739 2650 scirem
761 2583 933 2652 vehemens
948 2599 1088 2655 vestrum

52 2719 122 2784 erga
136 2696 304 2762 veritatem
322 2695 476 2770 studium,
491 2693 678 2780 perbreves
697 2690 817 2757 litteras
832 2715 888 2758 vos
904 2693 1090 2762 adhortatus

51 2827 126 2868 sum.

92 2911 173 2978 Vlll.
193 2913 363 2991 Quoniam
375 2911 471 3000 igitur
484 2910 633 2976 omnibus
644 2905 787 2973 ecclesiis
800 2909 927 2994 nequivi
939 2911 1088 2988 scrihere,

51 3020 131 3108 quod
145 3032 280 3109 repente
297 3019 514 3106 navigaverim
528 3040 547 3081 a
562 3015 688 3082 Troade
701 3014 879 3102 Neapolim,
892 3031 928 3084 ut
939 3018 1090 3088 Voluntas

50 3131 197 3220 imperat;
224 3130 355 3198 scribes
375 3128 486 3194 ricinis
508 3124 664 3200 ecclesiis,
684 3137 835 3214 tanquam
856 3128 910 3216 qui
928 3133 1091 3197 sententiaa

49 3239 102 3305 Dei
118 3262 257 3327 compos
274 3239 335 3310 sis,
352 3258 415 3325 quo
431 3247 462 3301 et
476 3235 535 3323 ipsi
551 3234 637 3299 idem
653 3233 769 3299 saciant
784 3259 792 3300 :
807 3236 861 3323 qui
876 3251 1022 3324 possunt,
1038 3263 1096 3327 pe-

51 3349 127 3416 dites
142 3349 287 3414 mittant
293 3369 302 3417 ;
321 3343 372 3409 ulii
387 3367 471 3418 vero,
487 3343 648 3432 epistolas,
665 3365 721 3430 per
735 3367 790 3409 eos
805 3344 860 3430 qui
880 3365 898 3408 a
917 3357 949 3409 te
965 3347 1094 3414 mitten·
1150 3341 1157 3348 ’

52 3471 100 3524 tur
122 3482 131 3524 :
150 3469 190 3522 ut
206 3453 401 3546 glorificeris
420 3465 537 3518 aeterno
560 3475 668 3540 opere,
692 3451 963 3542 quemadmodum
986 3453 1095 3546 dignus

53 3591 93 3632 es.
108 3566 229 3634 Saluto
245 3585 364 3631 omnes
378 3563 582 3636 nominatim
597 3574 630 3626 at
640 3563 784 3650 Epitropi
797 3583 925 3628 uxorem
941 3587 1013 3632 cum
1027 3579 1092 3636 tota

56 3677 149 3742 domo
169 3699 230 3742 sua
247 3686 283 3740 et
298 3671 416 3740 liberis.
436 3669 547 3736 Saluto
566 3667 709 3758 ¹Attalum
723 3669 802 3736 mihi
822 3671 961 3740 charum.
982 3675 1091 3746 Saluto

58 3810 128 3854 eum
149 3787 208 3876 qui
230 3783 431 3876 profectione
454 3783 486 3850 in
510 3781 635 3868 Syriam
654 3780 766 3870 dignus
787 3779 962 3852 habebitur.
984 3788 1092 3856 Gratia

93 3914 102 3946 ¹
115 3915 183 3980 Eph.
197 3931 237 3964 vr.
