2710 4662
284 233 324 274 nr
347 234 509 280 uuarraro
532 237 644 279 sancrr
669 236 852 281 roarcrorr.
1025 222 1081 300 145

36 339 273 414 eustratium,
285 341 419 427 quidum
431 367 470 407 ex
481 344 527 408 eis
538 345 686 436 dicebaut
700 369 707 408 :
722 343 927 414 «Tantumne
938 347 1085 416 adhiben-
1097 371 1102 378 ·

48 447 135 511 dum
153 459 233 513 erat
248 450 410 527 studium,
424 463 459 516 ut
476 452 659 540 hujusmodi
672 454 718 518 vir
732 478 830 520 senex
842 457 1087 545 comprehende

48 553 176 618 retur?
192 555 342 622 »Statim
364 557 463 646 igitur
484 558 578 645 jussit
597 560 671 646 ipsis
694 571 771 626 tunc
791 563 909 648 apponi
927 562 1036 628 eibum
1051 587 1089 629 ao

35 675 160 739 otum,
184 675 350 752 quantum
371 663 499 731 vellent.
524 665 619 730 Potiit
634 679 742 732 autom
758 669 799 734 ab
817 666 890 742 iliis,
908 670 954 734 uti
976 670 1090 737 darent

40 771 49 832 i
75 771 178 838 horse
202 773 355 861 spatium,
375 796 438 864 quo
457 767 557 840 libere
573 787 771 863 precaretur.
796 775 894 854 Quod
916 799 991 844 oum
1010 799 1087 846 con·

35 881 232 956 :essissenn
248 893 333 947 stans
342 883 451 946 orabat
463 879 574 969 plenus
587 881 689 968 gratia
702 867 775 956 Dei,
790 881 871 948 adeo
885 895 920 946 ut
934 907 994 971 per
1004 885 1084 950 duas

34 1009 128 1052 roras
147 1000 268 1054 tacere
283 1011 345 1054 non
360 999 474 1076 posset,
486 1009 524 1053 ac
535 988 797 1075 obstupescerent
812 989 988 1086 auditores,
1000 991 1083 1058 mui-

34 1095 118 1181 ique
134 1117 264 1162 eorum
280 1095 461 1188 punitentia
476 1095 671 1160 ducerentur
684 1095 772 1181 quod
782 1096 936 1164 adversus
951 1109 1017 1164 tam
1029 1101 1080 1166 di-

34 1206 142 1270 vinum
160 1229 281 1274 senem
296 1206 461 1272 venissent

70 1313 168 1379 vllt.
191 1315 238 1380 Ut
251 1339 327 1380 vero
342 1315 557 1404 precationem
578 1315 673 1391 finiit,
689 1315 722 1380 in
738 1339 801 1404 quo
816 1318 1013 1384 mentionem
1030 1317 1080 1386 ie-
1204 1349 1210 1354 ·

33 1432 122 1486 :eret
137 1424 293 1488 omnium
316 1424 370 1510 qui
390 1422 559 1510 aliquando
580 1420 741 1508 cumipse
759 1423 921 1510 congressi
941 1423 1079 1502 fuerant,

33 1553 219 1614 porrorum
241 1532 329 1617 juxta
348 1542 382 1594 et
401 1551 603 1618 magnorum,
623 1527 783 1593 clarorum
799 1541 833 1594 et
855 1531 1078 1609 obscurorum,

32 1639 211 1727 totiusque
233 1661 303 1726 quae
325 1661 382 1725 per
405 1639 518 1702 orbem
538 1646 697 1700 terrarum
720 1634 893 1702 Catholicae
914 1638 1076 1714 Ecclesiaes

37 1769 121 1809 cum
136 1746 226 1811 bora
239 1742 464 1832 proficiscendi
474 1743 625 1816 venisset,
641 1743 730 1806 esino
744 1765 820 1806 eum
830 1743 1038 1831 imponentes,
1049 1749 1081 1814 in

44 1853 222 1918 civitatem
236 1853 407 1924 duxerunt,
423 1851 476 1914 die
492 1848 597 1936 magni
614 1845 755 1913 Sabbati.
770 1849 812 1914 Et
825 1851 964 1916 occurrit
976 1853 1004 1916 ei
1020 1854 1085 1919 Ire-

48 1960 182 2026 narcbe
196 1959 350 2035 Herodes,
366 1980 405 2024 ao
418 1968 508 2045 pater
521 1957 589 2044 ejus
612 1953 748 2020 Nicetes.
769 1955 832 2034 Qui
847 1969 880 2022 et
893 1980 967 2022 eum
981 1959 1013 2024 in
1031 1983 1086 2026 ve-

48 2066 205 2134 hiculum
228 2089 320 2132 suum
349 2062 588 2138 transtulerunt,
616 2063 851 2150 assidentesque
877 2063 1086 2158 hortabuntur
1141 2067 1161 2096 '¹

45 2173 142 2242 ilium
159 2175 210 2242 bis
233 2173 334 2240 verbis
356 2185 388 2238 et
409 2169 478 2238 aliis
497 2169 670 2238 similibus:
689 2171 802 2250 «Quid
823 2174 909 2238 enim
930 2173 1004 2240 maii
1020 2189 1080 2254 est,

43 2283 208 2350 »diceres
227 2282 372 2348 Domine
398 2281 523 2355 Coesar,
550 2291 583 2346 et
609 2278 804 2353 sacrificaret
829 2293 926 2370 atque
951 2282 993 2348 ita
1016 2285 1081 2350 sal-

43 2423 55 2452 »
74 2416 153 2458 vum
168 2391 348 2459 evaderei»
364 2389 422 2456 tlte
436 2401 545 2454 eutem
560 2389 700 2478 primum
715 2388 846 2476 quidem
865 2389 911 2454 eis
929 2413 995 2458 non
1011 2415 1079 2460 ros-

46 2503 170 2588 pondit.
194 2501 256 2568 Sed
279 2523 353 2567 cum
374 2500 550 2566 instarent:
566 2525 581 2558 r
597 2498 667 2563 Non
690 2520 774 2573 sum,
800 2497 915 2585 inquit,
938 2499 1080 2568 facturus

43 2639 57 2670 s
71 2611 163 2697 quod
173 2609 308 2676 suadetis
319 2608 433 2674 mihi.»
447 2606 532 2672 Tum
543 2603 600 2680 itti,
614 2604 752 2670 irustreti
763 2627 819 2692 spe
830 2604 980 2672 flectendi
991 2631 1080 2684 eum,

46 2718 273 2786 contumeliosa
284 2717 313 2782 ei
324 2719 420 2783 verba
433 2716 595 2786 dixerunt;
605 2726 639 2779 ot
650 2735 725 2778 cum
737 2713 859 2800 impetu
872 2713 1084 2782 deturbarunt

48 2826 151 2904 illum,
169 2831 248 2894 adeo
265 2841 301 2892 ut
322 2851 340 2892 e
363 2825 511 2892 vehiculo
532 2821 730 2890 descendens
751 2822 865 2888 tibiam
880 2822 1077 2890 distraheret.

51 2934 170 3002 Verum
180 2959 379 3024 nequaquam
390 2946 584 3007 commotus,
597 2954 635 2996 ec
648 2933 673 2995 si
685 2929 765 2998 nihil
778 2929 852 2996 mali
868 2953 976 3018 passus
986 2947 1080 3012 esset,

56 3041 199 3108 alacriter
212 3055 245 3108 et
265 3065 397 3130 propere
415 3042 580 3128 pergebat,
603 3040 719 3104 ductus
739 3037 946 3104 ard-stadium.
962 3037 1080 3110 Tantus

61 3173 139 3216 vero
153 3161 219 3214 erat
231 3149 385 3215 tumuitus
399 3150 432 3214 in
447 3149 563 3225 stadio,
579 3160 613 3212 ut
629 3169 723 3214 nemo
735 3160 840 3234 posset
854 3149 966 3214 audiri.

105 3257 161 3322 iX.
177 3256 276 3322 Porro
285 3255 455 3342 Polycarpo
466 3255 593 3322 intranti
602 3255 636 3320 in
647 3253 798 3328 stadium,
807 3277 867 3318 vox
879 3278 897 3318 e
908 3255 991 3322 eoelo
1002 3257 1082 3326 iacta

53 3361 810 3452 est:Fortisestoetviriiiterage',Potycarpo.
821 3363 946 3426 Etemn
957 3366 1082 3452 quidem

51 3476 103 3561 qui
121 3496 237 3540 rocem
253 3471 361 3538 emisit
382 3469 460 3534 vidit
474 3491 578 3544 nemo,
593 3491 705 3536 vorem
721 3477 830 3532 autem
843 3467 897 3555 qui
916 3491 954 3534 ex
970 3475 1080 3545 nostris

50 3595 220 3670 presentes
236 3591 332 3646 erent
347 3577 526 3644 audierunt.
546 3578 731 3642 Introducto
747 3585 851 3640 autem
867 3573 931 3652 itto,
948 3601 1077 3670 magau,

51 3690 284 3762 erattumultus
296 3685 501 3783 audientium
510 3683 1073 3782 comprehensumossePoiycarpum.

79 3825 87 3858 ¹
101 3827 177 3876 Drut,
191 3838 262 3880 mr,
275 3819 300 3880 6,
313 3835 339 3886 7,
354 3819 392 3866 23.
