2772 4620
308 273 372 336 550
605 291 718 336 sancrr
741 289 861 335 aasrnn
884 287 1043 334 uasrrars

306 417 339 468 ot
352 425 391 468 ex
406 398 580 490 prophetis,
596 410 629 466 et
642 421 682 464 ex
697 399 734 464 iis
748 423 828 488 quos
843 401 875 465 ia
892 415 1013 466 nomen
1032 397 1121 464 iliius
1133 399 1336 486 crucifinipr

304 515 420 578 orbam.
431 521 587 576 terrerum
602 509 660 574 Dei
676 507 814 574 cultores
826 507 926 573 iactos
939 508 1101 583 videmus,
1115 509 1336 573 credendis<

303 631 409 685 menta
428 617 593 683 ducamus.
613 615 693 694 Quae
708 625 816 681 autem
837 636 855 680 s
873 613 1032 682 Zacharia
1046 615 1141 680 dieta
1158 629 1262 690 sunt,
1278 618 1336 680 ias

303 727 442 794 habent:
460 723 620 790 «Framoa
632 725 771 790 exaitare
786 747 881 812 super
896 735 1060 813 pastorem
1070 745 1214 800 meum,
1227 736 1263 788 et
1274 749 1337 816 supp

303 836 434 900 »virum
458 829 567 921 populi
589 831 652 897 mei
673 853 681 894 τ
704 833 781 898 dicit
801 831 958 898 Dominus
974 831 1206 897 exercituum.
1231 829 1337 896 Persei

304 971 316 1002 ι
330 951 488 1030 pastorem
503 951 537 1002 et
551 938 774 1028 dispergentur
788 961 861 1006 oves
877 937 977 1028 ejus'.
993 967 1007 1000 s

347 1046 427 1114 LIV.
446 1047 486 1112 Et
501 1045 615 1134 quoda
628 1045 714 1111 Mose
729 1045 842 1112 litteris
857 1045 1045 1111 mandatum
1063 1058 1132 1121 est,
1150 1059 1190 1112 ot
1207 1069 1230 1112 a
1242 1046 1319 1112 Jacai

303 1157 481 1249 patriarcha
501 1157 711 1246 praediotum:
736 1157 891 1222 «Lavabit
907 1156 940 1222 ia
959 1155 1033 1221 vino
1053 1155 1185 1222 stolam
1207 1181 1322 1228 suamr

258 1329 263 1337 .
305 1269 365 1333 »in
384 1267 535 1356 sanguine
554 1287 621 1330 uvae
640 1265 795 1330 amictum
810 1285 942 1339 suumn
961 1263 1115 1330 saturum
1137 1265 1338 1355 significsie

305 1390 340 1442 ut
359 1377 510 1464 sanguine
530 1378 592 1436 'suo
611 1395 665 1438 eos
691 1375 746 1459 qui
769 1375 801 1437 in
822 1396 856 1437 se
875 1371 1011 1438 eredunt
1032 1371 1208 1438 ablueret.
1238 1373 1324 1438 Sto&

303 1487 390 1552 onim
404 1485 473 1571 ejus
489 1481 624 1569 Spiritus
639 1490 767 1546 sanetus
782 1503 837 1546 eos
852 1481 975 1547 vocavit
991 1482 1045 1568 qui
1064 1503 1131 1570 per
1148 1505 1234 1548 eum
1247 1507 1316 1571 pro

305 1607 411 1660 torum
430 1588 647 1656 remissionem
665 1601 871 1678 aeceperunt,
892 1591 924 1655 in
943 1591 1059 1678 quibus
1075 1593 1211 1660 virtute
1227 1595 1321 1682 quaes

304 1715 428 1790 semper
447 1701 548 1776 adest,
568 1699 734 1765 manifeste
750 1711 858 1764 autem
875 1698 978 1763 aderit
996 1701 1028 1766 ia
1048 1703 1211 1767 seeundo
1224 1703 1318 1766 moad·

303 1823 410 1878 ventu.
432 1808 529 1887 Quod
548 1821 656 1874 autem
677 1807 863 1896 sanguinem
884 1831 951 1873 uvat
974 1808 1052 1874 dioit
1076 1809 1265 1900 Scriptum,
1280 1811 1314 1874 te

303 1920 398 1988 veluti
419 1931 486 1996 arto
507 1915 646 1983 declarat
667 1917 851 2006 sanguinem
871 1916 999 2003 quidem
1019 1916 1149 1984 habere
1172 1921 1309 1986 cautae

303 2049 501 2117 nequaquam
516 2038 677 2092 antemos
696 2025 836 2091 humano
852 2025 984 2100 semiue,
1004 2025 1061 2090 sed
1077 2049 1123 2091 ex
1136 2028 1205 2094 Dei
1220 2031 1307 2094 virtut.

303 2133 581 2215 Quemadmodum
595 2134 682 2199 enim
694 2155 763 2200 uvae
773 2133 957 2222 sanguinem
970 2145 1033 2198 'nou
1049 2137 1224 2222 generarit
1233 2137 1303 2202 aas.

303 2245 359 2310 sed
371 2245 454 2308 Deus
468 2266 476 2306 ι
491 2243 577 2307 itaet
590 2242 707 2308 Christi
719 2243 903 2331 sanguinem
916 2265 980 2308 non
992 2265 1031 2306 ex
1042 2241 1202 2310 humano
1211 2247 1293 2310 senia.

302 2353 410 2418 sodex
424 2351 483 2416 Dei
497 2353 612 2416 virtute
627 2351 771 2418 futurum
786 2353 939 2442 praedixit.
959 2353 1035 2418 Haee
1048 2363 1171 2421 autem
1190 2359 1285 2446 ipsp·

301 2462 420 2552 photia,
436 2473 532 2550 qaam
547 2460 650 2537 attuli,
668 2485 687 2526 o
703 2463 773 2539 viri,
793 2462 956 2527 Christum
970 2463 1180 2530 demonstrat
1197 2486 1297 2532 nassas

300 2570 513 2636 hominemex
524 2567 706 2635 hominihus
717 2571 879 2636 communi
894 2569 1061 2636 hominum
1073 2595 1172 2652 mare
1184 2575 1301 2664 genitam

306 2698 332 2744 ο
343 2679 407 2747 LV.
430 2677 514 2744 Tum
534 2675 663 2767 Trypho
677 2679 840 2768 respondit
855 2703 863 2745 ε
886 2680 1081 2746 Habebimus
1100 2685 1206 2750 etiam
1221 2687 1249 2750 in
1260 2705 1306 2748 aa

299 2789 399 2854 moria
414 2800 503 2853 tuam
522 2785 606 2854 illam
626 2788 931 2875 interpretationem,
953 2789 978 2854 si
997 2801 1029 2854 et
1046 2788 1116 2856 aliis
1140 2791 1308 2883 arguments
1341 2850 1342 2864 ,

298 2899 382 2963 hanc
401 2919 527 2985 quoque
545 2895 752 2983 quaestionem
771 2893 954 2961 firmaveris.
980 2896 1073 2962 Nunc
1091 2911 1219 2976 autem,
1237 2921 1305 2964 reso
1340 2933 1342 3032 p

299 3016 369 3071 cata
394 3003 479 3068 unde
501 3003 638 3092 digressa
661 3014 708 3067 est
731 3003 885 3078 oratione,
909 3003 1091 3068 demonstra
1115 3008 1215 3072 nohis
1232 3005 1306 3070 dian

297 3114 402 3178 Deum
415 3134 433 3174 a
450 3109 569 3198 Spiritu
584 3110 770 3199 prophetico
788 3122 903 3198 praeter
915 3121 1090 3176 creatorem
1107 3115 1309 3182 universorum

297 3220 439 3312 agnosci3
459 3242 573 3285 carens
588 3229 694 3283 tamen
710 3241 750 3283 ne
762 3217 861 3284 solem
872 3231 905 3284 et
916 3216 1024 3284 lunam
1036 3220 1136 3296 dieas,
1151 3246 1224 3310 quoa
1235 3226 1313 3311 scrip

297 3345 366 3397 tum
378 3342 426 3396 est
438 3329 585 3418 gentibus
596 3349 746 3392 concessa
759 3351 777 3392 a
788 3326 856 3392 Deo
868 3326 976 3403 saissa,
989 3339 1025 3391 ut
1037 3351 1073 3393 ea
1085 3342 1241 3420 tanquam
1252 3334 1312 3399 deos

297 3441 447 3510 colerent.
468 3439 572 3527 Atque
583 3437 645 3502 hoc
660 3433 809 3524 loquendi
822 3459 936 3524 genero
948 3437 1187 3524 quodammodo
1201 3455 1312 3508 utentes
1341 3423 1342 3456 ¹

295 3550 457 3638 prophete
479 3569 561 3635 sarpa
585 3545 718 3610 dieunt:
739 3543 849 3609 «Deus
866 3557 938 3609 tuus
956 3544 1041 3611 Deus
1061 3544 1198 3612 deorum
1212 3565 1271 3628 ost,
1288 3565 1311 3615 et

295 3689 308 3720 ι
323 3657 477 3722 Dominus
488 3653 720 3726 dominorum²;
732 3681 744 3715 a
754 3675 836 3742 saepe
848 3654 1013 3728 addentes,
1024 3677 1181 3744 «magnus
1192 3671 1223 3724 ot
1235 3661 1312 3726 sortis

296 3774 355 3826 »et
382 3760 539 3827 terribilis.
554 3789 567 3822 a
582 3759 798 3846 Nequeenim
820 3759 889 3826 haee
910 3783 948 3826 eo
967 3760 1132 3836 dicuntur,
1160 3767 1247 3851 quod
1270 3768 1309 3835 isti

328 3889 336 3924 ¹
348 3890 426 3939 Zach.
440 3905 495 3949 xus,
506 3905 531 3952 7.
543 3887 592 3925 ..2
603 3889 677 3937 Deut.
691 3905 715 3946 x,
731 3905 766 3954 ιγ.
