2492 4632
347 239 468 282 cornus
492 239 642 282 nnunsns.
943 217 1006 295 405

32 356 102 420 est,
124 367 189 434 per
205 343 323 411 Filium
337 357 370 410 et
385 344 551 432 Spiritum,
570 344 686 432 quibus
703 354 736 408 et
750 343 828 427 dixit
844 365 852 406 ε
873 342 1009 410 arach·

31 477 55 518 rs
73 455 253 520 hominem
268 451 291 516 ¹.
310 479 323 514 r
342 451 412 518 Hoe
422 473 498 540 ergo
514 453 712 539 propositum
725 461 774 516 est
787 451 856 539 ejus
869 451 924 539 qui
940 451 1009 516 vitae

31 585 81 627 rae
98 561 241 639 invidet,
261 557 442 628 incredulos
458 580 524 626 sum
535 557 642 626 salutis
658 557 785 626 efficere
802 558 959 636 homines,
977 570 1011 624 et

31 670 180 758 phemos
192 670 225 735 in
237 666 460 758 psalmatorem
472 665 586 734 Deum.
602 666 820 756 Quaecumque
833 668 919 736 enim
935 690 1012 736 eum

31 782 126 847 ritate
151 804 277 848 summa
305 779 439 846 dixerint
459 801 569 846 omnes
584 778 737 856 haeretici,
753 780 787 846 in
807 777 956 846 ultimum
969 779 1010 846 ad

43 891 241 966 deveniunt,
258 901 293 956 ut
309 887 531 977 blasphement
545 885 781 962 fabricatorem,
797 899 831 954 et
847 888 1009 954 contradi-

31 1023 36 1064 :
53 999 156 1068 saluti
173 997 335 1090 plasmatis
352 999 424 1074 Dei,
441 995 527 1086 quod
544 997 673 1084 quidem
689 1008 739 1064 est
758 1019 831 1063 earo
853 1020 863 1061 s
881 1010 1010 1087 propter

31 1133 64 1174 m
80 1130 218 1176 omnem
234 1105 474 1195 dispositionem
484 1103 595 1190 iecisse
610 1102 727 1170 Filium
739 1103 810 1180 Dei,
824 1103 930 1174 multis
943 1129 1011 1172 mo·

32 1218 253 1294 ostendimus.
276 1228 309 1284 et
325 1215 594 1286 manifestavimus
609 1215 771 1282 neminem
787 1213 884 1282 alium
905 1217 1011 1284 Deum

31 1326 124 1394 ellari
143 1351 163 1392 o
185 1325 371 1416 seripturis,
390 1325 450 1392 nisi
464 1323 591 1391 Putrem
606 1324 764 1404 omnium,
784 1337 817 1392 et
830 1324 961 1404 Filium,
977 1339 1017 1394 et.

40 1438 96 1527 qui
109 1436 319 1525 adoptionem
331 1435 459 1502 hahent.
498 1513 502 1519 Ι

309 1603 461 1674 CAPUT
483 1603 676 1672 Pulnuu.

31 1757 139 1814 ur'stum
148 1777 236 1816 ursum
245 1756 338 1816 solum
352 1757 446 1840 Deum
456 1776 491 1814 ao
504 1755 617 1815 Putrem
628 1769 653 1814 et
663 1757 821 1836 cognorim
833 1767 858 1815 st
866 1754 993 1816 docuisse

415 1851 576 1928 dructpulos.

31 1983 43 2047 ’.
64 1982 148 2048 Cum
163 1982 203 2048 sit
217 1983 313 2071 igitur
330 1982 394 2048 hoe
413 1982 541 2048 firmum
556 1993 589 2050 et
609 1995 770 2062 constans,
787 1985 946 2056 neminem
962 1985 1012 2052 al-
1121 1986 1126 1996 ’

31 2116 81 2159 um
98 2093 203 2160 Deum
218 2104 251 2158 et
265 2093 472 2160 Dominuma
488 2091 609 2182 Spiritu
624 2094 844 2183 praedieotum,
861 2096 919 2162 nisi
935 2119 1014 2166 eum

31 2261 32 2264 ,
48 2200 230 2266 dominetur
244 2199 388 2266 omnium
406 2200 504 2277 Deus,
524 2223 599 2268 cum
614 2200 720 2268 Verbo
739 2225 809 2278 suo,
828 2213 860 2268 et
882 2227 935 2269 eos
953 2203 1012 2292 qui

31 2310 154 2398 ›ptionis
164 2309 320 2399 Spiritum
334 2310 506 2400 accipiunt,
525 2310 589 2378 hoo
607 2323 667 2387 est,
687 2311 809 2400 eosqui
825 2312 1012 2382 creduntu'n

31 2443 80 2484 um
94 2431 126 2485 et
141 2443 250 2486 rerum
264 2419 381 2496 Deum,
398 2433 431 2486 et
442 2420 605 2495 Christum
617 2419 727 2488 Jesum
739 2420 856 2488 Filium
872 2422 931 2489 Dei
939 2446 948 2498 ;
964 2423 1008 2490 si-

31 2528 95 2594 titor
110 2525 317 2626 ethpostolos
328 2529 625 2612 neminemuliuma
642 2515 940 2621 semetipsisDeum
951 2555 1009 2620 ap·

31 2637 119 2710 ¹lasse,
134 2649 187 2702 aut
200 2638 374 2705 Dominum
393 2639 651 2728 cognominasses
666 2638 769 2704 multo
787 2649 893 2704 eutem
910 2639 1011 2729 magis

31 2747 147 2813 minum
159 2758 316 2824 nostrum,
329 2748 384 2836 qui
396 2759 429 2814 et
443 2748 534 2813 nohis
546 2746 699 2836 praeeepit
711 2745 872 2810 neminem
883 2743 1009 2811 Patrem

31 2856 134 2930 rfiteri,
154 2856 211 2921 nisi
226 2879 300 2922 eum
316 2855 371 2941 qui
386 2866 434 2920 est
456 2855 489 2919 in
505 2852 606 2928 omlis,
623 2853 678 2941 qui
695 2865 742 2919 est
761 2877 843 2919 unns
863 2853 962 2931 Deus,
977 2867 1010 2920 ot

32 2989 66 3030 us
79 2963 184 3030 Peter-²
194 2987 201 3027 ε
213 2963 378 3028 manifeste
390 2962 465 3028 suisa
477 2961 689 3028 ostenduntur
699 2985 736 3028 ee
747 2986 818 3052 quse
830 2963 939 3030 dicunt
950 2965 1010 3031 oir-

31 3083 197 3138 mventores
208 3082 241 3138 et
255 3071 480 3160 perversissimi
493 3069 653 3159 sophista,
667 3071 808 3139 dicentes
822 3073 1007 3140 naturaiiter

34 3183 130 3248 Deum
141 3192 170 3246 et
183 3179 308 3246 Patrem
319 3168 400 3256 esse,
417 3204 513 3270 quem
528 3181 587 3269 ipsi
604 3179 848 3257 adinvenerunt;
863 3182 1007 3251 Demiur-

31 3317 64 3358 ,m
82 3313 150 3358 vero
167 3288 351 3357 naturaliter
362 3313 465 3380 neque
482 3291 588 3358 Deum
599 3315 701 3381 neque
713 3290 839 3359 Patrem
853 3317 934 3370 esse,
952 3295 1008 3361 sed

31 3403 83 3469 rho
96 3413 180 3466 tenus
192 3399 268 3476 dici,
280 3423 318 3466 eo
334 3399 420 3488 quod
437 3399 619 3466 dominetur
634 3400 837 3478 conditionis,
856 3403 939 3469 sieut
955 3402 1005 3470 di-

31 3525 66 3578 nt
78 3511 203 3600 perversi
214 3510 424 3600 grammatici,
438 3511 651 3600 excogitantes
663 3513 696 3578 in
707 3511 831 3578 Deum:
846 3525 878 3580 et
890 3514 1007 3583 doctri-

31 3647 63 3688 m
75 3620 189 3710 quidem
201 3620 318 3688 Christi
333 3621 622 3710 praetermittentes,
635 3633 696 3688 etr
711 3622 885 3712 semetipsis
896 3637 1005 3696 eutem

31 3733 66 3798 iso
80 3729 252 3809 divinantes,
273 3731 420 3798 adversus
433 3731 612 3802 uniuersam
624 3731 683 3802 Dei
699 3731 934 3824 dispositionum
953 3761 988 3805 er
1005 3797 1008 3822 ,

31 3864 38 3898 ¹
50 3863 104 3912 Gen.
115 3879 132 3922 1,
142 3861 173 3912 ti.
186 3891 215 3902 -
225 3860 236 3898 ²
246 3863 339 3916 Masrh.
350 3879 422 3924 usu,
432 3879 456 3929 9.
