2646 4628
446 229 566 276 coarat
590 215 739 280 uineas.
1037 209 1094 274 aba

79 331 215 398 induxit.
233 332 350 422 Sicqbe
366 333 481 404 AEones
498 361 607 406 omnes
624 325 693 405 tum
710 340 822 414 forma,
841 351 910 404 tum
926 336 1099 413 voluntate,

78 459 122 503 ac
136 440 287 506 sententia
301 465 390 532 pares
405 445 565 510 constituti
582 459 670 520 sunto
689 447 762 515 lacti
779 469 889 512 omnes
904 445 990 534 quod
1006 467 1099 510 unus-

78 545 229 632 quisque,
248 571 356 614 omnes
375 551 407 616 in
426 549 519 628 Noas,
541 552 721 630 Sermones,
740 554 888 623 Homines
906 566 939 618 et
959 551 1101 619 Christos

79 652 311 728 transformati3
329 667 362 722 et
376 681 446 746 quae
459 658 594 736 semine,
610 661 642 725 in
657 658 821 736 Veritates,
838 660 939 738 Vitas,
953 659 1100 749 Spiritus,

80 771 117 824 et
132 759 296 828 Ecclesiae.
316 763 398 828 Tum
412 776 498 831 tanta
514 767 762 854 metamorphosi
775 767 958 856 gaudentes,
975 766 1009 831 in
1027 765 1102 830 Pro-

79 870 201 956 patoris
222 869 327 938 leudes
349 888 529 962 erumpunt,
555 875 738 964 acceptique
760 876 905 954 beneficii
931 895 1100 947 memores,
1118 949 1123 958 ³
1217 878 1225 892 ⁶

81 977 246 1042 communi
260 979 403 1057 consilio,
420 983 686 1048 consentientibus
701 983 827 1048 Christo
842 995 874 1048 et
886 983 1001 1071 Spiritu
1015 1003 1103 1048 sanc-

81 1095 132 1160 to,
150 1086 242 1152 Patre
257 1110 383 1176 quoque
400 1087 555 1156 calculum
573 1091 753 1179 adjiciente,
777 1090 930 1178 quidquid
947 1091 1102 1178 optinum
1163 1091 1168 1103 '

82 1217 124 1262 oc
144 1195 398 1264 florentissimum
420 1201 578 1266 habebant
599 1200 711 1290 singuli
734 1200 943 1276 conserentes,
969 1211 1104 1287 apteque

83 1302 333 1391 compingentes,
351 1303 460 1370 iesum
479 1307 511 1371 in
528 1307 623 1393 Bythi
642 1305 775 1394 gloriam
793 1319 825 1371 et
843 1306 997 1372 honorem
1015 1305 1104 1370 emit-

83 1419 170 1482 tunt,
184 1431 242 1474 ceu
257 1409 519 1498 perfectissimum
534 1411 717 1480 Pleromatis
729 1412 814 1476 sidus
826 1424 858 1477 et
872 1412 1023 1486 fructum,
1040 1409 1106 1476 Sal·

84 1527 225 1588 vaterem
236 1518 346 1595 etiam,
356 1531 389 1584 et
400 1517 553 1595 Verbum,
565 1531 598 1585 et
606 1520 781 1596 Christum,
793 1543 831 1586 ac
842 1520 957 1586 Omnia
969 1518 1104 1606 denique

85 1639 319 1714 nuncupatum
344 1649 440 1714 quem
462 1627 588 1716 Angelis
614 1651 740 1716 quoque
765 1625 951 1694 satellitibus
975 1627 1102 1715 stipant.

86 1733 203 1800 Christi
219 1746 252 1801 et
269 1737 403 1826 Spiritus
421 1738 521 1802 sancti
538 1749 644 1802 ortum
663 1735 753 1802 aliter
770 1736 946 1823 explicabat
963 1733 1106 1801 Valenti-

85 1863 157 1906 nus.
174 1843 267 1908 Hunc
284 1843 412 1931 quidem
429 1844 468 1907 ab
485 1841 625 1908 Ecclesia
642 1842 834 1930 productum
851 1843 957 1917 fuisse,
977 1841 1018 1906 ad
1034 1840 1107 1906 AEo-

86 1971 165 2016 uum
178 1952 459 2016 examinationem
473 1963 505 2015 et
519 1950 745 2018 secunditatem
760 1949 885 2016 dicebat
901 1971 908 2013 :
928 1948 1016 2014 illum
1031 1971 1106 2014 vero

86 2079 151 2123 non
165 2059 205 2124 ab
220 2057 257 2126 ib
271 2057 424 2124 AEonibm
443 2057 497 2146 qui
511 2059 544 2124 in
558 2055 734 2125 Pleromate
749 2057 857 2149 sedem
871 2055 1001 2132 habent,
1018 2055 1106 2122 seda

85 2165 186 2232 Matre
204 2165 291 2232 illinc
312 2165 450 2242 exclusa,
472 2164 647 2232 secundum
668 2165 921 2268 recordationem
939 2163 1106 2230 meliorum

86 2284 287 2361 procreatum
301 2273 408 2350 luisse,
423 2295 483 2338 nec
504 2273 572 2338 sine
587 2272 723 2361 quadam
737 2273 864 2345 umbra;
884 2295 993 2339 rerum
1007 2273 1108 2361 ingra-

87 2392 168 2454 tum,
186 2402 260 2446 cum
275 2379 432 2448 masculus
447 2392 542 2458 esset,
558 2381 660 2446 exciso
678 2401 695 2444 o
710 2403 744 2445 se
762 2381 886 2456 umbra,
906 2382 946 2446 ad
963 2381 1105 2446 Pleroma

87 2492 268 2568 recurrisse,
285 2493 383 2559 Matre
398 2515 458 2558 una
470 2513 544 2559 cum
562 2495 673 2558 umbra
685 2491 807 2568 relicta,
823 2516 861 2560 ac
872 2491 1024 2582 spirituali
1035 2493 1107 2559 sub-

86 2601 198 2667 stantia
209 2601 328 2666 orbata.
339 2600 449 2666 Jesum
459 2611 566 2665 autem
577 2600 737 2666 interdum
744 2622 783 2664 ex
792 2598 1106 2677 Theleto,interdum

86 2731 126 2772 ex
136 2707 273 2783 Christo,
287 2729 513 2795 nonnunquam
522 2731 561 2772 ex
571 2709 707 2774 Homine
718 2719 751 2774 et
759 2707 900 2775 Ecclesia
912 2719 1017 2772 ortum
1028 2730 1108 2774 asse·

86 2815 186 2881 rebat.
205 2815 268 2880 Has
285 2815 436 2880 derebus
452 2815 678 2903 divinisnugas
696 2813 900 2880 venditabant
918 2827 1107 2880 reseratores

87 2924 152 2995 istit
170 2935 203 2987 et
215 2923 285 2990 haec
298 2924 400 3012 prima
414 2920 528 2988 fabule
542 2943 625 3010 pars.

131 3027 236 3096 Altera
258 3031 292 3094 in
318 3029 354 3096 iis
376 3049 447 3116 quae
463 3039 550 3094 extra
568 3026 711 3092 Pleroma
728 3037 814 3116 gestu
833 3041 918 3105 sunt,
938 3028 1108 3095 referendis

89 3147 239 3206 versatur.
270 3134 447 3222 Superioris
469 3155 583 3222 nempe
608 3133 735 3222 Sophiae
764 3134 963 3223 Enthymesis
991 3136 1109 3222 (Acba-

89 3245 179 3314 moth
193 3245 234 3310 ab
248 3243 402 3309 Hebraico
419 3263 496 3308 voce
514 3240 686 3330 Sapientia
701 3244 890 3332 vocabant),
909 3265 1005 3332 quam
1023 3255 1108 3309 extra

88 3355 230 3422 Pleroma
241 3373 316 3419 oum
326 3351 499 3440 appendice
506 3351 655 3440 passione
665 3350 833 3440 relegatam
845 3349 991 3428 diximus,
1000 3353 1033 3418 in
1043 3377 1110 3419 um-

89 3468 145 3531 bro
158 3475 192 3530 ct
206 3485 318 3538 vacuo,
336 3461 458 3535 sormae,
475 3460 582 3549 figurae
597 3482 636 3525 oc
649 3457 775 3526 luminis
791 3481 915 3548 expers,
935 3459 1047 3525 misere
1061 3462 1111 3548 ja-

89 3573 190 3638 cebat.
213 3569 313 3658 Ipsius
338 3566 516 3634 calamitate
536 3578 713 3632 commotus
736 3565 878 3654 superior
902 3565 1056 3642 Christus,
1080 3568 1109 3633 vi

91 3705 144 3748 sua
159 3679 292 3746 formam
307 3677 434 3765 quidem
449 3677 479 3740 ei
495 3674 621 3750 indidit,
640 3673 696 3740 sed
713 3673 888 3740 secundum
906 3675 1111 3743 substantiam

91 3799 225 3865 tantum,
238 3809 302 3855 non
314 3785 490 3854 secundum
501 3783 666 3852 seientiam
681 3806 689 3847 ε
705 3781 871 3869 statimque
884 3784 1042 3851 subtracta
1054 3785 1112 3852 vir
