2772 4610
297 293 450 337 aracaeus
474 291 536 334 cuir
559 289 722 334 rnrruoae
743 288 858 332 suerro.
1032 267 1093 334 555

49 423 101 463 me
123 422 169 464 ex
194 401 267 488 ipsis
290 399 465 486 Scripturis
488 419 554 462 non
576 395 710 462 alterum
734 395 873 460 duorum
896 395 1093 484 angelorum.

49 509 104 592 qui
122 508 268 576 Sodom
284 511 453 598 petebant,
467 532 486 572 a
498 506 663 594 Scriptura
674 506 847 570 Dominum
861 503 1027 593 appellari,
1041 507 1096 570 sod

48 639 127 682 eum
140 618 204 704 qui
214 639 289 682 cum
300 615 363 682 iliis
374 629 455 691 crat,
472 616 591 702 quique
602 612 688 679 Deus
699 611 834 680 Abrahae
846 613 931 680 visus
942 613 1070 680 dicitur.

96 723 194 791 Tum
209 725 359 813 Trypho:
382 725 589 796 Demonstra,
610 722 728 809 inquit:
755 742 830 788 nam
850 734 886 788 ut
906 721 1007 798 vides,
1029 723 1096 788 dies

52 832 228 916 procedit,
239 855 298 898 nec
310 831 347 896 ed
361 832 584 920 responsiones
596 829 638 894 ita
649 827 842 916 periculosas
853 830 952 918 parati
965 853 1092 906 sumus:

52 949 240 1026 propterea
260 940 336 1027 quod
350 939 513 1004 neminem
529 959 670 1024 uuquam
689 936 748 1002 ista
767 936 1019 1024 investigantem,
1040 951 1097 1002 aut
1197 989 1202 1000 .

53 1058 278 1132 querentem,
291 1059 343 1112 aut
356 1048 628 1114 demonstrantem
643 1043 832 1110 audivimus.
848 1045 956 1132 Neque
975 1057 1008 1111 to
1029 1047 1095 1114 dis:

52 1169 225 1222 serentem
242 1155 430 1232 tulissemus,
447 1157 506 1222 nisi
522 1155 564 1221 ad
574 1154 756 1242 Scripturas
767 1154 874 1220 omnia
890 1155 1038 1228 referres:
1056 1177 1095 1222 ex

51 1263 90 1326 iis
99 1265 192 1330 enim
200 1265 439 1331 demonstrandi
451 1265 606 1332 rationem
615 1264 774 1330 deducere
782 1262 902 1339 studes,
916 1283 976 1328 nec
984 1261 1093 1340 alium,

51 1394 152 1457 supra
164 1373 387 1438 universorum
397 1373 515 1448 Deum,
527 1395 596 1438 esse
608 1372 804 1459 pronuntias.

94 1479 182 1544 Tum
194 1503 279 1568 ego:
295 1481 387 1547 Scitis
398 1484 508 1571 igitur,
519 1481 663 1570 iuquam,
676 1480 878 1566 Scripturam
889 1481 1017 1546 dicere:
1038 1483 1098 1548 «Et

51 1619 61 1645 a
78 1589 328 1656 dixitDominus
335 1592 376 1656 ad
382 1592 562 1658 Abraham:
574 1590 673 1668 Quid,
689 1590 775 1678 quod
788 1590 857 1656 risit
867 1589 958 1664 Sura,
967 1590 1092 1656 dicens:

49 1725 61 1754 ι
76 1697 167 1764 Num
177 1699 713 1787 utiqueverepariamiligouutem
721 1699 829 1764 senui:
843 1698 1096 1787 Numquidapud

50 1837 62 1864 ι
76 1807 193 1872 Deum
204 1807 397 1896 impossibile
409 1821 457 1872 est
467 1807 622 1873 verbum?
634 1807 672 1874 ln
683 1819 826 1895 tempore
835 1806 898 1871 huo
906 1809 1096 1874 revertarad

51 1943 63 1972 ι
82 1925 116 1976 te
133 1915 169 1978 in
184 1915 302 1980 boras:
320 1927 351 1978 at
361 1917 424 1980 erit
434 1915 520 1980 Sarae
532 1914 615 1980 filius
625 1913 646 1978 ¹.
661 1944 674 1976 n
689 1917 729 1980 Et
740 1913 836 2002 paulo
847 1927 939 2002 post:
960 1917 1096 1982 «Exsur-
1147 1947 1150 1954 ¹

50 2051 63 2080 a
80 2033 204 2109 gentes
211 2033 311 2086 autem
319 2023 393 2088 inde
401 2024 459 2088 viri
468 2035 701 2110 conspexerunt
708 2023 742 2088 iu
753 2022 868 2091 faciem
878 2022 1094 2094 Sodomorum

49 2163 62 2190 2
79 2143 116 2194 et
133 2129 341 2198 Gomorrha:
362 2125 526 2198 Abraham
540 2143 648 2197 autem
661 2129 754 2200 simui
766 2131 950 2200 ambulabat
962 2157 1037 2200 eum
1049 2135 1093 2203 eis

48 2269 61 2296 2
78 2241 244 2304 comitans
254 2261 318 2304 eos.
335 2241 492 2306 Dominus
504 2252 611 2306 autem
623 2240 724 2304 dixit:
742 2239 812 2306 Non
826 2242 1020 2310 abscondam
1032 2265 1091 2332 ego

49 2379 60 2406 ι
76 2350 117 2412 ab
131 2347 313 2424 Abrabam,
322 2371 422 2436 puero
430 2371 516 2422 meo,
525 2369 595 2434 quae
607 2371 666 2436 ego
678 2347 814 2414 aaut,
829 2351 869 2414 Et
882 2374 1007 2416 rursum
1019 2365 1092 2441 post

51 2477 157 2540 pauca
180 2457 228 2522 sic
251 2456 319 2520 ait:
343 2457 454 2523 :Dixit
470 2456 648 2522 Dominus:
673 2454 801 2522 Clamor
820 2456 1034 2524 Sodomorum
1060 2470 1092 2523 et

52 2591 64 2618 ι
81 2560 272 2626 Gomorrbae
286 2559 528 2651 multiplicatus,
545 2575 578 2628 et
588 2574 719 2650 peccata
731 2585 842 2630 eorum
857 2587 971 2652 magna
986 2565 1087 2632 valde.

50 2699 62 2726 a
77 2669 289 2736 Descendens
299 2691 376 2758 ergo
388 2670 517 2745 videbo,
534 2669 559 2733 si
575 2670 751 2736 secundnm
765 2669 938 2738 clamorem
950 2673 1094 2758 ipsorum

52 2807 64 2836 ι
77 2780 659 2858 venientemadmeconsummantur:
675 2780 723 2845 sin
736 2793 929 2854 autemnon,
938 2779 1088 2844 utsciam.

53 2913 63 2942 ι
80 2887 118 2950 Et
130 2888 322 2956 recedentes
334 2888 408 2953 iude
417 2888 475 2954 viri
488 2887 687 2953 venerantia
699 2887 850 2953 Sodoma.
865 2877 1028 2952 Abraham
1039 2911 1093 2952 au·
1198 2975 1203 2982 ι

54 3007 149 3060 »tem
168 3008 238 3060 erat
258 3007 344 3061 stans
366 2997 400 3060 in
422 3007 596 3083 conspectu
617 2995 759 3069 Domini,
782 3007 816 3058 et
835 2995 1090 3084 appropinquans

56 3127 68 3158 a
86 3101 246 3166 Abraham
260 3102 359 3166 dixit:
382 3103 547 3190 Numquid
564 3102 659 3168 simul
674 3102 787 3189 perdes
802 3103 924 3189 justum
939 3127 1013 3170 cum
1029 3107 1090 3172 im-

55 3239 69 3266 »
87 3209 263 3296 pintan:
281 3236 349 3300 que
372 3224 568 3299 sequuntur:
592 3236 656 3278 non
675 3212 762 3277 enim
781 3211 893 3292 eedem
912 3237 1023 3280 rursus
1042 3217 1091 3282 ri*

51 3320 178 3384 dentur
192 3320 365 3399 scribenda,
383 3345 458 3388 cum
473 3324 579 3390 omnia
595 3324 682 3411 prius
706 3323 887 3410 scripserim
893 3347 903 3397 ;
923 3325 979 3388 sed
999 3347 1035 3390 aa
1052 3349 1091 3390 ex

49 3429 172 3514 quibus
192 3427 494 3496 demonstrationem
513 3430 678 3519 Tryphoni
697 3442 730 3496 et
748 3432 841 3498 sociis
862 3434 933 3520 ejus
953 3434 1089 3512 confeci,

52 3561 181 3604 necesse
202 3551 251 3604 est
269 3539 387 3605 dicere.
409 3539 492 3608 Tum
508 3565 583 3630 ergo
601 3543 670 3610 veni
691 3542 732 3607 ad
750 3567 787 3608 ea
803 3567 872 3632 quae
889 3557 1087 3632 sequuntur:

52 3673 65 3703 r
84 3645 171 3711 Abiit
179 3659 288 3712 autem
296 3646 465 3725 Dominus,
480 3663 648 3739 postquam
661 3651 981 3741 cessavitloquensad
992 3656 1091 3724 Abra-

48 3753 162 3818 ·ham.
179 3757 220 3822 Er
234 3756 305 3843 ipse
321 3780 463 3826 reversus
479 3771 526 3824 est
543 3759 698 3828 inlocum
714 3786 807 3830 suum
817 3763 839 3828 ¹.
859 3763 1023 3832 Venerunt
1035 3791 1089 3832 uu·

80 3879 165 3929 ¹Gen.
179 3895 254 3940 narr,
269 3881 1082 3956 15.-²uen.mn,ru-tuen.xv111,20.-⁶Gen.xvm‚5s.

851 3978 900 4058 25.
