2688 4626
230 253 293 317 256
526 271 638 318 ssacrr
660 275 779 319 sasruu
804 275 960 320 11111111

229 377 380 470 apuliam
401 404 507 458 suum,
527 381 686 448 11111111
707 384 859 473 sanguine
878 407 946 449 uvae
965 381 1084 474 stolam
1109 385 1236 450 smm‘.
1256 415 1270 444 ι
1335 350 1341 439 i

124 513 129 520 ·
229 489 379 558 Vestrum
393 502 441 554 est
452 489 548 578 igitur
559 502 708 558 accurate
724 491 885 578 inquirere
895 503 929 556 et
940 513 1138 578 pernoscere
1149 492 1280 578 quosd-

231 622 332 686 usque
343 599 363 666 J
366 599 461 664 udaeis
472 623 547 665 suus
559 601 653 666 suerit
664 601 811 690 proprius
821 602 971 690 princeps
982 613 1016 666 et
1028 623 1096 666 rex.
1113 601 1276 667 Nimirum

231 707 337 796 quoad
347 707 493 796 apparuit
504 707 597 774 Jesus
606 709 750 774 Christus
761 711 914 798 magister
925 722 1047 784 noster,
1057 722 1094 776 'ot
1106 709 1275 776 latentium

233 815 435 881 oraculorum
447 817 617 905 iuterpres;
633 817 904 904 quemadmodum
914 818 1112 906 praedictum
1122 831 1172 882 est
1183 818 1276 905 aSp'e

233 922 297 990 ritu
307 923 495 1010 prophetico
507 945 564 1011 per
578 922 712 998 Mosem,
728 947 793 990 uon
807 924 1010 990 defecturum
1026 948 1047 989 e
1058 924 1078 991 J
1081 924 1182 990 udaeis
1192 925 1275 1012 prin

135 1101 141 1118 ¹
235 1032 353 1120 cipcm,
367 1031 470 1097 donec
480 1031 602 1098 veniret
614 1030 667 1096 ille
677 1032 730 1098 cui
742 1034 915 1122 repositum
927 1045 1155 1122 eratregnum.
1174 1033 1279 1099 Judas
1340 1056 1341 1065 ¹

236 1142 322 1208 enim
341 1151 453 1207 auctor
472 1139 596 1229 generis
611 1139 796 1208 Judaeorum
812 1141 927 1216 extitit,
944 1164 1043 1229 equo
1055 1141 1150 1206 etism
1166 1153 1205 1206 ut
1223 1140 1276 1206 Ju
1338 1150 1341 1219 t

238 1250 297 1316 daei
318 1260 508 1315 vocarentur
527 1231 729 1314 hahuerunt:
751 1261 784 1314 et
800 1261 970 1338 postquam
990 1249 1046 1316 ille
1061 1249 1200 1339 prodiit,
1220 1273 1275 1314 ros

237 1359 357 1426 Judaeis
372 1357 563 1446 imperastis,
578 1369 611 1422 et
625 1380 754 1424 omnem
769 1381 881 1424 eorum
897 1369 1017 1423 terram
1034 1359 1153 1424 ditioni
1168 1369 1272 1423 resta-e

234 1468 407 1558 adjecistis.
429 1465 513 1533 tttud
528 1479 648 1543 autem,
669 1465 743 1556 lpse
757 1469 820 1532 erit
838 1469 1036 1558 exspectatio
1049 1469 1214 1558 gentium,
1232 1467 1275 1531 si-

240 1575 411 1666 gnificabat
428 1576 497 1642 soro
518 1599 558 1641 ex
578 1575 725 1640 omnibus
740 1578 886 1665 gentibus
905 1579 958 1664 qui
978 1600 1058 1642 enm
1081 1577 1273 1644 (111111111-

242 1699 350 1752 turum
369 1696 598 1774 exspectarent.
624 1685 719 1764 Quod
738 1685 868 1774 quidem
887 1687 977 1751 vobis
998 1685 1078 1754 licet
1099 1709 1229 1754 cernere
1245 1699 1273 1750 et
1340 1752 1341 1757 ,

243 1798 289 1862 111
309 1795 500 1884 experientia
521 1794 663 1862 credere.
688 1797 735 1861 Ex
754 1796 841 1860 omni
862 1795 949 1860 enim
969 1796 1149 1862 hominum
1169 1819 1270 1886 genera

243 1915 428 1992 exspectant
447 1902 537 1969 illum
557 1905 590 1970 in
609 1903 719 1970 Judaea
739 1904 938 1980 crucifixum,
959 1917 1034 1994 post
1057 1929 1160 1994 quem
1179 1905 1271 1970 statim
1339 1936 1341 1983 t

246 2009 330 2077 bello
346 2022 437 2099 capta
452 2008 637 2075 Judaeorum
653 2021 736 2075 terra
752 2009 840 2076 vobis
855 2010 970 2076 tradita
985 2023 1045 2076 est.
1065 2013 1162 2078 Istud
1173 2034 1270 2100 pono,

257 2118 379 2208 «ligans
395 2119 436 2184 ad
454 2117 551 2185 vitem
566 2115 689 2206 pullum
704 2141 809 2194 suum,
825 2130 858 2185 et
873 2117 979 2185 lavans
994 2119 1029 2184 in
1045 2123 1268 2210 sanguineum

249 2228 390 2294 »stolam
414 2251 522 2306 suam,
542 2255 555 2289 1
576 2227 757 2316 symbolum
787 2241 855 2293 erat
881 2253 930 2295 res
957 2229 1146 2319 significans
1168 2233 1264 2320 partlm

250 2339 377 2405 Christo
396 2351 576 2414 eventuras,
599 2337 714 2426 partim
733 2339 774 2402 ab
794 2337 862 2427 ipso
882 2338 1048 2426 gerendas.
1075 2341 1159 2406 Nem
1176 2337 1263 2429 pulian
1340 2337 1341 2342 ’

249 2447 379 2536 quidam
394 2447 487 2513 asinas
503 2449 606 2512 stabat
621 2447 653 2512 iu
668 2445 806 2534 quodam
822 2447 952 2514 introitu
968 2447 1032 2513 vici
1050 2448 1091 2513 ad
1107 2449 1198 2514 ritem
1211 2445 1271 2512 ulli

249 2568 364 2647 gatus:
386 2567 481 2646 quem
500 2580 576 2622 eum
596 2557 654 2622 sibi
673 2580 691 2621 a
711 2554 871 2645 discipulis
890 2567 969 2622 tunc
989 2557 1110 2623 adduct
1115 2558 1262 2644 jussisset,

250 2666 426 2732 adductum
442 2664 639 2740 conscendit,
656 2665 748 2753 eique
762 2664 900 2730 insidens
916 2663 1137 2752 Jerosoiymrm
1150 2665 1265 2753 ingres-

251 2799 304 2842 sus
319 2788 379 2852 est,
397 2777 452 2841 ubi
467 2777 641 2842 maximum
655 2775 675 2841 J
679 2773 840 2840 udaeorum
855 2773 1013 2864 templum
1023 2787 1097 2850 erat,
1107 2775 1195 2862 qnod
1203 2797 1270 2862 pos

252 2899 303 2952 tea
318 2910 336 2952 1
352 2887 441 2952 vobis
456 2907 602 2952 eversum
614 2897 671 2950 est.
691 2884 738 2951 Ac
754 2895 861 2973 postea
877 2883 910 2948 in
926 2905 1060 2956 crucem
1070 2895 1271 2956 estecestat

254 2995 340 3084 quod
358 2994 516 3086 reliquum
531 3007 598 3062 erat
613 2995 787 3087 prophetiae
805 2993 996 3088 expleretur.
1023 2991 1273 3063 Ν1111111111111-

255 3135 268 3170 »
282 3129 358 3172 vans
370 3107 402 3172 in
414 3108 566 3196 sanguine
578 3130 646 3194 uvea
657 3107 770 3174 stolam
782 3128 907 3181 suam,s
921 3105 1102 3194 passionem
1113 3104 1201 3169 illem
1210 3125 1277 3193 prae

244 3217 434 3294 nuntiabat,
455 3239 551 3305 quam
569 3229 635 3283 erat
655 3239 816 3307 passurus,
836 3217 988 3304 sanguino
1006 3239 1062 3282 eos
1083 3215 1216 3306 expians
1233 3212 1277 3301 qui

255 3326 314 3416 ipsi
329 3325 475 3393 credunt.
494 3325 575 3392 Nam
591 3349 661 3417 quae
674 3325 789 3393 dicitur
799 3349 817 3392 a
829 3325 936 3392 divino
947 3323 1069 3414 Spiritu
1081 3347 1143 3414 per
1158 3323 1277 3413 prophe

255 3446 321 3501 tam
333 3434 425 3512 stola,
443 3435 589 3502 homines
600 3449 674 3501 sunt
688 3436 716 3501 ei
730 3435 908 3512 eredentes,
925 3435 1086 3523 inquibus
1098 3433 1181 3500 iilud
1197 3436 1280 3500 aDeo

256 3567 365 3610 semen
380 3546 503 3614 habitat
518 3543 670 3613 Verbum.
690 3545 786 3625 Quod
802 3557 911 3610 autem
931 3544 1048 3611 dieitur
1063 3546 1196 3634 sanguis
1212 3567 1279 3616 111,

259 3654 292 3719 id
311 3653 509 3742 significabat
531 3680 605 3723 eum
625 3657 678 3744 qui
698 3658 898 3746 appariturus
915 3669 995 3731 erat,
1015 3655 1206 3744 sanguinem
1221 3653 1279 3741 qui-

259 3763 333 3830 dem
347 3763 546 3844 habiturum,
563 3767 618 3834 sed
629 3791 694 3842 non
705 3791 745 3834 ex
759 3767 901 3836 humano
913 3766 1045 3841 semiue,
1059 3787 1174 3830 verum
1190 3789 1227 3830 ex
1240 3763 1279 3827 di·

292 3895 374 3950 1011.
389 3915 455 3954 xus,
473 3914 508 3948 ro.
