2808 4688
213 235 251 278 22
575 233 711 276 sanctus
735 233 869 284 illimus,

211 373 227 407 s
241 345 308 430 ris,
320 367 395 415 non
421 339 467 422 de
489 345 585 423 Deo,
600 337 702 438 quod
724 363 798 409 non
826 335 968 410 dederit
985 336 1065 410 tibi.
1079 369 1096 404 r
1110 341 1243 438 Repel-

208 449 317 523 ienda
330 451 477 524 tristitia
491 475 499 518 :
513 453 663 546 «Isonge
684 444 741 518 fac
758 469 780 516 a
798 461 835 517 te
859 467 1007 516 omnem
1030 449 1242 520 tristitiam:

210 562 372 632 »etenim
391 559 468 630 baec
482 581 584 629 soror
602 570 655 628 est
673 553 933 640 dubitationis,
946 567 983 624 et
995 555 1242 629 iracundian...

209 697 225 729 s
237 669 407 764 Utraque
421 689 507 762 ergo
524 687 580 736 res
598 661 731 734 iaedunt
747 663 922 760 Spiritum
936 677 1117 750 sanctnm;
1133 661 1244 735 dubi·

209 799 226 832 »
240 772 340 855 tatio,
347 773 434 867 qnia
445 792 520 839 non
533 770 704 839 successit
716 779 816 837 actus
833 765 924 860 ejus,
934 779 971 836 et
983 767 1138 853 tristitia,
1151 769 1243 864 quia

209 905 226 940 >2
241 874 327 947 facit
340 873 561 947 iracundiam
574 875 763 972 spiritui...
775 873 986 944 sicutenim
995 874 1122 942 vinum
1134 887 1242 944 aceto

215 1011 230 1046 >t
244 983 400 1052 mixtum
412 978 575 1052 eamdem
585 981 797 1052 suavitatem
810 977 1029 1066 nonhabet,
1046 982 1097 1058 sic
1110 992 1148 1050 et
1158 983 1241 1048 tris-

211 1121 226 1153 »
240 1092 318 1162 titia
331 1090 480 1188 Spiritui
490 1090 737 1160 sanctomixta
746 1086 911 1159 eamdem
921 1089 1124 1158 orationem
1132 1110 1242 1158 mun·

210 1227 226 1260 >2
240 1193 323 1266 dam
341 1193 548 1266 nonhabet.
561 1191 769 1265 »Probandi
785 1192 970 1297 prophete
985 1215 1031 1264 ex
1044 1191 1239 1291 operibus:

87 1335 89 1340 v
209 1335 224 1366 «
238 1301 357 1374 Habes
368 1318 607 1399 utrorumque
617 1299 1140 1399 prophetarumvitam.Proba
1152 1323 1240 1396 ergo

211 1437 227 1470 u
239 1406 284 1478 de
298 1412 370 1478 vita
383 1421 420 1478 et
432 1404 801 1505 operibushominem
814 1408 879 1503 qui
892 1405 981 1477 dicit
997 1431 1052 1491 se,
1062 1405 1239 1505 Spiritum

212 1545 228 1579 »
242 1513 555 1588 sanctumhabere
570 1542 578 1583 :
598 1528 640 1584 tu
655 1526 777 1584 autem
792 1510 899 1584 crede
916 1515 1061 1610 spiritui
1079 1517 1235 1586 venienti

216 1629 373 1711 uaDeo‚
388 1623 535 1695 habenti
551 1625 742 1692 virtutem:
756 1624 898 1718 spiritui
917 1635 1038 1693 autem
1057 1626 1238 1704 terrestri,

198 1735 230 1789 ⁴»
244 1750 378 1814 vacuo,
397 1732 461 1824 qni
477 1751 498 1798 a
516 1724 662 1798 diabolo
674 1739 745 1813 est,
757 1727 796 1796 in
808 1749 884 1822 quo
901 1724 992 1796 fides
1009 1750 1084 1798 non
1104 1745 1158 1802 est
1178 1753 1239 1803 en-

216 1867 231 1902 u
245 1841 452 1938 querimus,
465 1834 610 1907 credere
619 1831 705 1905 noli.
715 1861 732 1897 r
741 1836 896 1903 Possunt
905 1839 1040 1905 servari
1050 1835 1238 1936 mandata:

213 1945 422 2015 «Dominari
437 1956 556 2039 potest
568 1943 733 2011 omnium
746 1937 878 2009 horum
892 1936 1157 2026 mandatorum,
1172 1947 1238 2041 qui

217 2079 233 2112 »
244 2049 354 2120 habet
371 2049 568 2120 Dominum
586 2052 625 2118 in
644 2045 753 2116 corde
772 2069 840 2116 suo
857 2072 865 2114 :
884 2049 948 2142 qui
964 2061 1087 2119 autem
1102 2048 1238 2122 babent

213 2185 228 2216 »ι
244 2153 440 2226 Dominum
449 2157 486 2224 in
502 2152 605 2225 labiis
617 2155 703 2237 suis,
715 2165 751 2223 et
763 2152 981 2230 coriilorum
990 2152 1159 2226 obtusum
1167 2167 1231 2236 est,

212 2294 227 2326 »
242 2275 278 2332 et
287 2261 395 2358 longe
407 2273 492 2331 sunt
502 2285 522 2331 a
532 2259 702 2346 Domino,
710 2259 781 2329 iliis
792 2257 961 2331 mandata
972 2259 1048 2331 haec
1054 2259 1138 2330 dura
1146 2272 1230 2330 sunt

215 2400 231 2432 a
244 2384 281 2440 et
293 2366 464 2440 difficilia.
487 2371 615 2438 Ponite
634 2391 721 2465 ergo
738 2366 877 2438 vobis...
902 2367 1101 2442 Dominum
1116 2367 1232 2440 Deum

214 2507 231 2539 s
242 2489 401 2545 vestrum
416 2477 452 2544 in
468 2472 577 2544 corde
590 2472 744 2559 habere,
763 2488 800 2544 et
817 2473 1023 2572 intelligetis
1035 2471 1135 2574 qnod
1146 2471 1236 2545 nihii

212 2577 1237 2678 »faciliuscsthismandatis‚nequedulciusnequeman-
1341 2659 1345 2664 ,

215 2720 230 2752 n
244 2693 392 2772 suenus,
400 2711 520 2785 neque
529 2691 720 2759 sanctius...
730 2692 852 2760 Potest
861 2703 982 2760 autem
991 2690 1157 2765 diabolus
1169 2690 1238 2762 luc·

214 2827 230 2860 ι)
245 2797 393 2880 tari‚sed
405 2799 548 2868 vincere
559 2818 633 2866 nou
641 2808 779 2891 potest:
793 2799 822 2865 si
833 2799 931 2866 enim
943 2800 1108 2870 resistitis
1117 2796 1240 2886 illi,fu·

211 2931 227 2964 s
241 2903 313 2996 giet
326 2896 686 2970 avobisconfusus....
695 2901 802 2968 Minae
811 2897 1238 2976 illiussinevirtuteenim

133 2997 135 3002 ’
212 3039 228 3071 s
241 3022 341 3093 sunt,
354 3011 447 3078 sicut
458 3006 617 3076 bominis
629 3009 765 3077 mortui
782 3010 895 3080 nervi.
909 3040 926 3074 s

243 3109 302 3183 'In
317 3111 472 3184 decursu
486 3112 595 3208 hujus
614 3111 695 3184 libri
715 3129 838 3211 pastor
850 3114 1043 3214 perpendit
1055 3119 1241 3215 quomodo

211 3217 390 3315 agendum
402 3221 534 3290 sitviro
550 3241 633 3315 erga
647 3219 836 3291 mulierem
846 3219 1044 3295 adulteram
1057 3251 1065 3292 ε
1079 3230 1139 3298 «Si
1154 3251 1241 3300 con·

212 3359 228 3392 n
240 3329 329 3398 vivit
344 3351 428 3400 cum
441 3327 503 3398 illa
518 3332 583 3412 vir,
599 3331 781 3426 particeps
795 3331 864 3401 erit
879 3331 1131 3404 moechationis
1150 3338 1240 3433 ejus3

213 3436 399 3506 »dimittat
414 3436 522 3506 illam.
536 3432 647 3526 Quod
664 3441 693 3506 si
709 3434 951 3525 dimiserit-et
963 3438 1070 3510 aliam
1083 3441 1244 3532 duxerit,

215 3545 370 3639 »etipse
381 3542 596 3615 moechatur.
611 3543 721 3636 Quod
730 3547 759 3614 si
768 3545 898 3616 mulier
909 3543 1053 3620 dimissa
1063 3555 1244 3647 poeniten·

214 3681 229 3714 u
244 3652 331 3718 tiam
341 3650 465 3743 egerit,
471 3661 508 3718 et
517 3649 674 3721 voluerit
682 3649 729 3722 ad
739 3652 856 3722 virum
865 3675 971 3725 suum
980 3661 1122 3746 reverti,
1136 3656 1245 3730 debet

215 3787 231 3820 »
244 3755 664 3850 recipere'peccatricem.
674 3785 691 3821 s
701 3755 791 3847 Quae
801 3756 934 3829 solutio
945 3759 1142 3832 admodum
1157 3786 1244 3834 con·

215 3857 383 3945 sentence
402 3874 455 3930 est
469 3859 601 3956 regulis
610 3885 699 3956 quas
710 3881 851 3961 semper
862 3863 1065 3940 observavit
1076 3868 1244 3941 Ecclesia.
