2684 4638
260 269 325 336 556
575 291 690 338 aaroni
712 289 827 343 maner
850 293 913 338 ιιι.
937 285 975 338 ιιι

258 397 478 488 »θιορίιοιιιιι
494 395 600 466 »dixit
623 421 699 467 eum
713 400 906 470 habuissse¹.
927 400 1054 491 Reliqui
1074 401 1171 468 enim
1199 425 1312 470 omnes

257 507 424 598 Prophetae
438 507 706 580 annuntiaverunt
722 509 896 587 adventum
913 511 1037 599 paterni
1051 508 1215 585 luminisa
1240 535 1315 580 oon

258 617 426 706 cupierunt
439 627 546 681 autem
559 615 646 704 digni
658 637 726 682 ease
740 616 848 686 videre
858 641 933 684 eum
944 639 1041 708 quem
1051 621 1310 709 pmdiosbant:

257 724 395 793 loannes
411 734 518 790 autem
533 737 566 792 et
580 726 804 814 praenuntiavit
818 726 964 794 similiter
976 727 1061 796 sieut
1072 729 1145 806 atii,
1163 743 1205 798 et
1220 732 1311 798 edve-

258 835 400 902 nientem
421 833 512 910 vidit,
534 845 568 899 et
591 832 831 912 demonstravit,
847 847 881 903 et
900 836 1032 902 eredere
1055 837 1090 902 in
1111 859 1199 904 eum
1215 843 1309 906 sunsit

257 942 378 1020 multis,
393 943 437 1008 ita
453 953 488 1007 ut
503 942 570 1032 ipse
580 955 613 1011 et
626 942 792 1032 prophete
803 956 837 1010 et
847 943 990 1034 Apostoli
1006 942 1121 1012 looum
1138 945 1305 1016 habuerit

257 1053 319 1122 llio
336 1064 383 1120 est
398 1052 484 1118 enim
501 1049 573 1141 plus
587 1074 683 1143 quum
693 1051 874 1142 Propheta:
896 1054 1077 1142 quoniame
1094 1055 1218 1145 primo
1230 1057 1305 1146 Apo·

259 1191 272 1228 ι
285 1161 370 1241 stoli,
382 1160 524 1230 seeundo
534 1159 734 1252 Prophetae²3
748 1161 877 1228 »omnia
888 1173 996 1230 autem
1004 1183 1043 1230 ex
1058 1185 1130 1230 uno
1143 1177 1181 1232 et
1193 1165 1302 1232 eodem

258 1273 327 1363 ipso
347 1272 425 1338 Deo.

302 1381 430 1448 Bonum
447 1381 534 1448 enim
552 1392 586 1450 et
599 1379 679 1450 illud
689 1382 776 1472 quod
788 1403 847 1471 per
856 1382 1104 1452 conditionema
1118 1383 1199 1452 Deo
1216 1385 1250 1452 in
1264 1386 1293 1450 ri

257 1513 318 1558 nea
333 1489 455 1558 laetum
471 1504 531 1569 est,
553 1503 586 1558 et
603 1492 707 1582 primo
726 1492 864 1562 bibitum
880 1504 928 1560 est
941 1493 1068 1566 vinumt
1092 1515 1200 1560 nemo
1220 1495 1292 1560 enin

257 1598 338 1668 illud
348 1602 536 1692 vituperavit
546 1623 585 1668 ex
595 1603 644 1669 his
656 1601 711 1690 qui
721 1601 886 1678 biberunt,
905 1602 960 1668 sed
977 1613 1010 1668 et
1024 1601 1192 1670 Dominus
1208 1625 1291 1669 scos

257 1710 304 1800 pit
319 1710 359 1777 de
374 1735 413 1778 eo
425 1734 434 1776 z
448 1710 561 1778 melius
576 1723 684 1778 autem
698 1711 785 1800 quod
798 1732 857 1800 per
870 1709 1014 1780 Verbum
1028 1709 1288 1800 oompendialiter

256 1843 295 1889 ae
309 1819 495 1909 simpliciter
509 1842 549 1886 ex
563 1841 644 1910 aqua
663 1819 704 1886 ad
719 1841 813 1886 usum
823 1841 937 1886 eorum
947 1819 1001 1908 qui
1016 1818 1058 1884 ad
1073 1819 1210 1908 nuptias
1221 1843 1285 1886 oon

255 1930 360 1998 vocati
373 1938 477 2006 erant,
497 1928 617 1996 lactum
634 1937 683 1994 est
697 1927 817 1994 vinum.
837 1926 989 2006 Quamvis
1006 1925 1095 1992 enim
1110 1927 1216 2016 possit
1228 1927 1286 1992 llo

255 2042 361 2110 minus
380 2063 420 2106 ex
438 2037 527 2106 nullo
546 2038 732 2127 subjacente
753 2059 867 2106 eorum
891 2059 962 2124 que
983 2047 1059 2102 aunt
1085 2037 1281 2111 conditioni,

243 2150 397 2242 ‚praebere
416 2145 619 2237 epulantibus
635 2147 758 2221 vinum,
773 2155 808 2210 et
826 2167 898 2212 esea
918 2143 1079 2234 complere
1098 2148 1279 2220 esurientes,

254 2257 318 2326 boo
331 2255 462 2346 quidem
477 2277 543 2322 non
558 2253 653 2322 iecit⁸
678 2276 687 2318 r
708 2253 868 2343 accipiens
882 2265 992 2320 autem
1008 2275 1063 2320 eos
1085 2255 1144 2344 qui
1165 2278 1183 2321 a
1205 2269 1279 2322 tem

252 2380 357 2436 essent
370 2389 481 2456 panes,
499 2375 532 2430 et
546 2363 661 2452 gratias
676 2385 787 2452 agens,
802 2373 835 2428 et
849 2363 967 2430 iterum
981 2385 1100 2452 aquam
1115 2364 1223 2432 fatiens
1236 2365 1277 2430 vi-

253 2501 345 2555 num,
360 2473 511 2544 saturavit
525 2471 647 2563 eosqui
664 2473 909 2548 recumbebant,
920 2484 954 2538 et
967 2473 1090 2561 potavit
1100 2495 1158 2540 eos
1171 2475 1223 2563 qui
1235 2476 1277 2540 in·

252 2587 340 2658 vitati
350 2596 441 2652 erant
452 2584 493 2650 ad
504 2581 650 2672 nuptias*
663 2604 672 2647 t
686 2582 856 2650 ostendens
867 2582 1018 2670 quoniam
1030 2581 1132 2661 Deus,
1146 2585 1203 2672 qui
1214 2583 1272 2650 ieu't

253 2712 384 2773 terram,
401 2705 434 2759 et
448 2692 542 2783 jussit
558 2713 630 2758 eam
645 2689 769 2758 fruetus
785 2689 881 2768 serre,
899 2701 931 2756 et
947 2691 1115 2759 coustituit
1132 2682 1269 2781 aq‘umt

252 2807 351 2878 edidit
365 2806 481 2880 lentes,
495 2802 550 2870 bio
560 2815 593 2869 et
603 2801 860 2869 benedictionem
875 2821 969 2876 escae,
984 2811 1017 2864 et
1030 2800 1170 2890 gratiam
1181 2815 1269 2892 potus,

253 2919 286 2987 in
300 2914 476 2985 novissimis
494 2911 691 3000 temporibus
706 2931 763 2999 per
780 2907 898 2976 Filium
914 2929 1008 2975 suum
1027 2905 1127 2976 donat
1145 2909 1271 2978 hunum

253 3026 374 3120 generi,
386 3017 714 3112 incomprehensibilis
725 3041 782 3106 per
794 3014 1129 3108 comprehensibilem,
1141 3029 1177 3084 et
1187 3017 1274 3084 invii·

250 3137 323 3208 bilis
339 3158 397 3228 per
408 3129 577 3206 visibilem
592 3150 668 3196 eum
683 3137 770 3194 extra
786 3149 861 3196 eum
871 3125 1000 3206 nonsit,
1011 3125 1067 3192 sed
1084 3125 1120 3195 in
1137 3129 1211 3196 sinu
1222 3127 1273 3196 Pt-

251 3251 309 3318 tris
324 3247 447 3316 existat.

304 3359 436 3425 «Deum
454 3354 552 3430 enim,
572 3349 687 3440 inquit,
708 3371 803 3418 nemo
821 3350 900 3416 vidit
917 3367 1069 3438 unquam,
1090 3347 1152 3414 uisi
1173 3350 1275 3440 vanipe-

251 3467 362 3536 snitus
376 3462 475 3534 Filius
489 3461 560 3538 Dei,
578 3458 633 3549 qui
647 3468 695 3524 est
712 3458 745 3526 in
759 3457 829 3524 sinu
843 3456 957 3534 Patris,
974 3458 1042 3546 ipse
1055 3456 1268 3524 enarravit‘.s

249 3579 376 3648 Patrem
383 3573 469 3640 enim
479 3567 668 3638 invisibilem
678 3569 865 3639 existentem
876 3567 942 3646 ille,
951 3569 1005 3657 qui
1016 3568 1050 3634 in
1061 3568 1134 3635 sinu
1142 3569 1270 3658 ejusest,

212 3673 217 3696 ⁸
249 3687 347 3756 Filius
366 3683 513 3752 omnibus
531 3691 666 3748 enarrat.
688 3679 821 3771 Propter
846 3678 910 3748 bos
932 3690 1132 3770 cognoscunt
1155 3677 1270 3746 eumbi
1320 3689 1321 3740 t

281 3844 291 3878 ¹
304 3843 397 3894 ldatth.
409 3859 443 3904 ιι,
454 3860 483 3910 9;
496 3843 555 3892 buc.
572 3857 617 3900 vn,
629 3839 666 3890 26.
679 3839 752 3890 -21
765 3841 826 3892 Cor.
836 3857 882 3900 ιιι,
899 3839 938 3892 28.
953 3865 985 3880 -
997 3838 1007 3875 ¹
1017 3839 1093 3892 ioan.
1105 3857 1136 3900 ιι,
1146 3839 1195 3891 bet
1205 3854 1269 3903 seqq.

247 3960 278 3972 —
288 3931 299 3966 ⁴
309 3931 381 3982 loeo.
393 3945 429 3993 vr,
441 3945 480 3980 ιι.
490 3927 540 3968 -l
550 3927 626 3978 loen.
639 3944 657 3985 ι,
672 3925 708 3976 ι8.
