2688 4626
297 255 300 266 ’
352 287 392 328 an
415 283 536 328 cuncos
561 285 773 329 concursare.
850 275 858 284 “
1017 268 1075 350 187

33 388 154 476 argiri3
184 390 278 456 dum
300 414 352 457 cos
376 391 431 479 qui
444 390 552 458 'semel
573 392 786 482 corruptioni,
815 401 927 480 utpote
951 389 1025 458 facti
1045 414 1083 458 ex

33 497 179 572 euteria,
198 499 340 563 obnoxii
355 511 443 574 sunt,
459 501 569 565 rursus
586 497 669 564 illius
680 495 837 563 heneiicio
852 497 1086 585 acorruptione

36 617 48 667 t
63 601 304 671 dissolutione
316 608 471 672 immunes
484 607 553 671 lore
563 606 758 694 pronuntiat.
773 605 852 672 Nam
864 606 1003 671 materiae
1011 604 1085 678 um,

33 723 145 798 rtpote
162 711 366 800 ingenitam,
379 723 424 788 et,
435 721 471 776 ut
482 713 548 800 ipse
564 711 714 800 opinatur
726 710 828 786 Plato,
842 710 996 799 equalem
1013 712 1090 806 opi·

33 820 77 883 ici
97 833 135 883 et
155 843 322 896 comvnm,
334 819 488 886 obluctari
504 843 565 908 par
583 832 631 886 est
646 818 745 907 ipsius
760 817 924 884 voluntati.
947 821 984 884 Ei
999 820 1086 885 enim

33 927 87 1012 [ui
107 950 182 992 non
208 928 334 993 creavit
353 925 436 992 nullu
452 939 498 991 est
514 926 593 990 inid
608 924 756 1012 quodest
772 927 960 1002 increatum,
975 939 1084 1014 potes·

33 1055 68 1096 as
75 1055 87 1104 ,·
110 1034 209 1098 unde
226 1056 296 1100 nec
307 1035 352 1100 vis
364 1033 425 1098 ulla
433 1033 460 1098 ei
472 1033 580 1098 inferri
590 1043 708 1121 potest,
721 1035 843 1100 cumab
855 1036 942 1100 omni
953 1047 1082 1100 externa

33 1141 229 1207 secessitate
247 1140 351 1208 libera
366 1143 416 1206 sit.
434 1140 484 1208 Ad
498 1140 567 1205 haec
582 1140 752 1228 respiciens
767 1139 855 1206 Plato
871 1144 917 1207 sic
932 1143 1056 1232 scripsit
1071 1165 1079 1204 :

33 1250 161 1316 Necesse
177 1266 229 1315 cst
251 1266 296 1322 ut¹
309 1250 382 1315 vim
400 1250 471 1314 Deo
487 1249 609 1335 infhrri
622 1272 691 1313 non
706 1271 797 1338 pesae
809 1251 967 1317 dicamus.

68 1355 198 1425 XXIV.
214 1357 395 1437 Quomodo
403 1379 479 1446 crgo
486 1357 664 1422 Homerum
676 1359 803 1423 civitate
816 1383 872 1424 sua
883 1359 971 1454 ejicit
980 1357 1081 1437 Plato,

33 1469 117 1555 quod
125 1467 329 1535 Phoenicem
341 1479 487 1555 suscepta
499 1466 542 1532 ud
555 1465 714 1532 Achillem
725 1465 882 1555 legatione
895 1469 964 1535 haec
971 1469 1085 1538 Achilli

33 1578 194 1642 licentem
217 1569 400 1650 induxerit,
424 1576 461 1640 M
465 1573 602 1639 ambilet
616 1590 646 1638 et
664 1576 729 1662 ipsi
743 1592 821 1642 cunt
838 1575 909 1653 de,
927 1599 1002 1644 cum
1020 1579 1086 1644 llo-

33 1711 140 1752 merus
156 1705 228 1752 non
244 1685 293 1750 de
309 1707 383 1772 rege
399 1693 432 1747 et
447 1683 582 1748 deorum
602 1681 780 1750 secundum
793 1682 958 1751 Platonem
974 1685 1088 1773 opifice

33 1797 62 1860 id
79 1796 216 1870 dixerit,
235 1795 302 1860 sed
316 1794 355 1858 de
376 1793 434 1856 diis
452 1791 661 1887 quibusdam,
678 1813 757 1878 quos
777 1791 879 1858 Graeci
896 1791 1002 1880 plures
1021 1817 1088 1862 esse

35 1903 245 1976 existimant,
267 1913 310 1964 ut
332 1900 453 1964 discere
468 1910 516 1963 est
533 1921 571 1962 ex
586 1899 653 1985 ipso
667 1897 809 1974 Platone,
826 1900 918 1988 cujus,
931 1897 1001 1966 haec
1015 1913 1088 1966 suut

35 2011 155 2086 verba,
173 2007 241 2074 Dii
253 2009 423 2102 deorum
439 2005 497 2071 Uni
511 2007 596 2071 enim
613 2019 644 2070 et
657 2009 761 2094 primo
775 2007 843 2073 Deo
852 2021 1040 2098 potestatem
1055 2021 1087 2075 et

34 2119 213 2206 imperium
230 2117 384 2183 omnium
400 2117 558 2181 Homerus
573 2137 631 2203 per
645 2136 772 2180 auream
788 2114 873 2180 illam
886 2115 986 2182 desert
998 2129 1084 2184 cete-

37 2249 119 2290 uam.
135 2225 289 2291 Caeteros
301 2237 407 2290 eutem
419 2223 493 2290 deo's
506 2235 629 2288 tantum
645 2226 684 2288 ab
698 2221 785 2316 illius
801 2225 961 2292 divinitate
972 2228 1082 2293 abesse
1198 2251 1204 2268 ·

41 2346 139 2420 palm,
156 2347 192 2400 ut
209 2358 266 2401 eos
292 2357 354 2399 una
370 2355 445 2398 cum
463 2332 537 2419 ipsis
559 2332 742 2398 hominihus
761 2335 923 2401 nominare
939 2359 1005 2401 nou
1021 2336 1082 2401 du-

46 2443 132 2506 bitet.
155 2442 309 2531 Ulyssem
332 2443 417 2514 enim
438 2441 561 2508 inducit
576 2441 649 2509 haec
668 2441 707 2516 dc
729 2443 865 2518 Hectore
886 2441 1002 2518 Achilli
1024 2443 1082 2546 di«.

47 2561 182 2616 centem:

119 2727 283 2788 Diralurit
293 2731 366 2786 Jove
375 2726 534 2798 conlidens,
548 2745 601 2786 nec
611 2727 678 2802 jura
690 2740 811 2785 veretur
861 2725 872 2746 '

119 2827 187 2894 Ulla
196 2827 356 2888 hominum
369 2839 454 2905 atque
460 2826 565 2915 deum.
582 2831 669 2886 Iliad.
683 2832 716 2904 1,
732 2829 800 2903 239.

50 2989 191 3057 Omnino
201 2995 283 3062 mihi
298 2995 422 3062 videtur
435 2997 500 3062 hec
513 2995 585 3063 loco
601 2998 772 3087 Homerus,
787 3016 862 3061 cum
877 2993 910 3058 in
928 2991 1081 3084 AEgypto,

52 3120 120 3170 nou
134 3121 225 3164 secus
240 3125 278 3168 uc
290 3100 391 3176 Pluto,
412 3101 451 3166 dc
469 3101 618 3192 singulari
634 3102 703 3168 Deo
717 3101 924 3189 cognovisset,
944 3099 1028 3166 clare
1046 3099 1081 3168 id

55 3217 88 3268 et
109 3215 219 3292 aperte
240 3205 425 3295 significare,
441 3210 467 3274 si
487 3211 556 3296 quis
576 3211 604 3275 ei
626 3210 679 3297 qui
701 3221 761 3286 est,
783 3209 850 3275 Dco
871 3208 1025 3286 confidat,
1041 3207 1096 3277 il-.

55 3311 122 3377 lum
147 3336 263 3380 eorum
287 3297 422 3404 quinon
445 3329 530 3393 sunt,
552 3318 709 3385 rationem
730 3315 851 3404 nullam
872 3316 1002 3381 hebere.
1029 3314 1086 3386 sic

60 3424 141 3488 enim
156 3433 190 3488 et
206 3422 282 3490 alibi
295 3436 389 3520 poeta
403 3446 460 3513 per
474 3424 566 3490 aliam
580 3448 694 3492 vocem
707 3425 853 3528 einsdcm
873 3422 1032 3512 ponderis,
1049 3425 1081 3492 id

61 3541 103 3594 est
122 3554 181 3619 per
200 3555 392 3621 pronomen,
413 3531 506 3598 allato
526 3534 659 3598 utitura
677 3531 808 3598 Platone
823 3531 986 3622 participio
1004 3557 1079 3601 eum

65 3639 113 3721 qui
131 3651 190 3715 est,
211 3641 314 3707 Deum
336 3639 533 3730 designante,
554 3641 593 3706 dc
616 3664 679 3730 quo
695 3641 773 3708 dixit
788 3639 876 3706 Plato
889 3641 1015 3722 :rQuid
1038 3643 1078 3709 sit

65 3770 77 3804 a
90 3743 163 3813 illud
176 3750 263 3836 quod
272 3773 397 3842 semper
410 3761 472 3826 est,
490 3761 596 3816 ortum
616 3760 725 3816 autem
739 3772 802 3816 non
818 3749 921 3820 hahet.
936 3779 949 3816 a
969 3751 1081 3840 Neque

69 3853 144 3920 enim
158 3869 273 3928 temere
291 3855 369 3928 milti
385 3859 507 3955 dietum
521 3859 646 3928 videtur
661 3881 678 3924 a
694 3857 863 3928 Phoenice:
1031 3851 1036 3858 ’
