2516 4636
357 250 656 305 consummans.
959 229 1019 294 an

18 369 66 424 ,nt
83 381 150 448 per
167 358 285 449 scripta
303 359 395 426 nohis
411 359 550 426 tradidit.
576 357 616 426 Et
630 357 733 426 Lucas
748 365 870 434 autom,
887 366 1025 424 sectator

18 465 78 544 nli,
98 467 192 556 quod
205 469 245 534 ah
263 465 318 536 itto
332 467 565 558 praedicabatur
581 465 788 559 Evangelium
803 466 837 532 in
852 463 934 532 libro
950 488 1026 532 con·

18 577 68 642 iit.
95 577 215 646 Postea
236 586 269 644 ot
282 574 436 653 ioannes,
458 575 631 665 discipulus
646 575 788 652 Domini,
805 575 859 664 qui
878 587 911 639 ot
929 597 1027 664 supra

18 698 94 754 ntus
109 689 184 776 ojus
196 689 417 763 recumbebat,
433 698 467 752 et
481 687 548 777 ipse
562 686 661 752 edidit
672 683 892 776 Evangelium,
908 683 1026 774 Ephesi

18 799 62 864 iae
78 819 296 866 commorans.

18 909 66 974 Et
79 931 196 976 omnes
206 909 258 976 isti
271 929 370 974 unum
380 907 485 974 Deum
496 905 651 976 factorem
663 903 735 974 coeli
747 917 780 971 at
790 916 895 981 torrae,
912 903 1026 996 uLego

27 1014 206 1104 Prophetis
226 1017 463 1094 annuntiatum,
479 1025 513 1082 et
527 1037 629 1081 unum
647 1014 811 1080 Christum
828 1013 945 1080 Filium
966 1013 1027 1082 Dei

18 1123 188 1195 ididerunt
203 1125 316 1195 nobis:
336 1125 452 1214 quihus
467 1124 493 1192 si
508 1123 578 1213 qnia
593 1145 659 1192 non
669 1122 814 1198 assentit,
830 1123 950 1212 spernit
960 1121 1030 1211 qui-

18 1257 59 1302 m
77 1236 251 1326 participes
269 1236 411 1312 Domini,
432 1235 551 1326 spernit
566 1247 675 1302 autem
693 1245 726 1301 et
743 1235 847 1324 ipsum
863 1229 1028 1304 Christum

18 1345 177 1423 minum,
193 1346 313 1436 spernit
328 1369 402 1414 vero
414 1357 447 1411 at
458 1344 598 1420 Patrem,
613 1356 647 1410 et
661 1354 709 1412 ost
723 1366 741 1409 a
757 1341 928 1432 semetipso
940 1342 1029 1409 dam*

23 1467 93 1532 tus,
107 1456 257 1523 resistens
271 1467 305 1524 et
315 1477 495 1546 repugnans
506 1453 599 1522 saluti
614 1475 703 1522 suma
720 1451 808 1542 quod
825 1453 948 1522 faciunt
962 1473 1027 1519 om·

18 1586 40 1629 ss
57 1561 213 1631 haeretici.

27 1671 117 1740 Cum
138 1671 247 1740 enim¹
271 1696 312 1739 ax
328 1671 502 1763 scripturis
520 1662 712 1764 arguuntur,
734 1673 768 1740 in
789 1672 1031 1740 accusationem

18 1794 221 1872 »nvertuntur
240 1784 380 1872 ipsarum
397 1782 649 1873 scripturarum,
671 1783 760 1872 quasi
781 1805 846 1850 non
866 1795 955 1850 recte
974 1783 1030 1848 ha-

18 1903 100 1968 eant,
120 1914 225 1982 neque
244 1893 308 1958 sint
322 1915 362 1958 ex
380 1892 582 1968 auctoritato,
600 1904 633 1958 et
652 1893 726 1982 quia
744 1892 830 1958 varie
844 1892 907 1958 sint
922 1881 1032 1966 dictae,

18 2049 19 2060 ,
40 2000 116 2088 quia
135 2023 200 2067 non
216 2000 315 2090 possit
333 2023 372 2067 ex
388 2001 438 2068 his
458 2001 591 2068 inveniri
611 2000 726 2076 ueritas
747 2001 787 2067 ab
808 1999 858 2066 his
881 1998 935 2089 qui
953 2021 1029 2065 nes-

18 2121 78 2174 ant
101 2109 322 2186 traditionem
345 2111 411 2178 non
436 2111 524 2178 enim
540 2134 598 2201 per
616 2108 736 2176 litteras
755 2109 905 2177 traditam
928 2105 1028 2184 illam,

18 2219 47 2286 td
62 2243 119 2308 per
131 2220 235 2287 vivam
245 2243 378 2288 vocem:
398 2223 439 2290 ob
452 2244 549 2311 quam
560 2243 690 2290 causam
699 2231 732 2286 et
743 2217 877 2288 Paulum
890 2217 1003 2285 dixisse
1016 2238 1025 2280 ε

22 2327 219 2416 Sapientiam
236 2341 346 2396 autem
363 2326 525 2420 loquimur
540 2330 624 2397 inter
637 2329 820 2420 perfectos:
842 2327 1030 2419 sapientiam

18 2448 127 2503 autem
138 2461 203 2505 non
214 2437 326 2505 mundi
341 2437 437 2529 hujus
447 2437 469 2504 ².
485 2440 554 2505 »Et
564 2439 649 2507 hanc
663 2438 851 2528 sapientiam
862 2437 1030 2526 unusquis·

18 2567 55 2610 ue
71 2567 181 2612 eorum
195 2569 263 2614 esse
274 2547 363 2624 dicit,
380 2570 508 2638 quamn
524 2550 695 2639 semetipso
704 2548 915 2623 adinvenerit,
927 2546 1030 2614 fictio-

18 2673 67 2718 em
81 2650 238 2730 videlicet,
256 2665 291 2720 ut
303 2653 397 2744 digne
408 2654 587 2722 secundum
598 2677 653 2721 eos
664 2655 706 2721 ait
717 2654 844 2729 veritas,
857 2652 1030 2741 aliquando

18 2759 121 2825 uidem
140 2761 173 2826 in
192 2758 373 2838 Valentino,
395 2760 566 2850 aliquando
589 2771 698 2827 autem
718 2759 752 2826 in
770 2759 947 2838 Marcione,
969 2757 1030 2825 ali-

18 2868 120 2936 uando
138 2869 170 2934 in
186 2868 362 2936 Corinthos
380 2881 491 2960 postea
507 2867 623 2934 deinde
637 2868 671 2934 in
686 2865 823 2934 Basilide
838 2868 911 2945 suit,
927 2881 982 2934 aut
996 2879 1032 2936 et

18 2976 95 3046 silio
110 2977 161 3065 qui
176 2987 287 3044 contra
303 2977 455 3068 disputat,
476 2978 530 3066 qui
551 2975 630 3044 nihil
648 2975 786 3044 salutare
806 2975 893 3066 loqui
910 2979 1031 3069 potuit..

18 3087 213 3176 [nmquisqne
233 3090 320 3156 enim
340 3089 482 3181 ipsorum
504 3091 688 3158 omnimodo
707 3113 887 3180 perversus,
911 3105 1029 3160 semet-

18 3218 111 3288 rsum,
134 3194 276 3300 regulam
297 3198 435 3265 veritatis
455 3198 644 3288 depravans,
668 3199 842 3290 predicare
862 3223 927 3270 non
949 3223 1031 3272 con-

18 3306 147 3374 auditur.

44 3416 499 3486 Cumautemadeamiterum
510 3420 726 3500 traditionem,
740 3443 811 3512 qnae
828 3434 877 3488 est
895 3423 935 3489 ab
947 3421 1030 3514 Ape

18 3525 98 3602 tolis,
112 3549 178 3614 quae
188 3549 247 3616 per
258 3527 474 3596 successiones
485 3530 747 3620 presbyterorum
757 3531 791 3598 in
802 3528 943 3598 ecclesiis
960 3551 1030 3597 cus

19 3637 131 3712 oditur,
146 3659 355 3728 provocamus
370 3661 441 3714 coss
462 3639 671 3710 adversantur
693 3641 868 3719 traditioni,
889 3637 1046 3710 dicentes

36 3789 112 3854 ιοη).
126 3807 151 3838 ιι.

37 3873 47 3908 ²
62 3889 70 3921 ι
84 3873 137 3924 Cor.
150 3874 211 3935 u,6.
