2492 4632
226 273 292 352 460
549 273 663 337 sineri
687 291 803 336 cassan
829 292 893 336 ars.
920 293 949 336 rs

226 400 371 468 Verbum
387 401 469 488 ejus,
485 419 542 490 per
557 397 642 488 qued
657 399 779 490 lignum
791 398 979 474 fruetificat,
993 409 1022 464 et
1033 399 1165 474 detentor

229 523 290 586 tes,
305 520 340 576 et
351 520 433 576 terra
453 510 507 574 dat
525 508 665 598 primum
682 508 817 600 quidem
834 508 969 584 imnum,
987 521 1048 599 post
1059 509 1165 606 deiotp',

229 641 314 696 eam,
329 616 445 684 deinde
460 617 591 706 pienum
604 617 747 686 triticum
761 618 798 684 in
814 617 928 707 spica?

272 725 310 790 V.
330 724 500 805 Quomodo
515 737 625 791 eutem
639 747 748 791 rursus
762 725 884 792 dicunt
897 745 1021 790 earnem
1033 723 1059 790 in
1070 729 1170 815 meopte

230 858 305 902 nem
316 833 476 911 devenire,
490 846 523 900 et
534 857 600 901 non
610 835 775 926 percipere
786 833 904 907 vitam,
917 855 986 922 qua
996 855 1100 922 corpore
1106 833 1175 900 tout

230 955 262 1010 et
276 945 428 1034 sanguine
442 942 559 1010 alitur?
574 945 658 1034 Ergo
674 956 729 1010 eut
743 941 942 1010 sententiam
956 953 1073 1020 mutant,
1082 955 1119 1008 art
1129 946 1177 1009 dd-

229 1064 326 1118 nenot
341 1050 506 1120 offerendo
527 1076 597 1143 quae
618 1053 770 1144 prodicta
791 1063 883 1118 sunt.
901 1050 1011 1118 Nostra
1028 1063 1109 1118 auum
1118 1075 1180 1118 nnn-

229 1185 308 1228 nans
323 1173 373 1230 est
387 1163 545 1230 sententia
559 1163 779 1238 Eucharistiae,
797 1173 833 1227 et
854 1161 1043 1228 Eucharistia
1055 1185 1131 1227 mnus
1140 1185 1182 1227 eor·
1208 1166 1209 1187 ¹

229 1267 338 1337 sumat
360 1270 550 1338 sententiam
572 1283 723 1338 nostram.
749 1270 932 1340 Offerimus
950 1271 1028 1336 enim
1045 1269 1068 1336 ei
1083 1293 1130 1358 qne
1142 1285 1180 1335 sut

231 1379 314 1468 ejus,
342 1393 556 1470 congruenter
574 1381 907 1448 communicationem
930 1391 962 1446 ot
982 1379 1107 1444 unitatem
1118 1379 1182 1466 ped

232 1502 342 1556 cantes
361 1491 465 1557 earnis
485 1502 518 1556 et
539 1489 684 1578 Spiritus.
703 1489 989 1570 Quemadmodum
1002 1488 1072 1555 enin
1088 1488 1179 1576 quiens

233 1611 319 1666 terra
333 1601 435 1690 panis,
446 1600 625 1692 percipiens
639 1600 880 1668 invocationem
892 1599 963 1674 Dei,
973 1599 1031 1687 jam
1043 1618 1182 1663 coneum

234 1711 283 1777 nis
297 1711 388 1800 panis
411 1723 471 1786 est,
492 1710 548 1778 sed
567 1709 779 1798 Eucharistia,
796 1735 839 1778 ex
858 1710 979 1776 duabus
993 1710 1071 1776 robus
1083 1717 1180 1776 censue,
1208 1752 1209 1798 t

235 1830 362 1886 terrena
376 1829 410 1884 ct
431 1816 553 1886 coeiesti
569 1841 577 1882 :
596 1818 689 1885 sicet
707 1839 847 1908 corpora
863 1830 969 1885 nostra
983 1813 1135 1905 percipientis
1144 1813 1180 1876 Eu-

235 1927 430 2004 cherintum,
442 1929 508 2017 jam
523 1951 588 1995 non
599 1939 674 1995 sunt
686 1927 922 2017 corruptibilia,
934 1949 1015 2016 spem
1022 1919 1179 1990 resurrectionis
1208 1916 1209 1923 '

235 2037 394 2105 habentia.
754 2047 760 2054 '
1208 2118 1209 2131 χ

278 2147 332 2216 Vl.
351 2148 524 2216 Offerimus
539 2149 626 2216 enim
640 2149 683 2227 ei,
704 2173 768 2218 nou
789 2151 884 2238 quasi
902 2146 1049 2235 indigenti,
1062 2137 1176 2228 otgario

235 2249 1174 2347 agentesdominationiojus,etsanctificantescreaturandtffi
1208 2317 1209 2334 ,

234 2367 408 2434 admodum
420 2369 507 2436 enim
520 2369 605 2436 Deus
618 2393 682 2436 non
697 2369 818 2460 indiget
829 2392 945 2438 eorum
958 2389 1021 2455 que
1031 2389 1045 2428 a
1055 2361 1115 2428 notis
1124 2367 1172 2424 rud,
1208 2441 1209 2451 ἶ

235 2478 281 2544 sic
296 2500 353 2544 nos
368 2477 547 2568 indigemus
562 2479 677 2546 offerre
692 2479 813 2570 aliquid
834 2480 924 2550 Deo:
938 2477 1012 2543 siout
1022 2465 1166 2539 tuomst:

244 2613 257 2648 r
272 2588 337 2668 Qui
349 2589 518 2656 miseretur
533 2591 678 2679 pauperi,
691 2588 942 2686 soencratDeo¹.
960 2584 1036 2664 »Qui
1043 2572 1164 2646 mordis

237 2695 380 2787 indigem
400 2707 449 2763 est
463 2696 560 2772 Deus,
577 2698 610 2764 in
621 2719 654 2764 se
666 2699 797 2766 assumit
808 2699 913 2764 bonas
924 2693 1159 2785 operatiorem.

236 2806 278 2872 ad
293 2806 356 2872 hoe
370 2818 406 2871 ut
420 2819 547 2895 prestet
566 2808 658 2874 nobis
679 2809 926 2876 retributionem
945 2807 1066 2870 bonone
1078 2811 1162 2860 mrum
1208 2815 1209 2872 t

237 2919 320 2986 sicut
335 2917 491 2984 Dominus
507 2928 615 2984 noster
632 2917 676 2983 ait
692 2940 700 2982 ε
715 2915 870 2992 «Venite,
894 2896 1165 2983 benedictinum.

236 3029 418 3118 »percipite
436 3037 648 3116 praeparatum
663 3027 752 3092 vobis
768 3049 913 3114 regnum.
928 3001 1168 3089 neruosusne
1208 3011 1209 3079 i

238 3167 251 3199 ι
267 3137 354 3204 distis
366 3135 445 3202 mihi
459 3134 653 3202 manducare
669 3158 676 3200 :
691 3135 785 3211 sitivi,
797 3144 830 3200 et
846 3131 974 3225 potestis
987 3123 1127 3204 methotpffl
1137 3109 1169 3179 Μ’

239 3259 300 3315 set
314 3243 483 3336 collegistis
495 3268 562 3319 met
582 3245 698 3320 nudus,
715 3255 748 3310 et
759 3241 963 3334 cooperuistis
972 3260 1030 3309 mes
1044 3227 1168 3342 'miti
1208 3272 1209 3285 ,

240 3387 253 3420 s
269 3357 416 3424 visitastis
432 3379 499 3430 mer
521 3357 553 3422 in
567 3377 708 3431 earcere,
721 3364 754 3420 et
769 3354 896 3420 venistis
910 3349 949 3418 od
965 3343 1036 3414 me².
1049 3370 1059 3402 ι
1070 3336 1126 3402 Sicu
1138 3349 1170 3446 rg-

238 3479 292 3534 tur
305 3489 370 3533 non
387 3465 437 3532 his
451 3465 608 3555 indigens,
620 3463 688 3531 vult
699 3476 806 3531 tamen
820 3487 838 3530 a
855 3461 943 3530 nobis
957 3464 1063 3548 propter
1074 3465 1112 3511 ros
1121 3437 1164 3504 int
1208 3536 1209 3567 1

238 3597 279 3642 ne
294 3576 391 3640 simus
414 3573 626 3642 infructuosi:
645 3575 687 3640 ita
709 3572 742 3639 id
761 3573 864 3663 ipsum
881 3569 1012 3638 Verbum
1027 3556 1090 3626 dedii
1100 3541 1166 3668 ffl

238 3697 434 3774 praeceptum
448 3684 666 3752 faciendarum
680 3682 888 3759 oblationum,
903 3672 1026 3770 quamvis
1041 3687 1086 3734 noo
1096 3655 1164 3740 Μ’

239 3806 288 3862 rot
309 3793 366 3867 eis,
392 3807 427 3859 ut
450 3795 609 3862 discerent
627 3793 695 3862 Deo
716 3794 848 3869 servire,·
864 3793 907 3862 sic
921 3802 951 3858 et
964 3786 1023 3854 ideo
1037 3797 1080 3843 nos
1092 3781 1164 3856 W

270 3926 362 3976 ¹Prov.
376 3943 427 3986 arx,
444 3942 479 3989 ¹7·
495 3925 546 3966 --1
560 3926 651 3978 Matth.
662 3943 719 3987 nv,
732 3927 762 3985 id
771 3935 796 3978 ct
808 3943 878 3991 seqq.
