2772 4620
465 269 617 316 aroaoou
641 251 755 312 anau·
1051 231 1111 316 stip

76 410 160 456 sesa
174 383 345 454 obfirmare
357 389 492 472 possum
507 377 657 443 adversus
675 371 884 444 Christianos,
898 379 936 432 ut
948 364 1044 432 etiam
1056 385 1115 450 pro

75 493 242 564 tribunali
252 489 477 582 respondeant,
490 483 567 552 illue
577 493 703 550 tanmm
713 501 781 547 sese
791 486 928 554 vertant,
936 495 1002 541 non
1012 483 1118 536 autem

76 603 297 695 petitionibus
314 611 370 666 aut
384 595 459 664 solis
474 605 607 660 utantur
621 589 822 658 elamoribus.
840 584 942 652 Multo
955 583 1041 650 enim
1055 601 1120 646 ma·

78 719 140 808 gis
151 714 314 790 convenit,
331 712 356 778 si
369 709 439 798 quis
451 727 600 774 accusare
614 701 700 779 vetis,
719 714 750 768 te
762 723 799 766 ea
813 699 853 766 de
865 720 900 764 re
913 711 1118 784 eognosoero·

85 825 129 895 si
143 825 216 913 quia
231 822 328 911 igitur
339 829 464 886 accuset
476 827 509 882 et
524 811 754 899 (Christianos)
770 804 984 897 praeterlegis
997 798 1120 888 aliquid

89 957 191 1024 ugera
206 932 420 1024 demonstret,
433 927 474 991 ita
496 936 598 990 statue
614 933 649 986 ut
661 919 796 1010 gravitas
810 915 917 984 delicti
930 909 1114 1004 postulabit.

89 1036 479 1122 Quemadmodumetiam
488 1027 682 1103 mehercule,
693 1027 794 1115 siquis
802 1022 1013 1092 calumniandi
1021 1039 1117 1085 causa
1261 1073 1272 1084 ,

86 1153 179 1219 huno
190 1157 378 1240 praetextum
389 1145 530 1233 arripiat,
546 1139 770 1230 cogitationem
782 1135 904 1224 suscipe
916 1132 1028 1199 dehac
1039 1150 1117 1196 cru-

92 1260 158 1328 deli
173 1259 284 1350 agendi
299 1257 433 1330 ratione,
448 1265 481 1319 et
496 1274 571 1319 eura
586 1263 622 1316 ut
636 1247 807 1315 ulciscaris.

409 1427 800 1462 -ιύθΦ--ι-

285 1569 435 1616 ΑΜΟΜΜ
450 1567 601 1612 astaron
619 1566 659 1608 ΑΒ
676 1561 821 1608 COHUNE
838 1553 923 1602 astu.

138 1695 240 1766 LXX.
267 1697 443 1786 Imperator
461 1696 566 1762 Caesar
581 1694 672 1760 Titus
691 1689 790 1758 AElius
808 1684 965 1754 Adrianus
986 1670 1121 1742 Antoni·

94 1829 161 1874 nus
178 1806 336 1896 Augustus
351 1806 438 1882 Pius,
453 1805 598 1872 Pontifex
610 1803 778 1876 Maximus,
792 1797 926 1864 Tribon.
940 1797 1053 1879 potest
1068 1803 1120 1854 xv.

94 1915 199 1982 Cous.
222 1939 272 1992 m,
287 1903 382 1982 Piter
396 1916 518 2005 patria,
534 1912 697 1984 eommrsni
712 1911 793 1978 Asiae
808 1905 950 1973 salutem.
970 1896 1124 1964 Putabam

91 2024 252 2112 equdem
264 2037 428 2092 curaturos
438 2025 528 2100 deos,
543 2047 584 2090 ne
598 2021 675 2090 tales
686 2020 829 2088 homiues
843 2014 988 2082 laterent
1006 2001 1122 2074 Nomai

92 2146 241 2222 possent,
262 2132 364 2200 mutto
385 2135 485 2223 magia
505 2155 599 2222 qaum
618 2155 672 2198 vos
693 2131 732 2198 ab
750 2122 907 2216 ejusmodi
927 2116 1120 2187 hominibus.

91 2241 151 2330 qui
166 2264 220 2308 eos
234 2243 367 2310 adorare
381 2241 510 2317 notant,
524 2263 633 2332 poeuas
644 2248 832 2329 repeterent.
852 2233 977 2312 Quibus
992 2225 1120 2316 quidem

94 2373 153 2416 vos
166 2349 341 2420 molestiam
356 2351 520 2426 fioessitis,
536 2361 570 2415 et
584 2371 695 2415 eorum
710 2346 913 2418 sententiam,
930 2353 1080 2426 tanquam
1096 2333 1122 2396 ⁸5

98 2461 307 2536 ostentasset,
317 2462 488 2538 accusatis,
500 2474 533 2526 et
547 2459 607 2527 alia
621 2433 774 2528 nonnulis
785 2451 957 2545 impingitis
967 2471 1038 2538 quae
1051 2467 1122 2534 prs>

98 2571 177 2636 tare
188 2591 436 2659 non'posaumua.
452 2567 533 2636 Utile
544 2568 722 2638 autemillis
733 2566 829 2634 suerit
842 2565 884 2630 oia
897 2560 945 2636 id,
960 2557 1052 2644 culus
1063 2571 1123 2617 uo-

96 2677 183 2744 mine
193 2691 394 2754 accusantur,
410 2691 548 2746 mortem
562 2677 660 2744 videri
675 2687 839 2765 oppetere,
855 2695 894 2738 ao
907 2691 965 2736 nos
980 2666 1124 2734 vineunt,

97 2785 176 2856 dum
193 2788 312 2856 animas
329 2811 403 2856 suas
418 2787 591 2876 projioiunt
605 2787 711 2876 potius
725 2807 821 2871 quam
836 2779 897 2846 illis
911 2785 1042 2866 parentrt
1053 2791 1126 2857 φη

96 2898 138 2965 ab
154 2897 198 2964 eia
213 2897 282 2964 fieri
297 2897 471 2986 postulatis.
488 2899 538 2964 De
552 2911 645 2964 terrae
659 2908 767 2961 autem
779 2893 918 2960 motibus
928 2886 982 2978 qui
996 2881 1045 2952 rel
1056 2901 1127 2950 ere·

100 3015 230 3082 nerunt,
245 3005 294 3072 vel
306 3007 468 3081 eveniunt,
481 3027 545 3072 non
557 3007 651 3073 decet
661 3017 697 3070 ut
707 3001 916 3076 admomtis,
930 3020 987 3066 ros
997 2993 1051 3085 qui
1060 2991 1129 3060 ani-

102 3136 195 3182 mum
206 3115 417 3203 despondotis,
432 3139 508 3183 eum
518 3116 612 3195 tiunt,
628 3117 654 3184 si
667 3137 744 3185 emu
758 3113 886 3182 iilormn
900 3112 996 3196 mbas
1006 3119 1126 3178 restrui·

103 3225 306 3312 oompamtis.
318 3223 493 3294 Santonim
503 3225 548 3294 illi
558 3227 739 3297 fidentiores
749 3249 846 3316 qnam
855 3221 1123 3313 rosapudlteum·¹

100 3333 151 3407 Ae
168 3356 223 3400 vos
238 3331 368 3421 pidem
381 3353 440 3422 par
454 3333 532 3400 iilud
549 3348 673 3425 tempus
689 3335 764 3402 deos
778 3335 900 3402 nescire
914 3330 1078 3404 videmini,
1095 3340 1128 3394 et

100 3441 222 3533 templa
235 3441 410 3533 negligitis,
424 3466 483 3510 neo
495 3443 554 3510 Dei
567 3445 690 3512 uolendi
702 3447 859 3512 rationem
869 3439 986 3514 nostis}
1000 3438 1129 3504 undeet

103 3553 165 3620 illia
183 3553 239 3642 qui
260 3576 335 3620 eum
351 3551 463 3624 ooiunt
479 3555 636 3630 invidetis,
656 3555 745 3622 etad
756 3566 894 3620 mortem
914 3573 1013 3640 usque
1029 3551 1128 3616 insse

104 3667 224 3734 nmini.
235 3667 285 3735 De
295 3669 455 3758 ejusmodi
465 3667 691 3736 haminibnsat
700 3667 754 3734 alii
763 3667 890 3756 quidm
897 3663 1126 3756 piorineiarum

102 3788 239 3844 meteres
252 3778 450 3846 divinissimo
464 3803 539 3846 meo
555 3779 638 3870 patri
653 3779 856 3867 seripserunt.
875 3775 998 3857 Quibus
1011 3771 1064 3840 ilia
1080 3795 1129 3838 re-

102 3886 224 3978 scripsit
242 3879 320 3955 nihil
341 3889 460 3978 negotii
479 3887 696 3956 exhibendum
713 3909 782 3956 esse
800 3884 914 3956 talibus
930 3886 1127 3960 homiuibus,
