2808 4688
226 217 267 282 56
583 232 695 278 saucrr
719 231 893 274 cnauuurrs

226 341 275 406 sui
291 339 428 428 accipit:
451 337 553 427 segnis
574 359 648 402 vero
669 348 702 402 et
723 334 872 400 remissus
891 332 1065 400 locatorem
1083 357 1179 398 suum
1193 357 1257 400 non

228 451 389 515 obtuetur.
409 446 544 536 Oportet
554 467 630 533 ergo
641 467 699 509 nos
711 442 751 507 ad
763 443 885 508 bonum
901 441 1083 508 laciendum
1094 455 1258 530 promptos

228 581 315 628 etse:
333 579 372 622 ex
383 556 445 622 hoo
456 555 542 620 enim
553 554 658 620 omnia
671 564 828 618 constant.
849 550 974 638 Quippe
990 552 1082 617 nobis
1093 552 1258 639 praedicit:

238 666 342 732 «Ecce
357 663 528 738 Dominus,
544 673 577 728 ct
588 683 710 726 merces
722 661 791 746 ejus
803 682 912 726 coram
923 658 992 733 illo;
1011 672 1046 724 ut
1057 660 1174 726 reddat
1187 661 1260 726 uni-

227 804 241 838 »
256 774 371 864 orsique
387 773 563 838 secundum
575 794 654 858 opus
666 793 760 835 suum
770 769 816 834 ’.ι
834 770 944 857 ltaque
960 793 1017 860 nos
1032 794 1071 836 ex
1081 783 1151 836 toto
1163 771 1260 836 corde

227 882 376 949 hortatur
392 881 432 946 ad
447 877 525 954 hoc,
542 901 582 944 ne
595 901 705 968 segnes
719 890 751 942 et
762 877 886 944 desides
901 879 998 943 simus
1011 877 1054 944 ad
1067 902 1164 944 omne
1181 903 1262 968 opus

228 990 360 1053 bonum.
389 987 541 1056 Gloriatio
566 998 673 1052 nostra
694 998 726 1050 et
746 985 863 1051 fiducia
882 986 1001 1074 inipso
1021 987 1084 1053 sit:
1106 985 1261 1056 voluntati

229 1098 298 1185 ejus
320 1097 552 1184 subjiciamur:
576 1096 778 1162 attendamus
801 1096 843 1162 ad
865 1096 1042 1162 universam
1065 1097 1260 1186 Angelorum

228 1209 298 1297 ejus
320 1207 572 1282 multitudinem
598 1233 662 1296 quo
678 1209 775 1276 modo
795 1209 989 1283 assistentes,
1014 1207 1170 1276 voluntati
1193 1213 1261 1298 ejus

230 1317 419 1384 ministrent.
436 1317 520 1382 Dicit
532 1317 617 1384 enim
630 1316 812 1404 Scriptura:
832 1317 941 1382 «Deua
953 1316 1051 1382 millia
1062 1318 1185 1386 denum
1194 1319 1261 1386 mil-

231 1454 244 1489 ι
259 1425 338 1490 lium
350 1426 536 1492 assistebant
548 1426 576 1491 ei
584 1451 594 1499 ;
608 1439 639 1490 et
648 1424 734 1492 mille
743 1425 840 1492 millia
848 1427 1067 1494 deserviebant
1073 1429 1104 1494 ei
1112 1428 1135 1492 ².
1148 1431 1187 1496 Et
1197 1429 1263 1497 cla-

232 1564 245 1599 ι
260 1536 413 1602 mabant:
438 1533 587 1611 Sanctus,
604 1533 753 1612 Sanctus,
770 1535 919 1612 Sanetus,
931 1536 1087 1602 Dominus
1100 1537 1258 1606 Sabaoth:

233 1675 246 1714 ι
261 1643 354 1736 plena
363 1657 410 1710 est
420 1639 523 1710 omnis
532 1655 676 1710 creatura
686 1640 785 1732 gloria
793 1644 861 1731 ejus
870 1643 893 1708 ¹.
905 1673 917 1706 r
927 1645 968 1709 Et
978 1667 1036 1710 uos
1044 1667 1121 1734 ergo
1128 1669 1262 1714 concor-

232 1755 315 1822 diter
330 1755 362 1819 in
378 1776 480 1828 unum
494 1752 693 1840 congregati,
710 1751 872 1818 communi
888 1775 1044 1818 consensu
1059 1765 1212 1840 tanquam
1225 1779 1263 1822 ex

232 1887 297 1930 uno
305 1887 360 1931 ore
370 1862 521 1950 adipsum
529 1861 702 1928 clamemus
711 1860 784 1926 totis
792 1861 924 1936 viribus,
933 1874 967 1925 nt
975 1863 1144 1950 participes
1151 1863 1262 1932 flamus

232 1993 422 2061 magnarum
437 1983 469 2036 et
486 1969 678 2058 inclytarum
695 1969 939 2058 promissionum
956 1972 1037 2058 ejus.
1055 1972 1141 2038 Dicit
1155 1975 1261 2042 enim:

242 2077 384 2148 «Oculus
405 2101 470 2144 non
492 2077 585 2152 vidit,
602 2100 663 2144 nec
678 2078 762 2143 auris
778 2078 914 2154 audivit,
931 2102 991 2144 nec
1006 2081 1037 2145 in
1047 2105 1110 2150 ‘cor
1125 2083 1264 2150 hominis

233 2217 246 2250 ι
261 2186 416 2262 escendit,
433 2196 550 2274 quanta
562 2186 751 2274 preparavit
765 2209 839 2252 eum
854 2189 1102 2275 exspectantibus
1114 2188 1159 2252 ’.ι

276 2292 414 2360 XXXV.
440 2293 545 2372 Quam
566 2295 659 2358 beata
681 2306 755 2358 sunt
775 2304 807 2360 et
831 2294 987 2363 mirabilia
1006 2296 1085 2364 dona
1105 2296 1180 2370 Dei,
1204 2296 1257 2362 di-

232 2403 325 2472 lecti!
342 2405 405 2470 vita
422 2404 454 2468 in
469 2401 717 2482 immortalitate,
737 2401 886 2492 splendor
901 2405 933 2469 in
953 2406 1082 2492 justitia,
1097 2407 1212 2472 veritas
1226 2406 1264 2470 in

233 2512 395 2590 libertate,
411 2513 490 2578 fides
505 2513 540 2578 in
556 2511 761 2588 confidentia,
778 2513 971 2580 continentia
987 2515 1020 2580 iu
1031 2515 1214 2587 sanctitate:
1233 2527 1268 2580 et
1384 2561 1385 2574 ι

234 2625 303 2696 haec
323 2625 430 2690 omnia
445 2625 503 2688 sub
517 2621 713 2690 intellectum
729 2634 872 2687 nostrum
885 2624 1013 2690 cadunt.
1034 2624 1192 2702 Qusenam
1207 2625 1267 2714 igi-

232 2745 286 2800 tur
298 2744 371 2800 sunt
387 2754 457 2820 quae
468 2729 722 2820 prestolantibus
732 2731 947 2818 apparantur?
963 2731 1188 2802 sanctissimus
1203 2735 1267 2822 opi·

179 2906 185 2916 ,
234 2843 287 2908 lex
306 2853 339 2908 et
364 2852 454 2930 pater
478 2839 683 2914 seculorum,
707 2841 917 2928 quantitatem
940 2853 974 2908 et
994 2840 1266 2929 pulchritudinem

234 2949 519 3037 excellentiamque
534 2949 660 3015 illorum
677 2949 850 3039 cognoscit.
871 2950 934 3018 Nos
949 2951 1046 3039 igitur
1060 2969 1188 3020 summo
1199 2965 1268 3019 stu·

233 3059 287 3126 dio
303 3057 532 3124 contendamus
550 3057 584 3123 in
603 3080 738 3124 numero
757 3059 1010 3146 exspectantium
1026 3083 1103 3129 erun
1121 3063 1266 3152 reperiri,

235 3178 272 3234 ut
286 3166 456 3258 participes
477 3164 590 3232 liumus
607 3165 764 3234 donorum
780 3168 1054 3254 repromissorum.
1081 3172 1156 3250 Quo
1170 3173 1267 3238 modo

237 3290 345 3355 autem
360 3276 484 3346 eveniet
496 3275 598 3358 istud,
615 3274 744 3346 dilectit
760 3276 794 3344 Si
808 3301 898 3346 mens
918 3289 1025 3346 nostra
1040 3280 1073 3348 in
1088 3281 1193 3348 Deum
1205 3281 1267 3348 lide

235 3387 371 3456 stabilita
393 3385 513 3452 luerit:
536 3383 562 3449 si
581 3382 696 3472 placita
712 3383 757 3454 illi
775 3396 808 3450 et
829 3398 960 3474 accepta
979 3388 1264 3475 exquisiverimue:

236 3499 262 3567 si
276 3497 504 3586 perfecerimus
523 3518 593 3584 que
608 3493 649 3559 ad
664 3492 859 3583 inculpatam
874 3497 944 3585 ejus
959 3496 1155 3566 voluntatem
1170 3499 1269 3588 perti-

236 3616 325 3682 nent,
342 3617 375 3670 et
389 3603 489 3670 secuti
504 3604 657 3672 fuerimus
672 3604 755 3670 emm
770 3603 925 3679 veritatis3
945 3606 1132 3693 abjicientes
1147 3629 1164 3671 a
1177 3608 1269 3682 nobis

268 3755 322 3806 ¹1..
336 3769 375 3816 ιι,
392 3767 429 3813 ιο,
442 3761 468 3804 et
478 3769 537 3814 axa,
551 3769 594 3813 ιι;
607 3755 688 3819 apoc.
702 3769 762 3813 xxa,
776 3767 818 3814 ιι;
832 3753 896 3814 Ptol.
909 3771 958 3818 ur,
975 3755 1012 3805 ιδ.
1022 3783 1055 3796 -
1071 3754 1157 3806 ’Dara
1169 3771 1215 3816 rar,
1230 3771 1266 3804 ιο.

237 3839 285 3880 -⁸
297 3839 331 3889 ls.
345 3855 380 3898 rr,
393 3839 416 3887 3.
431 3865 462 3878 -
475 3836 484 3870 t
498 3853 508 3886 ι
522 3836 580 3888 (lor.
595 3856 624 3900 u,
635 3855 663 3904 93
677 3838 708 3888 la.
722 3853 787 3898 cxiv,
798 3838 821 3898 4.
