2688 4626
301 254 364 317 208
599 285 712 331 seueri
734 289 856 337 ansatur
879 296 1033 344 uanmms

341 378 394 450 Ν.
413 379 632 454 libaminibus
647 405 756 460 autem
769 409 803 463 et
817 399 954 471 incensio
965 406 1122 479 malornm
1137 437 1207 483 non
1218 418 1314 506 placui

296 483 414 565 Deum,
430 492 487 557 sed
500 515 624 562 summe
642 503 791 588 aequitate
810 531 920 596 poenes
935 516 974 581 ab
994 539 1034 586 eo
1050 521 1168 612 cuique
1186 526 1312 619 irrogari,

296 596 384 664 tectis
397 599 514 667 iterum
529 605 661 673 accedet
671 607 860 683 Philemon:

359 758 403 816 ¹Si
415 762 566 837 proferens
577 767 641 842 quis
654 767 800 846 victimas,
814 795 833 834 ο
842 781 1007 860 Pamphile,

372 865 465 920 Eoum
477 883 632 942 captumve
643 875 773 950 copiam,
784 879 832 936 vel
843 901 897 960 per
908 890 1012 948 lovem

370 961 437 1020 Alia
447 964 561 1040 similia,
573 983 623 1028 aut
635 985 697 1030 arte
706 977 781 1036 lacta
790 1001 926 1058 munera,

368 1062 488 1120 Aurove
497 1063 663 1146 chlamydes
673 1074 838 1153 splendidas
850 1083 897 1142 vel
907 1107 1056 1168 purpura,

369 1158 436 1217 Sive
446 1180 483 1218 ex
494 1167 647 1246 smaragdo
658 1171 751 1250 signa,
763 1177 825 1237 sive
834 1180 977 1262 eburnea,

367 1251 485 1314 Placere
495 1272 593 1336 sperat
605 1263 711 1326 talibus
722 1267 805 1331 donis
815 1279 910 1336 Deum
920 1303 929 1352 ;

365 1353 450 1411 Haud
463 1374 548 1430 mnus
558 1375 638 1420 errat
648 1382 682 1422 ac
693 1365 784 1428 levem
795 1361 1017 1460 mentem⁸geric

364 1449 492 1512 Probum
505 1473 566 1514 esse
575 1477 701 1540 namque
711 1482 828 1545 oportet
839 1479 957 1538 omnino
968 1483 1081 1560 virum,

363 1555 431 1610 Nou
441 1553 610 1617 inserentem
622 1574 723 1643 stupra
735 1585 834 1648 nuptae
845 1589 895 1634 aut
905 1580 1025 1660 virgini,

364 1652 487 1710 Lucrive
498 1673 585 1714 causa
595 1657 672 1719 furta
682 1664 728 1722 vel
741 1667 833 1729 caedes
840 1693 849 1746 5
861 1694 956 1754 neque

325 1759 329 1770 '
362 1749 465 1810 Aliena
475 1767 709 1834 spectantem‚ac
719 1764 825 1828 deinde
835 1773 965 1854 conjugis

363 1849 441 1908 Male
454 1866 636 1930 appetentem
650 1876 700 1920 aut
712 1867 902 1944 superbarum
914 1876 1035 1956 aedium,

361 1949 420 2003 Aut
431 1949 622 2027 prediorum,
636 1957 682 2016 rel
693 1960 811 2038 puellae,
823 1977 873 2024 aut
882 1972 1024 2046 vernula,

361 2049 513 2110 Pecorisve
523 2055 676 2116 taurdmve
687 2073 737 2120 aut
748 2067 864 2142 equium.
877 2075 946 2144 Quo
956 2071 1020 2134 haec
1030 2079 1185 2155 pertinent?

358 2149 450 2205 Aoum
462 2149 509 2207 rel
521 2155 1084 2254 unamheudconcupiscas,1’ampl1ile,

359 2247 401 2302 Te
414 2265 539 2326 namque
553 2257 645 2314 cernit
659 2256 737 2319 haud
751 2267 853 2340 procul
868 2269 972 2332 sedens
986 2279 1084 2351 Deus,

355 2347 452 2416 Quem
469 2346 543 2408 lacta
556 2353 683 2416 mulcent
698 2381 794 2441 mque,
809 2367 908 2448 iniqua
924 2373 1094 2454 displicent:

356 2445 548 2516 Laboriosum
564 2457 653 2519 rebus
667 2465 710 2523 uti
723 2474 855 2548 prosperi
1082 2475 1085 2484 ’

354 2545 441 2619 Sinit,
455 2551 595 2615 colentem
608 2579 678 2620 rura
690 2580 778 2626 noctu
791 2583 820 2628 et
836 2591 890 2652 per
903 2575 988 2637 diem.

354 2646 418 2702 Deo
432 2650 596 2726 aequitatem
612 2677 726 2740 semper
740 2666 898 2730 observans
914 2670 980 2746 lita,

352 2749 503 2828 Magisque
517 2758 606 2818 corde
620 2761 771 2840 splendeas
786 2792 872 2850 quam
887 2779 1026 2841 vestibus.

355 2849 477 2910 Tonitru
492 2855 592 2918 erudias
604 2861 642 2934 si,
655 2883 693 2923 ne
708 2871 811 2944 procul
826 2876 1000 2956 confugeris,

354 2945 381 3003 Ο
395 2945 477 3022 here,
493 2953 546 3013 tibi
558 2959 621 3036 ipse
633 2963 656 3022 si
670 2965 938 3039 nihilconsciveris.

351 3045 393 3100 Te
407 3066 533 3130 namque
545 3062 638 3120 cernit
649 3063 727 3127 haud
739 3075 842 3150 procul
855 3079 964 3144 sedens
971 3087 1061 3146 Deus.

270 3183 311 3250 Et
325 3209 432 3257 rursus
451 3195 539 3267 Plato
558 3205 590 3273 in
602 3207 742 3284 Timaeo:
762 3247 775 3282 ι
790 3225 912 3296 Horum
927 3247 1036 3303 autem
1050 3239 1267 3330 explorationem

270 3295 326 3363 ret
341 3303 562 3388 probationem
578 3319 602 3384 si
619 3324 688 3410 quis
706 3329 775 3418 ipso
796 3359 891 3426 opere
908 3345 1124 3434 aggredientem
1141 3353 1266 3419 indiviae

268 3437 281 3468 a
298 3431 336 3475 eo
346 3410 494 3482 humanm
506 3435 626 3494 natura
638 3432 763 3522 ignoret
778 3441 948 3516 discrimen
963 3476 972 3517 :
986 3457 1103 3546 quippe
1118 3481 1189 3526 cum
1202 3461 1268 3526 Deus

267 3517 395 3587 »multa
411 3523 444 3588 in
465 3551 565 3598 unum
584 3545 804 3628 commiscere,
829 3577 867 3623 ac
888 3582 997 3628 rursus
1019 3589 1118 3633 unum
1138 3570 1171 3635 in
1190 3569 1269 3636 multa

267 3630 392 3712 »possit
414 3633 595 3722 dissolvere,
619 3664 728 3742 utpote
751 3663 882 3733 scientie
901 3682 934 3734 et
953 3686 1107 3761 potestate
1123 3680 1268 3767 ptaediltdt

267 3737 398 3801 »neutri
413 3756 519 3814 autem
535 3755 701 3845 quisquam
719 3766 886 3843 hominum
905 3794 960 3846 out
979 3807 1066 3855 nunc
1083 3788 1211 3858 idoneus
1229 3789 1269 3862 st.

265 3867 278 3902 r
293 3855 347 3908 aut
362 3868 500 3936 unquam
513 3860 552 3925 sit
563 3862 697 3939 iuturus.
713 3905 726 3940 ι
