2688 4626
272 235 335 314 olo
555 255 685 300 sancrr
707 255 828 300 rosrrrr
852 255 1009 300 narrrms

270 360 374 442 Qntlo
396 358 549 450 estquod
569 372 603 425 at
621 360 708 450 opud
729 370 849 426 vestroe
870 355 1044 448 scriptores
1064 377 1209 424 oet-nero
1228 355 1305 427 licat.

269 470 355 560 apud
370 491 451 558 quos
464 491 548 534 unns
562 468 692 556 quidem
705 468 816 536 scribit
827 468 949 542 omnia,
965 465 1196 555 colloquentes
1210 479 1304 531 sotem

268 597 419 666 personet
433 573 567 641 inducit.
586 573 684 653 Quod
697 595 773 640 cam
784 595 850 639 non
860 571 1094 640 intellexissent
1104 571 1229 646 lodari,
1241 596 1302 659 qno

269 707 342 750 rum
355 685 390 750 in
400 684 547 750 manibus
558 691 633 748 sunt
649 680 722 748 libri
737 679 985 770 Prophetarum,
999 701 1063 746 nec
1074 678 1245 746 Christum
1255 681 1298 744 sd-

267 791 448 858 renientem
463 797 694 878 cognorerunt,
711 787 768 853 sed
781 799 816 852 ct
827 786 965 874 nostqoi
979 785 1151 852 advenisse
1162 785 1296 855 dicimos.

266 898 350 964 atah
363 896 437 972 iltis,
449 908 486 962 ut
496 894 685 986 predictum
698 893 815 970 suerat,
828 891 1020 962 crucifixum
1035 893 1294 961 demonstramus.

266 1005 341 1071 odio
355 1016 602 1095 prosequuntur·
1064 1070 1068 1078 ,

309 1113 478 1182 xxxvlt.
494 1114 599 1202 Atque
616 1125 651 1180 ot
665 1113 811 1182 idatiano
822 1126 1030 1204 perspectum
1046 1112 1293 1189 habeatis,.dicts

265 1235 340 1290 aunt
354 1245 394 1290 ex
408 1245 542 1313 persone
556 1222 657 1290 Patris
672 1245 730 1312 per
739 1245 828 1300 cum,
840 1245 938 1311 quem
950 1222 1105 1298 diximus,
1118 1223 1292 1311 propheten

265 1332 390 1398 Esaiam
408 1331 478 1398 hec
500 1332 618 1398 verba:
634 1358 647 1394 t
667 1332 824 1422 Cognovit
842 1333 902 1399 bos
919 1353 1143 1420 possessorem
1164 1355 1250 1398 soom
1264 1347 1292 1396 et

264 1467 278 1503 a
293 1440 401 1506 asinus
413 1461 552 1529 presepe
564 1439 685 1508 domini
696 1441 761 1507 ani:
772 1439 868 1508 Israel
878 1451 988 1506 autem
999 1463 1055 1506 mc
1066 1461 1137 1506 non
1149 1441 1289 1530 cognorit.

265 1559 325 1616 »et
338 1546 474 1638 populna
489 1572 541 1616 me
557 1572 622 1616 non
637 1547 800 1616 intellexit.
811 1548 866 1617 vo
880 1551 968 1638 genti
984 1551 1178 1640 peccatrici,
1188 1547 1290 1639 popolo

265 1687 278 1722 s
295 1657 671 1748 plcnopeccatis,semini
682 1657 1041 1747 nequathiliiiniqui,
1055 1660 1290 1727 deseruistisllc

264 1795 277 1832 r
292 1769 416 1834 minum
425 1767 477 1831 ¹.'r
492 1767 535 1833 ltt
549 1760 677 1834 rnr'anm
690 1767 779 1844 atti,
797 1791 872 1835 com
887 1768 1151 1858 idemrpropheta
1166 1769 1290 1835 similiter

264 1901 304 1946 ex
315 1899 449 1966 persona
460 1877 561 1944 Patris
573 1878 671 1944 dicit:
686 1877 842 1974 :Qualem
849 1877 928 1944 mihi
939 1877 1145 1945 adtonitis
1153 1877 1288 1945 domam?

264 2012 277 2046 s
293 1985 372 2052 dicit
386 1986 553 2052 Dominus.
570 1984 694 2052 Coelnm
706 1986 796 2052 scdos
810 2008 894 2060 mea,
909 1996 943 2051 ct
956 1999 1044 2052 terra
1058 1986 1236 2053 scabellum
1246 2011 1289 2076 pe·

265 2121 278 2155 r
295 2093 373 2161 dum
390 2095 565 2162 meorum².
590 2096 667 2163 »Ac
681 2119 808 2162 rursum
826 2094 901 2162 alibi
916 2117 926 2160 r
944 2121 958 2156 ι
972 2095 1169 2164 Neomenias
1187 2111 1288 2162 vestras

215 2269 218 2274 .
263 2233 276 2267 s
292 2218 325 2270 et
340 2205 469 2270 sabbata
485 2205 552 2270 odit
567 2204 673 2270 anima
688 2226 771 2271 mea.
796 2207 838 2272 Et
854 2199 938 2272 diem
952 2227 1111 2296 magnum
1128 2209 1246 2297 jejunii,
1259 2219 1285 2270 et

263 2343 276 2377 s
292 2313 393 2378 otium
408 2333 473 2378 noo
489 2313 557 2379 soro
570 2335 578 2378 t
592 2335 696 2400 noque
712 2313 738 2378 si
753 2313 885 2379 veniatis
899 2326 937 2379 ut
949 2317 1133 2404 appareatis
1144 2316 1229 2388 mihi,
1239 2337 1280 2378 or·

262 2451 276 2486 »
292 2420 419 2488 audiam
434 2443 499 2486 ros.
518 2420 623 2486 Pleno
639 2433 715 2486 sunt
729 2441 842 2486 manus
855 2433 967 2487 vestrae
984 2423 1149 2511 sanguine.
1168 2422 1282 2489 Etinmsi

261 2558 275 2595 s
290 2529 430 2598 offeratis
441 2529 590 2606 similam,
603 2530 782 2605 incensum,
792 2531 986 2597 abominatio
998 2531 1076 2596 mihi
1086 2543 1144 2596 cst.
1158 2531 1286 2618 Adiprm

261 2669 275 2704 s
290 2661 447 2728 agnorum
461 2649 494 2704 et
515 2637 701 2726 sanguinem
717 2637 882 2704 hircorum
901 2637 986 2704 nolo.
1008 2637 1081 2718 Quis
1097 2638 1178 2701 corin
1194 2657 1278 2723 qoo-

153 2773 161 2786 ¹
261 2779 274 2813 s
290 2747 363 2815 sivit
375 2747 445 2814 hcc
461 2745 501 2812 dc
516 2746 663 2812 manibus
673 2739 828 2812 restris'i'
843 2745 907 2812 Sed
919 2747 1048 2814 dissolve
1057 2767 1180 2810 omnem
1190 2743 1279 2810 colli-

262 2869 434 2946 sgatnram
455 2854 647 2943 iniquitatiar
673 2853 837 2944 disrumpe
856 2855 1064 2945 obligationes
1081 2851 1283 2920 violentomm

261 2976 528 3038 »contractuum
556 2985 672 3053 vagum
695 2975 728 3028 et
750 2963 872 3030 nudum
895 2976 985 3053 togam
1011 2964 1121 3052 frange
1144 2961 1281 3028 morienti

261 3095 404 3163 spancm
419 3071 543 3138 tuumt.
564 3101 577 3134 s
594 3070 708 3152 Qualia
723 3095 800 3161 ergo
821 3073 886 3138 sint
900 3095 937 3137 ea
957 3095 1029 3159 qnae
1050 3093 1110 3161 per
1127 3070 1284 3160 prophetas

260 3184 417 3251 docentur
430 3203 469 3248 ex
483 3204 618 3271 persono
633 3182 706 3256 Dei,
722 3180 898 3271 intelligere
916 3171 1059 3278 poteolis.

303 3287 488 3359 XXXVIII.
516 3288 656 3367 Quando
679 3301 793 3358 autem.
808 3311 847 3355 ex
867 3311 1002 3379 persona
1023 3288 1145 3355 Christi
1160 3289 1287 3380 loquitor

259 3389 394 3491 Spiritus
409 3397 628 3488 propheticus,
649 3397 695 3462 sic
710 3397 817 3462 satur:
836 3424 849 3458 α
865 3397 1009 3488 Expandi
1025 3421 1144 3466 manus
1157 3399 1285 3466 mensal

260 3539 272 3570 ι
287 3508 441 3598 populum
457 3499 660 3572 incredulum
675 3517 708 3570 ct
723 3503 1009 3583 contradicentem,
1022 3505 1066 3570 od
1079 3511 1204 3597 eosqui
1218 3512 1288 3576 ince-

260 3645 273 3677 ι
289 3617 369 3682 dunt
380 3617 414 3682 in
425 3617 473 3682 ria
486 3637 551 3684 non
562 3612 706 3680 bona‘.·r
719 3615 761 3680 Et
771 3615 909 3682 iterum:
927 3615 1091 3682 «Dorsum
1102 3639 1216 3684 meum
1227 3616 1287 3684 dedi

290 3757 377 3810 tnui.
394 3778 413 3819 ι,
429 3761 454 3811 3.
471 3789 502 3800 -
515 3759 604 3812 ’mat
622 3778 689 3822 cm,
709 3779 732 3811 1.
747 3791 779 3801 -
793 3761 880 3814 *Erat
900 3763 977 3827 1,,ι4.
992 3791 1023 3802 -
1040 3763 1133 3817 *Rani
1147 3782 1219 3826 artur,
1230 3767 1252 3815 6.
1264 3793 1286 3802 -

259 3841 346 3896 ⁵llsar.
359 3860 446 3904 um.
