2516 4636
9 261 18 304 ¹
373 277 496 324 coaraa
519 276 670 324 mansas.
938 265 947 284 “
971 257 1035 348 559

9 397 123 465 ῑωως
144 417 158 452 ι
183 401 241 455 et:
269 385 413 454 «Omnia
433 409 489 476 per
504 387 608 476 ipsum
630 385 818 462 factasunt,
838 400 871 454 et
886 388 953 454 sine
968 390 1036 478 ipso

9 503 150 570 ³·'actum
168 510 217 566 cst
238 496 317 565 nihil
337 496 359 562 ¹.
381 527 394 560 a
419 496 551 586 Propter
577 497 640 564 hoc
661 508 694 564 ct
712 498 800 564 omui
825 497 944 566 fiducia
967 500 1035 590 ple7

9 635 76 678 tam
92 622 144 678 cst
160 606 366 698 Evangeliam
385 607 487 680 istudr
506 604 575 672 tulis
592 618 640 672 eat
654 607 740 674 enim
754 629 889 696 persona
903 610 983 698 ejas.
998 611 1035 677 ld

10 744 73 788 sro
96 719 188 809 quod
202 730 251 786 eat
265 717 442 784 secundum
463 715 596 793 Lucam,
617 716 916 804 quoniamquidem
930 741 1036 786 sacer-

9 829 115 898 ntalis
137 827 331 897 characteris
352 838 413 903 eat,
435 848 454 892 a
477 823 633 892 Zacharia
653 824 817 892 sacerdote
838 825 1037 896 sacrificante

22 964 66 1007 eo
87 939 262 1010 inchoavit.
280 936 354 1005 Jam
369 936 456 1004 enim
476 935 634 1026 saginatur
651 936 822 1025 parabatur
835 935 965 1014 vitulas,
981 937 1036 1029 qui

9 1072 57 1118 ro
67 1047 254 1116 inventione
263 1046 395 1112 minoris
403 1043 621 1134 filiiinciperct
631 1045 773 1110 mactari.
786 1044 952 1114 Matthaeus
960 1071 1037 1116 vero

9 1179 154 1245 amquae
165 1167 214 1224 est
224 1155 402 1222 secundum
413 1153 589 1228 hominem,
601 1153 838 1242 generationem
854 1157 924 1245 ejus
942 1181 1036 1224 cnara

9 1279 47 1342 at
64 1291 73 1332 ε
95 1293 110 1329 r
124 1267 234 1343 Liber,
251 1265 374 1343 means,
389 1264 600 1356 generationis
611 1265 688 1330 Jesu
704 1264 835 1342 Christi,
850 1265 907 1332 filii
920 1268 1034 1348 David,

9 1376 86 1450 asilii
101 1375 281 1453 Abraham.⁴
292 1377 355 1442 »Et
366 1375 481 1442 iterum
499 1397 508 1440 r
529 1399 543 1436 r
560 1373 677 1441 Christi
692 1387 799 1441 autem
813 1377 975 1465 generatio
989 1379 1036 1446 sic

9 1498 96 1566 ,erat
107 1485 142 1552 ².
159 1487 337 1554 »Humanae
347 1484 457 1552 formae
474 1485 570 1576 igitur
581 1481 644 1552 hcc
658 1484 887 1576 Evangelium:
907 1501 1037 1578 propter

9 1620 62 1678 sac
81 1607 115 1664 et
132 1608 309 1687 pertatem
324 1593 532 1685 Evangelium
550 1592 713 1662 humiliter
732 1595 884 1673 sentiens,
899 1609 933 1663 et
951 1599 1038 1666 mitis

9 1729 99 1792 gamo
109 1717 250 1774 mereare
265 1716 323 1772 ast.
337 1701 463 1772 Marcus
474 1725 573 1770 veroa
582 1702 770 1792 prophetico
779 1703 915 1794 Spiritu,
924 1703 1037 1774 exalto

9 1816 191 1904 llveuiente
212 1811 411 1890 hominihus,
434 1812 562 1879 initium
578 1811 654 1879 lecit
675 1834 683 1875 ε
710 1812 886 1889 alnidum,
913 1813 1035 1892 means,

9 1919 206 2016 rEvangelii,
221 1919 492 2010 quenadmodum
508 1917 724 2008 scriptumest
738 1919 772 1986 in
786 1920 878 1986 Esaia
896 1921 1036 2012 prophe-

9 2045 60 2131 ¹ta
76 2031 88 2067 ⁸
103 2055 114 2108 ς
129 2060 144 2094 ι
159 2029 318 2098 volatilem
332 2039 366 2098 et
379 2041 550 2120 pennatam
562 2029 733 2120 imaginem
746 2029 909 2120 Evangelii
925 2053 1036 2100 mons*

14 2165 105 2211 ‚rans
123 2167 132 2210 a
148 2154 279 2234 propter
290 2138 353 2209 hoc
366 2153 399 2209 ct
410 2140 669 2232 compendiosam
682 2151 714 2206 et
724 2154 973 2230 praecurrentem
982 2165 1036 2209 an·

9 2253 233 2346 3untiationem
244 2251 338 2330 facita
352 2247 556 2341 propheticus
569 2247 656 2316 enim
671 2248 838 2344 character
851 2262 900 2316 est
916 2250 979 2320 hic.
993 2252 1036 2320 Et

9 2385 109 2436 ‚ssum
126 2373 236 2428 samm
252 2359 397 2427 Verbum
417 2357 489 2436 Dei,
505 2357 565 2426 illis
584 2357 714 2447 quidem
730 2359 784 2448 qui
805 2372 879 2426 ante
892 2359 1036 2450 blcysom

9 2445 133 2576 :rerunt
145 2470 349 2548 Patriarchis,
364 2469 543 2536 secundum
556 2468 753 2536 divinitatem
768 2481 801 2536 et
815 2468 951 2560 gloriam
965 2471 1034 2538 col-

9 2584 203 2680 pquebaturr
220 2581 355 2650 hisvero
371 2579 424 2670 qai
440 2579 473 2646 in
488 2578 584 2668 Lege,
597 2577 826 2646 sacerdotalem
843 2592 876 2644 et
888 2577 1035 2646 ministe-

11 2690 112 2760 ialem
130 2703 238 2760 actum
254 2692 442 2779 prebebat:
460 2699 533 2777 post
553 2687 669 2752 deinde
689 2687 781 2754 nobis
802 2687 899 2752 homo
917 2688 1034 2766 lactus,

9 2823 116 2869 nunus
131 2799 267 2868 caelestis
278 2800 415 2890 Spiritus
429 2800 463 2864 in
479 2813 607 2864 omnem
619 2795 705 2860 misit
718 2808 849 2872 terram,
866 2810 1035 2888 protegens

9 2931 61 2975 ros
76 2905 132 2974 alis
148 2909 221 2973 suis
242 2905 354 2986 Qualis
371 2906 469 2994 igitur
487 2903 652 2990 dispositio
666 2899 737 2967 Filii
754 2901 825 2978 Dei,
841 2901 911 2969 talis
923 2915 959 2969 ot
973 2906 1037 2972 ani·

9 3014 133 3082 nalium
147 3014 270 3081 format
286 3026 319 3078 ct
329 3011 430 3101 qualis
444 3010 632 3076 animalium
646 3009 761 3086 forma,
778 3009 848 3078 talis
861 3025 895 3078 et
904 3013 1035 3083 charac-

9 3149 52 3192 er
59 3121 227 3212 Evangelii.
239 3119 474 3202 Quadrisormia
486 3132 593 3186 autem
603 3119 763 3198 animalia,
775 3133 809 3187 et
820 3124 1035 3212 quadriforme

9 3232 220 3324 §vangelinm
235 3243 268 3298 ct
282 3231 505 3322 quadriformis
516 3231 678 3320 dispositio
692 3231 830 3298 Domini.
849 3233 891 3300 Et
903 3247 1035 3324 propter

9 3368 66 3415 roc
84 3354 218 3431 quatuor
236 3341 308 3410 data
328 3352 402 3408 suat
421 3351 607 3408 testamenta
623 3339 764 3406 humano
778 3342 911 3431 generis
931 3365 1031 3410 unam
1049 3411 1052 3421 ,

9 3456 131 3548 puidam
141 3462 214 3520 ante
227 3449 455 3541 cataclysmum
466 3452 526 3517 sub
538 3449 657 3524 Adam
673 3450 850 3518 secundum
862 3473 949 3528 raro,
961 3467 1033 3543 post

9 3564 229 3653 cataclysmum
241 3565 300 3631 suh
313 3562 396 3636 Noet
415 3561 545 3628 tertium
557 3583 644 3636 vero,
662 3559 814 3652 legislatio
829 3563 888 3630 sub
904 3561 1027 3651 bloyam

9 3689 149 3768 puartum
160 3697 248 3752 vero,
264 3674 351 3763 quod
367 3684 498 3742 renovat
508 3672 685 3752 hominem,
701 3686 733 3740 at
748 3672 935 3764 recapitulat
950 3674 983 3746 iu
993 3697 1032 3742 ee

38 3921 47 3953 ¹
59 3919 128 3969 Joaa.
139 3937 157 3978 r,
172 3937 180 3969 ι
193 3928 218 3970 ct
227 3932 300 3986 seqq.
312 3944 341 3956 -
352 3915 363 3950 ²
373 3913 465 3992 Μιῑψ.
477 3889 495 3976 ι’,
507 3930 530 3976 ι,
545 3915 582 3968 ιδ.
595 3943 625 3954 -
636 3915 645 3949 ³
657 3917 736 3967 Marc.
752 3933 771 3976 r,
785 3931 805 3964 r.

793 4023 842 4066 Η.
