2704 4646
272 188 331 256 mc
567 207 681 252 sinum
702 205 822 250 rnsruu
846 205 1001 251 rrrnrrrus

264 324 367 399 Neque
381 318 500 398 quando
513 329 615 396 captus
628 317 671 374 ful
685 333 785 374 amore
800 312 920 374 Ixionire
931 315 1046 386 ‘uxorin

264 424 366 498 Neque
379 417 496 498 quando
509 421 624 478 Danaes
640 413 776 476 sormosae
789 414 895 474 Acrisii
910 414 998 501 filiae„

264 519 367 597 Neque
382 511 499 596 quando
513 526 614 594 captos
630 512 672 572 fui
688 532 789 573 amore
803 512 949 573 Phoenicis
961 512 1026 574 filiae
1039 512 1156 592 inclyti,

252 603 366 694 «Neque
381 615 497 695 quando
510 613 648 688 Semeles,
662 634 758 693 neque
771 615 925 675 Alcmenes
937 617 969 675 in
981 614 1103 696 Thebis,

265 719 368 792 Neque
383 713 500 793 quando
517 713 634 772 Cereris
647 711 853 790 pulchricomae
866 715 987 792 reginae,

266 820 327 877 Nec
338 814 454 894 quaudo
466 814 679 874 Latonaevalde
688 814 809 874 illustris
820 835 915 894 neque
927 815 1089 896 tuiipsius:
1103 809 1191 870 Iliad.
1199 827 1227 880 e,
1237 811 1290 868 325.
1328 839 1333 852 ·

269 948 349 1028 Quae
369 968 466 1035 porro
487 947 528 1011 de
551 944 620 1011 aliis
644 945 764 1012 ibidem
786 944 845 1011 diis
869 968 908 1011 ex
928 944 1059 1012 Homeri
1079 951 1227 1033 poemate
1247 963 1293 1006 co
1332 969 1333 976 ¹

173 1131 176 1139 ,
268 1077 420 1145 gnoscere
439 1051 545 1129 liceat,
566 1063 599 1120 et
617 1063 697 1142 quot
716 1063 750 1117 et
764 1063 883 1140 quanta
903 1054 942 1119 nh
963 1051 1147 1119 hominibus
1163 1044 1295 1137 pertule
1334 1069 1335 1106 i

269 1165 346 1239 rint,
364 1169 613 1230 consentaneum
629 1172 678 1228 est
693 1179 779 1229 nunc
795 1182 1057 1226 commemorare.
1078 1159 1160 1226 Nam
1171 1157 1293 1224 hiantem
1334 1197 1335 1206 κ

270 1283 303 1350 et
316 1269 474 1338 Vononem
491 1294 510 1336 c
529 1270 683 1337 Diomede
697 1265 830 1335 vulnere
845 1269 1006 1358 accepisse
1020 1269 1080 1342 cite
1105 1277 1137 1332 et
1155 1279 1292 1354 pretores
1334 1299 1335 1332 fi

271 1382 446 1449 multorum
468 1380 603 1448 oliorum
628 1378 763 1444 deorum
784 1399 942 1444 aerumnns
964 1386 1120 1445 recenset.
1148 1375 1202 1440 Sic
1220 1375 1293 1439 enim
1334 1439 1335 1443 ,

271 1490 347 1560 licet
358 1491 450 1558 nobis
465 1512 505 1556 cx
518 1488 623 1557 Dione
638 1485 736 1554 filium
752 1483 936 1554 consolante
948 1485 1079 1554 discere.
1099 1486 1154 1553 Ait
1169 1484 1249 1550 enim
1261 1483 1293 1548 ud

269 1598 380 1664 illem:

271 1731 371 1792 Perfer
384 1731 442 1792 lilia
456 1749 533 1803 mee,
547 1742 576 1790 et
589 1730 698 1806 tolera,·
712 1731 825 1810 angaris
840 1730 915 1800 licet,

272 1829 360 1904 Multi
374 1830 450 1904 enim
461 1829 521 1908 jam
536 1830 709 1909 pertulimus
723 1829 853 1898 coelestes
867 1830 970 1890 domos
982 1829 1147 1890 habitantes

273 1928 321 1986 Ab
337 1928 519 2002 hominibus,
536 1930 674 2010 gravibus
691 1929 798 1988 malis'
789 1931 912 2002 invicem
928 1929 1024 1988 illatis.
1096 2001 1101 2006 .

273 2032 376 2086 Passus
390 2042 433 2088 est
448 2029 567 2110 quidem
581 2035 678 2104 Mers,
693 2029 834 2108 quaudo
826 2049 921 2109 rpsum
942 2034 1017 2090 Otus
1034 2029 1179 2109 fontisque
1194 2021 1299 2113 Ephial·
1334 1975 1335 2104 l

274 2125 341 2184 Filii
355 2125 439 2186 Aloei
447 2129 633 2208 ,ligaverunt
648 2119 750 2189 validis
766 2129 899 2188 vinculis.
1246 2127 1298 2205 [ttS

275 2231 362 2288 AEreo
376 2242 471 2289 nutem
485 2231 514 2288 in
529 2252 644 2292 carcere
657 2231 761 2312 ligatus
775 2233 830 2292 suit
843 2232 982 2292 tredecim
1003 2251 1124 2308 menses.
1142 2229 1187 2290 lb.
1197 2241 1229 2300 Ε,
1238 2225 1296 2286 383-

275 2335 362 2388 Passa
374 2341 417 2388 est
431 2341 459 2390 et
472 2335 489 2390 J
492 2351 548 2389 uno
562 2331 679 2410 quando
692 2351 755 2391 eam
770 2331 853 2391 fortis
866 2332 941 2391 filius
953 2330 1173 2413 Amphitryonis

276 2433 417 2505 Dentrem
432 2430 468 2488 ad
483 2430 621 2508 papillam
635 2431 738 2510 sagitta
751 2431 909 2510 tricuspide
1081 2493 1084 2502 .

277 2528 469 2590 Vulnerauit:
483 2543 551 2592 tunc
565 2533 657 2613 ipsam
672 2529 891 2592 immedicabilis
904 2534 980 2612 cepit
993 2532 1087 2592 dolor.

276 2633 380 2688 Passus
394 2643 436 2690 est
450 2643 479 2691 et
493 2632 595 2705 Pluto,
608 2633 684 2691 inter
694 2631 748 2691 hos
762 2632 875 2712 ingens,
888 2633 1017 2704 velocem
1029 2633 1159 2712 sagittam

278 2728 405 2801 Quando
418 2729 514 2810 ipsum
529 2729 605 2788 idem
622 2731 666 2789 vir
681 2730 757 2809 lilius
771 2732 853 2791 Joris
868 2731 1002 2811 aegiochi,
1231 2724 1300 2805 [dist

277 2823 325 2896 Ad
339 2837 454 2902 portam
471 2827 622 2893 inferorum
635 2828 712 2886 inter
731 2840 862 2888 mortuos
876 2843 1045 2908 assequutus
1059 2827 1210 2888 doloribus
1222 2821 1301 2880 tradi·

279 2921 339 2980 Sed
349 2923 373 2981 is
385 2923 438 2983 ivit
450 2926 487 2985 ad
499 2925 618 2985 domum
630 2929 708 2987 Jovis
721 2947 914 3009 magnumque
926 2931 1087 3010 Olympum

281 3021 377 3080 Corde
389 3022 503 3100 dolens,
514 3026 665 3086 doloribus
676 3030 833 3102 cruciatus,
847 3051 913 3090 nam
926 3032 1030 3109 sagitta

281 3122 444 3182 Humerum
457 3145 510 3205 per
527 3126 632 3188 sortem
646 3128 747 3187 adacta
761 3141 839 3203 erat,
850 3141 878 3188 et
899 3131 1022 3210 angebat
1038 3132 1175 3190 animum.
1196 3133 1230 3190 V.
1246 3129 1303 3203 393.

282 3253 316 3320 Si
333 3277 407 3322 vero
423 3268 613 3326 coeterorum
625 3283 753 3350 quoque
769 3261 902 3326 deorum
918 3261 1120 3328 commissam
1135 3263 1218 3326 inter
1231 3262 1305 3348 ipsos

282 3388 423 3456 pugnam
438 3368 555 3435 referre
570 3370 659 3436 robis
675 3380 831 3458 oporteat,
851 3370 918 3458 ipse
934 3393 989 3437 vos
1006 3382 1102 3460 poeta
1121 3381 1224 3438 vester
1235 3369 1306 3434 cdo-

284 3476 383 3556 cehit,
399 3477 477 3544 dum
492 3480 556 3544 nit:

286 3621 396 3710 Tantus
417 3611 491 3688 adeo
511 3623 623 3682 sonitus
637 3635 718 3682 ortus
732 3636 775 3682 cst
791 3623 913 3682 deorum
930 3625 1114 3682 contentione
1130 3621 1309 3702 congredien-

210 3781 224 3806 s
285 3717 398 3774 Etenim
410 3732 511 3780 contra
523 3725 692 3801 Neptunum
704 3743 799 3802 regem
1217 3724 1308 3804 [tium.

287 3812 388 3873 Stabat
401 3818 508 3896 Apollo
521 3820 661 3898 Phoebus,
676 3821 786 3884 habens
801 3823 919 3903 sagittus
932 3836 1085 3902 pennatam
