2492 4632
263 312 327 388 4⁰4
535 323 537 327 ·
584 331 698 376 saaarr
721 331 834 376 raam
857 335 924 376 ura.
951 333 982 376 tv

261 440 412 508 emissum
432 437 551 506 dieunt.
573 435 799 528 Blasphemant
816 451 981 520 autemet
994 441 1025 506 ia
1038 439 1204 506 Dominuuua

262 561 361 626 trum,
374 546 595 616 abscindentes
605 559 639 614 et
649 545 825 614 dividentes
840 547 986 616 Jesuma
1000 549 1206 624 Christustthr's

260 673 354 728 tuma
367 656 540 734 salvatore,
554 671 587 724 et
601 656 798 726 salvatorem
809 683 944 726 rursum
954 684 973 726 a
983 659 1091 734 Verbo,
1100 658 1208 724 eti'eriu

260 774 299 838 ab
317 769 493 858 Unigenito.
512 769 554 834 Et
568 767 839 858 quemadmodum
854 770 1119 837 fabricatoremea
1129 768 1207 832 ubete

259 877 435 944 desectione
454 877 604 943 emissum
627 874 754 950 dicunt;
781 878 828 944 sio
848 887 882 946 et
901 879 1065 946 Christum
1083 889 1110 944 et
1126 876 1208 966 Spin'tu

258 999 403 1054 sanctum
414 996 544 1076 propter
558 982 663 1052 labem
675 986 825 1052 emissum
840 983 1039 1062 docueruut,
1051 999 1081 1052 ot
1093 966 1217 1051 Summani

257 1096 358 1164 abhis
373 1093 591 1183 AEouibusqui
602 1117 620 1160 a
632 1091 705 1160 labe
715 1095 820 1160 emissi
829 1095 1163 1164 suutsruotificationem
1169 1117 1202 1156 ess

256 1219 292 1274 ut
307 1204 386 1272 nihil
405 1205 446 1272 sit
461 1205 547 1294 apud
561 1226 615 1270 eos
632 1204 700 1270 siue
714 1201 924 1293 blasphemia.
940 1207 981 1272 Iu
995 1229 1034 1272 eo
1045 1205 1126 1294 igitur
1136 1204 1203 1290 quia:

254 1317 344 1384 huuc
363 1327 411 1382 eat
434 1314 517 1381 libro
531 1326 656 1380 ostensa
670 1325 719 1379 est
733 1313 773 1380 de
787 1315 837 1380 his
857 1318 1014 1384 omnibus
1031 1314 1157 1382 sententia
1172 1317 1206 1397 ip·-

254 1425 421 1502 stolorum,
439 1425 588 1513 quoniam
600 1445 664 1488 nou
686 1421 789 1488 solum
803 1423 881 1491 nihil
895 1426 962 1493 tale
978 1435 1129 1494 senserunt
1141 1423 1203 1509 «quii

254 1537 369 1604 »initio
386 1531 599 1624 speculatores
617 1543 649 1596 et
664 1531 799 1598 ministri
814 1533 948 1602 suerunt
965 1537 1055 1602 verbi
1073 1535 1082 1569 ¹
1101 1531 1197 1597 »renui

253 1645 311 1712 sed
330 1654 363 1708 at
382 1639 633 1733 praedicaverunt
655 1640 746 1705 uobis
767 1639 876 1728 sugere
899 1643 1084 1732 hujusmodi
1100 1641 1196 1707 seuerus

253 1752 374 1844 Spiritu
390 1747 592 1840 providentes
603 1769 658 1812 eos
673 1747 728 1836 qui
742 1747 905 1816 seducturi
922 1765 1018 1819 erant
1031 1748 1186 1839 simpliciora

297 1859 350 1930 IV.
366 1855 648 1940 Quemadmodum
659 1855 745 1923 enim
756 1863 996 1948 serpensEvam
1010 1859 1129 1934 seduxit,
1137 1855 1195 1945 prul·

254 1987 324 2039 tens
338 1971 367 2038 ei
385 1967 472 2058 quod
488 1991 551 2034 nou
568 1967 705 2034 habebat
720 1967 802 2056 ipset
817 1970 862 2036 sio
876 1983 908 2036 et
924 1973 960 2040 hi
976 1969 1194 2064 pretendentem

253 2085 357 2174 jurem
365 2079 614 2170 agnitionem.et
621 2078 770 2167 mysteria
778 2079 1058 2160 inenarrabilia‚et
1067 2077 1191 2170 promitur

252 2213 323 2256 eam
336 2211 431 2278 quam
450 2185 561 2254 dieunt
577 2189 658 2254 intra
670 2185 814 2256 Pleroma
834 2215 902 2258 esse
919 2187 1188 2283 receptionemiau‘

253 2314 318 2366 tem
336 2297 526 2386 demergunt
542 2299 602 2364 sibi
617 2295 797 2373 credentem
816 2313 976 2390 apostatas
994 2327 1046 2370 eos
1060 2297 1184 2366 constitua

252 2411 292 2476 ab
308 2431 346 2474 eo
362 2407 417 2497 qui
434 2427 488 2472 eos
509 2405 594 2472 seuit.
616 2407 656 2473 Et
671 2417 749 2476 tuno
764 2410 893 2497 quidem
914 2423 1057 2503 aposlum
1073 2403 1183 2496 Augeiai

251 2530 431 2610 serpentem
453 2517 702 2584 inobedientiam
721 2517 887 2591 hominum
911 2539 1073 2614 operatus,
1092 2515 1187 2586 ernau*

251 2627 350 2698 lutere
362 2653 395 2696 se
410 2627 584 2695 Dominum
600 2651 609 2692 :
627 2641 822 2720 quapropter
835 2633 984 2700 eamdem
996 2637 1024 2700 ei
1036 2631 1185 2699 formata·

251 2740 453 2832 peilatiouem
470 2737 580 2804 tribuit
595 2738 690 2805 Deus.
712 2739 805 2807 Nune
816 2754 935 2820 autem,
949 2745 1097 2836 quoniam
1108 2725 1181 2803 aaut

250 2863 324 2918 sunt
339 2863 495 2938 tempora,
519 2848 701 2915 extenditur
719 2849 839 2916 malum
859 2853 1068 2928 inlumines,
1090 2829 1185 2915 „matu

249 2973 405 3051 apostatas
429 2981 484 3024 eos
501 2957 710 3052 'facienspsed
728 2972 761 3026 et
779 2960 982 3052 blasphemos
1005 2967 1038 3030 in
1059 2957 1188 3052 plasmatum
1211 3019 1212 3032 ,

249 3069 385 3139 instituit
403 3066 512 3135 multis
533 3067 834 3148 machinationibus,
851 3074 958 3152 idest,
977 3099 1034 3167 per
1054 3057 1188 3138 omnum

248 3181 328 3247 ticos
343 3177 397 3268 qui
416 3175 558 3266 praedicti
574 3189 658 3242 suut.
678 3177 718 3243 Hi
732 3179 818 3245 euim
839 3204 961 3260 omnes,
979 3153 1188 3273 quamvisutiif·

247 3289 390 3356 rentibus
403 3283 482 3352 locis
497 3283 712 3373 egredientur,
728 3300 761 3353 et
781 3287 958 3356 differentia
976 3292 1108 3359 domant,
1123 3280 1143 3343 it
1153 3267 1189 3334 iit

248 3411 354 3463 tamen
365 3391 569 3482 blasphemiae
578 3408 773 3462 concurrunt
785 3398 995 3488 propositum,
1005 3393 1133 3466 lethaliter
1140 3373 1190 3486 ΠΨ

246 3519 365 3580 rantes,
385 3501 530 3570 docendo
549 3499 777 3592 blasphemiam
793 3505 825 3572 in
840 3507 945 3574 Deum
964 3509 1100 3577 factorem
1115 3493 1190 3560 ernau

246 3625 350 3680 torem
368 3624 525 3686 nostrum,
546 3622 578 3676 et
597 3608 777 3701 derogando
795 3613 929 3683 salutem
945 3616 1081 3685 hominis.
1095 3595 1188 3674 pomae

244 3705 356 3787 'autem
371 3718 557 3809 temperatio
571 3717 683 3784 animae
698 3732 730 3786 et
747 3723 862 3800 earnis,
878 3727 932 3813 qui
945 3725 1102 3796 secundum
1112 3697 1188 3777 siniit*

247 3831 357 3897 dinem
374 3829 432 3895 Dei
449 3829 603 3896 mrmutus
617 3839 678 3907 est,
694 3842 726 3897 et
741 3855 798 3921 per
814 3857 926 3903 manus
942 3839 1010 3927 ejus
1026 3811 1184 3928 ptisanae·

277 3959 359 4009 ιΙιιιο.
373 3977 391 4018 ι,
406 3975 427 4008 a.
