2772 4620
307 261 456 306 nranoaus
480 260 542 305 cau
564 259 726 304 raaanona
750 257 864 302 sunno.
1037 233 1100 296 565

49 393 182 434 omnes
197 366 436 457 appellationes,
450 390 489 431 cx
499 389 539 431 ao
550 363 638 452 quod
650 365 750 438 Patris
763 361 917 429 voluntati
930 359 1099 433 ministret,

50 495 92 542 ot
111 479 282 546 voluntate
298 481 337 544 de
352 479 444 544 Patre
459 478 583 566 genitus
599 475 669 563 sit.)
685 473 787 554 Quale
802 486 849 540 eat
865 470 951 561 quod
966 471 999 536 in
1009 470 1100 534 nobis

51 591 135 653 lieri
162 589 325 660 videmus3
344 588 584 676 aliquem‘anim
605 607 782 651 sermonem
804 582 1012 672 proferentes,
1034 603 1103 645 ser-

56 723 202 764 monem
219 701 387 788 gignimus,
400 723 459 765 nec
471 711 576 763 tamen
593 721 667 763 curn
679 696 880 772 abscissione,
895 695 937 759 ita
950 707 985 758 ut
997 715 1101 758 sermo

58 807 142 882 ille,
166 809 270 896 quiin
292 809 381 874 nobis
402 821 466 883 est,
487 808 563 872 dum
584 829 659 870 eum
676 805 864 895 proferimus
879 805 1098 870 imminuatur.

60 913 178 992 Quale
193 927 242 979 est
257 915 352 980 etiam
368 915 453 1003 quod
468 915 609 980 videmus
624 937 664 979 ex
679 914 751 1003 igne
768 913 864 979 alium
878 915 983 1002 ignem
998 911 1099 985 nasci,

60 1047 133 1086 uon
158 1023 328 1088 imminuto
347 1047 385 1089 eo
404 1046 443 1088 ex
462 1046 524 1110 quo
540 1023 597 1087 iste
618 1044 771 1088 accensus
791 1033 853 1095 est;
880 1033 912 1086 et
933 1022 986 1108 qui
1004 1043 1043 1084 aa
1060 1041 1099 1084 eo

57 1153 225 1197 accensus
246 1145 293 1197 est
308 1144 409 1198 exstat
430 1133 495 1221 ipse
510 1145 542 1196 at
561 1143 703 1221 apparet,
725 1154 787 1196 nec
801 1153 875 1195 eum
894 1129 1050 1194 imminuit
1061 1149 1101 1192 ea

60 1263 133 1326 quo
151 1263 305 1306 aecensus
321 1253 378 1306 est.
396 1240 498 1306 Testis
509 1241 588 1307 mibi
602 1242 663 1305 erit
678 1221 822 1306 Verbum
837 1238 1017 1326 Sapientiae,
1032 1237 1099 1324 ip'se

62 1347 121 1412 illc
137 1347 225 1412 Dans
240 1371 279 1412 ex
293 1347 384 1414 Patre
402 1349 620 1414 universorum
636 1337 772 1436 genitus,
790 1348 844 1434 qui
865 1359 898 1411 et
913 1345 1054 1412 Verbum
1069 1355 1101 1408 et

61 1457 245 1544 Sapientia,
258 1469 289 1522 et
301 1457 408 1525 Virtus
423 1470 455 1523 et
466 1456 573 1524 Gloria
588 1468 636 1520 cst
650 1455 811 1544 genitoris,
825 1477 882 1543 por
895 1452 1100 1534 ¹Salomonem

64 1567 139 1629 lraac
150 1562 273 1653 loquuti
287 1589 294 1630 :
308 1593 321 1627 ι
334 1566 416 1631 Cum
432 1566 660 1630 annuntiavero
672 1565 760 1628 vobis
773 1585 842 1650 quae
854 1561 995 1650 quotidie
1007 1559 1100 1635 fiunt,

65 1705 78 1730 ιι
95 1696 168 1759 quae
185 1697 203 1736 a
219 1673 335 1739 saeculo
350 1684 423 1739 sunt
444 1695 623 1738 memorans
646 1674 828 1736 recensebo.
847 1672 1003 1736 Dominus
1024 1692 1102 1734 con-

65 1813 79 1840 »
94 1781 177 1845 didit
193 1804 244 1845 me
260 1782 385 1846 initium
401 1783 483 1846 viam
498 1804 588 1846 suam
603 1780 644 1844 ad
659 1803 752 1868 opera
771 1803 837 1846 sua.
857 1780 939 1845 Ante
953 1777 1102 1843 saeculum

68 1919 82 1946 a
100 1887 245 1952 l'undarit
268 1913 319 1954 nne
343 1891 374 1955 in
393 1890 562 1978 principio,
583 1891 768 1978 priusquam
786 1901 903 1954 terram
922 1889 1051 1961 laceret,
1071 1899 1103 1951 ct

70 2027 83 2054 n
102 1991 437 2084 priusquam'abyssos
461 2011 600 2073 crearet,
620 1999 804 2086 priusquam
825 1997 927 2062 sontes
948 2019 1101 2083 aquarum

69 2135 83 2163 a
99 2117 317 2192 erumperent,
329 2107 511 2193 priusquam
522 2118 646 2171 montes
659 2103 873 2170 stabilirentur
886 2127 893 2168 :
909 2115 980 2169 ante
993 2127 1102 2168 omnes

69 2243 82 2268 a
101 2208 198 2274 collas
213 2224 342 2298 generat
357 2235 419 2276 me.
437 2211 523 2277 Deus
534 2212 608 2277 lecit
624 2213 785 2300 regionem
797 2224 829 2276 et
841 2211 1056 2287 solitudinem,
1069 2225 1101 2276 et

70 2349 82 2377 a
101 2341 224 2383 summa
239 2317 307 2384 loca
323 2341 393 2407 quau
410 2319 594 2385 incoluntur
609 2323 667 2386 sub
684 2319 774 2385 caclo.
797 2321 879 2385 Cum
895 2333 1018 2409 pararet
1034 2343 1100 2386 coa—

73 2459 85 2486 »
102 2427 181 2503 lum,
197 2451 284 2494 eram
299 2453 373 2496 cum
389 2453 444 2503 eo;
456 2443 575 2496 etcum
591 2430 768 2520 designaret
780 2432 931 2497 thronum
943 2455 1034 2496 suum
1050 2443 1100 2495 au-

74 2565 87 2592 »
101 2537 288 2621 perventis:
304 2561 378 2603 oum
392 2538 499 2604 lirmas
511 2538 629 2605 faceret
641 2563 780 2606 summas
796 2542 910 2614 nubes,
927 2552 959 2604 et
974 2537 1102 2610 stabiles

71 2675 85 2704 »
102 2644 240 2712 alliceret
257 2647 357 2713 lantes
378 2650 481 2736 abyssi
488 2673 496 2721 ;
522 2673 597 2715 oum
617 2649 739 2715 stabilia
763 2649 879 2715 sacorot
896 2648 1100 2712 fundamenta

72 2785 85 2814 a
101 2766 205 2827 terrae3
229 2778 315 2820 eram
338 2756 425 2843 apud
446 2779 520 2821 earm
538 2779 741 2845 componens.
768 2758 834 2844 Ego
856 2777 943 2819 eram
964 2775 1100 2840 quacum

74 2893 86 2918 ι»
103 2863 277 2949 gaudebat:
293 2864 433 2949 quotidie
448 2876 555 2930 autem
572 2864 701 2929 laetabar
714 2865 746 2927 in
759 2874 931 2951 conspeetu
944 2863 1014 2949 ujus
1027 2885 1102 2948 quo-

76 3003 87 3028 »
105 2971 148 3032 vis
162 2982 303 3058 tempore
325 2996 332 3036 :
354 2974 504 3058 quoniam
519 2973 736 3037 delectabatur
751 2972 828 3036 orbe
846 2969 1009 3037 habitabili
1029 2993 1102 3037 con·

78 3109 90 3136 a
107 3091 272 3152 summata,
288 3092 320 3143 et
331 3079 549 3147 delectabatur
564 3083 595 3147 in
611 3081 683 3147 liliis
694 3082 869 3147 bominum.
886 3082 978 3148 Nune
993 3081 1101 3170 igitur,

79 3217 90 3245 a
106 3184 161 3258 lili,
180 3185 252 3249 audi
275 3209 335 3251 ma.
359 3191 475 3254 beatus
497 3193 544 3256 vir
566 3191 619 3279 qui
634 3191 780 3256 exaudiet
796 3214 858 3267 me,
879 3202 910 3255 et
930 3191 1026 3255 homo
1047 3191 1100 3276 qui

80 3325 93 3354 a
109 3294 170 3356 vias
187 3315 272 3357 meas
284 3296 451 3372 custodiet,
464 3298 593 3386 vigilans
604 3299 645 3363 ad
664 3298 746 3364 fores
761 3319 847 3363 meas
864 3297 1018 3385 quotidie,
1036 3317 1101 3360 ser-

79 3423 181 3466 »rans
199 3413 306 3488 postea
328 3404 474 3469 introitus
491 3406 562 3470 mei.
585 3407 693 3470 Exitus
708 3406 793 3471 enim
808 3405 883 3480 mei,
903 3405 1004 3468 exitus
1020 3405 1099 3469 vitae.

79 3509 141 3571 »Et
155 3522 327 3596 praeparata
343 3521 391 3576 est
406 3510 549 3578 voluntas
565 3535 581 3576 a
598 3512 743 3578 Domino.
764 3513 827 3592 Qui
844 3535 917 3578 vero
933 3511 965 3578 in
981 3535 1031 3577 me
1047 3513 1103 3578 de-

67 3621 92 3678 ‘t
114 3617 265 3706 linquunt,
284 3621 371 3710 impii
388 3636 461 3689 sunt
477 3623 509 3687 in
525 3645 595 3687 suas
608 3624 747 3710 ipsorum
762 3623 881 3689 animas
895 3647 903 3687 :
917 3635 948 3689 et
963 3625 1016 3710 qui
1032 3625 1104 3689 odo-

81 3757 94 3787 »
112 3739 179 3790 runt
194 3751 244 3792 me
261 3729 395 3819 diligunt
411 3746 547 3800 mortem
558 3731 579 3794 ¹.
597 3761 609 3792 s

114 3857 120 3890 ¹
136 3859 199 3908 Ιίὐν.
213 3877 268 3918 tiu,
281 3881 318 3910 αι.
