2646 4628
238 179 297 244 aba
563 205 675 250 sarcir
698 206 809 250 marm
832 207 890 250 ιιι.
916 207 926 247 ι

235 317 302 370 tute
312 307 471 398 adsnpera
483 311 647 388 recedam,
657 310 813 378 infelicem
824 310 972 384 deonna,
981 305 1264 374 nonnullotmen

235 415 535 504 incorruptibilitatis
549 419 646 484 odore
660 419 825 508 perfusam.
843 419 888 482 Fa
903 441 978 484 vcro
988 417 1059 504 jam
1073 415 1218 480 formata
1229 435 1264 478 aa
1319 445 1320 474 ι

235 523 349 586 mentis
359 545 487 612 compos
496 524 619 600 allecta,
630 527 743 592 acriori
755 525 907 590 desiderio
917 523 1108 610 exquirendi
1120 520 1263 590 luminis,

235 629 321 713 quod
332 652 403 694 eam
414 629 582 706 defecerat,
594 633 780 698 incenditur.
795 632 858 698 Sed
867 655 957 708 ecce,
969 631 1138 696 festinanti
1150 631 1262 716 impor-

235 749 332 800 tunus
349 739 514 805 intercedit
531 741 646 818 Horas,
665 741 927 828 temerariumque
942 751 1074 806 coercet
1092 739 1257 825 impetam.
1320 775 1321 794 2

111 883 119 897 ·
235 843 318 911 Hinc
336 845 477 912 animum
497 849 670 938 despondet
689 849 753 926 illa,
774 850 920 937 omnique
938 846 1197 938 perturbationis
1210 867 1260 931 ga·

213 951 218 961 ’
237 953 305 1026 neri
317 957 494 1020 succumbit
509 981 517 1020 :
530 959 658 1024 moerori
668 959 807 1045 quidem,
819 958 904 1045 quod
919 957 997 1022 votis
1013 957 1190 1025 brunater
1203 975 1261 1016 me-

122 1106 128 1114 ·
218 1059 296 1162 rull»,
309 1083 348 1125 nc
365 1063 631 1148 quemadmodum
642 1063 708 1140 lux,
725 1066 766 1130 ita
778 1077 810 1130 et
821 1065 881 1128 vita
892 1085 961 1128 eam
973 1061 1155 1134 deliceret;
1173 1058 1261 1122 animi
1320 1089 1321 1092 ¹

237 1168 371 1256 denique
383 1173 542 1246 anxietati,
555 1195 592 1240 ac
604 1171 749 1260 lacrymis
760 1196 769 1236 r
782 1195 893 1260 parum
904 1172 947 1246 id,
963 1171 1025 1239 nisi
1035 1169 1151 1235 omnis
1162 1189 1260 1232 rmum
1320 1213 1321 1228 .

236 1277 390 1364 ignoratio
408 1291 453 1345 tot
470 1283 757 1368 perturbationibus
774 1283 878 1356 mista,
896 1280 1021 1369 pondus
1039 1278 1201 1342 auxisset.
1221 1277 1261 1339 ln
1320 1275 1321 1284 ’

239 1383 364 1450 terdum
380 1397 497 1464 umen,
514 1390 655 1476 priorum
671 1388 779 1463 oblita,
795 1387 994 1476 luminisque,
1008 1385 1107 1474 quod
1124 1405 1202 1450 eam
1216 1383 1262 1446 de·

237 1506 389 1568 seruarat,
411 1493 680 1582 pulchritudinem
696 1505 801 1560 mente
819 1493 991 1568 revolvens,
1013 1491 1134 1558 laetitia
1159 1489 1263 1556 diffun-

237 1600 370 1688 debatur
392 1623 429 1666 ae
450 1601 581 1667 ridebat.
611 1603 675 1667 Sed
697 1613 932 1668 momentaneus
954 1603 1049 1675 risus,
1079 1623 1190 1687 quem
1212 1599 1264 1663 rito

238 1709 397 1796 excipiunt
411 1709 662 1798 perturbationes
680 1723 845 1776 consueta.
866 1710 920 1774 llis
938 1709 996 1774 sibi
1013 1731 1073 1794 per
1091 1708 1189 1774 vices
1205 1729 1265 1770 sac·

239 1817 422 1882 cedentibus
442 1817 570 1904 jactata,
594 1816 722 1880 tandem
743 1816 875 1904 seipsam
896 1813 1060 1902 colligens,
1084 1814 1135 1880 ad
1162 1812 1265 1878 lumen

239 1924 324 2012 quod
333 1926 399 2013 jam
411 1924 612 2004 delibaverat,
628 1924 691 1990 hoc
701 1936 760 1998 est,
772 1923 813 1988 ad
824 1923 983 1988 Christum
995 1922 1188 2010 rogandum
1201 1945 1266 1986 coa

239 2033 381 2097 vertitur.
409 2033 582 2111 Quorsum,
605 2032 720 2120 inquis,
742 2043 788 2095 tot
810 2029 1266 2120 perturbationumdluctibus

240 2141 411 2214 estuantis,
427 2165 487 2208 neo
502 2125 662 2229 quiescere
674 2139 804 2206 valentis
814 2141 910 2206 animi
921 2139 1048 2204 motus?
1062 2139 1142 2206 Hoc
1157 2139 1265 2206 fabule

241 2246 415 2312 exordium.
439 2248 520 2313 Hinc
544 2232 629 2314 enim
651 2235 789 2313 materi'ae
807 2270 847 2313 ex
867 2269 929 2335 qua
951 2245 1090 2312 mundus
1115 2245 1177 2312 laic
1200 2269 1266 2312 aaa

241 2355 335 2420 ssatus
350 2367 409 2430 est,
424 2357 596 2421 substantia
615 2368 720 2420 ortum
731 2355 822 2443 cepit.
840 2353 919 2419 Nam
936 2377 975 2418 ex
991 2355 1221 2430 conversione,
1239 2367 1268 2418 et

242 2463 392 2538 mundus,
411 2474 442 2527 et
454 2463 655 2550 Demiurgus,
667 2485 773 2526 rerum
790 2459 946 2536 conditor,
961 2473 993 2524 et
1007 2461 1153 2549 deniqne
1169 2461 1266 2526 omnis

242 2571 301 2638 alia
318 2573 421 2637 anima
439 2573 591 2660 originem
608 2571 754 2659 sumpsit;
776 2594 814 2636 ex
832 2582 919 2634 motu
938 2580 1046 2636 autem
1061 2581 1100 2634 et
1116 2591 1264 2641 mmmm,

242 2679 361 2770 reliqua
381 2681 495 2746 omnia.
517 2681 564 2744 Ex
581 2681 677 2767 ipsius
694 2679 848 2767 siquidem
865 2677 1011 2764 lucrymis
1024 2676 1153 2766 liquida
1169 2679 1268 2744 amnis

243 2791 415 2854 substantia
435 2788 559 2853 initium
573 2788 704 2852 habuit:
723 2810 762 2852 ex
780 2786 843 2850 risu
856 2784 975 2858 lucidas
993 2808 1031 2850 ex
1044 2807 1193 2852 maerore
1203 2799 1268 2850 tan·

243 2895 316 2959 dem
337 2908 369 2959 et
390 2908 529 2983 stupore,
553 2917 703 2982 corporea
726 2893 837 2974 mundi
860 2891 1023 2956 elementa.
1047 2891 1181 2980 Nempe
1201 2916 1268 2958 cum

243 3000 421 3067 Achamoth
438 3000 568 3090 supplex
583 3002 624 3065 ad
639 3001 799 3066 Christum
818 3023 850 3064 se
870 2998 1085 3074 convertisset,
1104 3000 1164 3066 hic
1184 3000 1269 3066 Para

245 3104 377 3182 cletum,
392 3107 455 3172 boc
471 3119 518 3172 est
535 3105 729 3171 Salvatorem
747 3104 787 3169 ad
803 3128 873 3170 eam
888 3104 984 3177 misit,
1002 3102 1200 3171 satellitibus
1216 3109 1272 3172 Aa

245 3211 320 3302 galis
335 3213 496 3302 stipatum,
514 3215 566 3300 qui
581 3213 717 3278 scientiae
732 3211 866 3276 sormam
881 3213 910 3276 ei
925 3211 1049 3286 indidit,
1067 3223 1100 3274 et
1116 3235 1135 3276 a
1149 3225 1274 3299 pertur-

245 3321 424 3387 bationibus
445 3319 596 3384 liberavit.
617 3319 683 3384 Nec
703 3331 808 3384 tamen
823 3319 879 3384 has
899 3319 938 3384 ab
954 3339 991 3382 ea
1007 3318 1048 3382 ita
1064 3322 1225 3396 muravit,
1247 3333 1277 3384 ut

245 3453 354 3495 curam
376 3451 502 3494 omnem
522 3449 631 3492 earum
651 3427 830 3514 abjiceret:
853 3428 916 3493 imo
938 3438 1073 3492 secretas
1090 3426 1182 3502 fixit,
1201 3453 1278 3496 con-

246 3536 399 3611 densavit,
411 3548 444 3601 et
455 3537 487 3600 in
498 3536 662 3599 materiam
673 3534 915 3610 transformavit,
927 3557 965 3598 ex
976 3556 1037 3620 qua
1048 3533 1147 3598 fieret
1160 3537 1280 3626 duplex

247 3644 418 3707 substantia
424 3668 434 3714 ,-
454 3640 551 3706 altera
566 3640 661 3718 mala,
677 3667 746 3730 quae
762 3666 801 3706 ex
814 3643 1010 3731 passionibus
1024 3644 1224 3718 exstitissem
1244 3647 1281 3712 al-

250 3763 315 3815 tera
339 3751 533 3838 passionibus
553 3753 699 3828 obnoxia,
720 3775 789 3838 quae
808 3776 847 3818 ex
864 3751 1067 3818 conversione
1086 3765 1161 3819 orta
1186 3771 1280 3822 esset.
