2648 4598
200 297 257 339 ,ΠΒ
281 293 528 339 RESURRECTIONE
552 291 746 336 noarvonun.
933 295 991 359 100
1029 337 1034 352 ,

19 408 89 468 riam
102 404 348 491 conjunctionem
363 401 542 481 exstabunt,
558 401 582 464 si
598 423 667 487 ques
679 397 826 466 dissoluto
838 412 923 474 sunt,
939 404 992 467 ite-

17 539 63 579 um
74 515 108 578 ad
119 511 252 579 animalis
267 511 522 578 constitutionem
534 510 718 577 coalescant.
738 510 930 578 Eorumdem
942 534 994 576 au-

17 623 234 690 unconstitutio
244 621 408 688 hominum
418 622 593 688 necessario
603 631 846 707 consequentem
856 634 994 687 mortuo-

17 745 102 798 unet
113 731 326 797 dissolutorum
337 752 506 818 corporum
517 730 777 795 resurrectionem
789 729 990 794 demonstrat.

17 864 71 904 aru
84 839 191 926 absque
203 836 255 903 ilia
266 859 428 924 nunquam
439 838 521 903 iuter
531 861 565 902 se
576 838 693 902 oedem
704 847 807 924 partes
820 838 995 903 secundum

16 959 128 1010 ituram
148 947 390 1034 conjungentur,
412 969 471 1012 nec
490 946 675 1010 eorumdem
695 945 858 1011 hominum
884 959 994 1011 natura

16 1056 164 1122 institerit.
189 1055 283 1134 Quod
300 1055 325 1120 si
342 1078 431 1122 mens
449 1067 481 1120 ot
499 1055 578 1120 ratio
598 1053 778 1120 hominihus
797 1054 876 1118 datae
893 1055 933 1119 ud
951 1056 996 1120 irr-

16 1166 181 1252 lligentiam
203 1187 312 1228 earum
335 1185 531 1249 rerumquae
553 1176 659 1228 mente
682 1163 910 1251 percipiuntur,
937 1185 996 1228 nec

15 1274 224 1338 ibsmutiarum
244 1271 358 1345 solum,
384 1270 439 1336 sed
459 1271 553 1336 etiam
572 1269 654 1336 illius
673 1272 727 1358 qui
745 1271 814 1336 haec
835 1270 921 1336 dedit
937 1271 996 1336 bo-

18 1384 92 1446 tatis
111 1393 141 1446 et
159 1380 315 1468 sapientire
334 1391 367 1444 et
386 1379 527 1466 justitises
550 1401 678 1444 necesse
696 1390 744 1443 est
764 1389 799 1442 ut
817 1377 854 1442 iis
872 1399 997 1464 permn-

14 1490 129 1554 zntibus
147 1510 280 1574 quorum
295 1508 388 1552 causa
410 1486 538 1552 rationis
558 1487 713 1573 judicium
733 1499 997 1561 concessumst,

14 1621 88 1664 sum
105 1619 226 1685 quoque
246 1606 427 1682 permaneat
447 1616 633 1661 concessum
647 1596 688 1661 ad
708 1595 776 1661 haec
794 1595 999 1660 discernenda

13 1707 135 1772 dicium
148 1728 156 1768 ι
174 1725 359 1791 permanere
371 1716 477 1769 autem
489 1727 553 1770 nou
565 1705 692 1791 poterit,
705 1715 831 1779 natura,
844 1727 913 1789 quae
924 1702 1002 1768 illud

16 1814 98 1901 cipit
112 1826 143 1877 et
157 1813 188 1876 in
201 1835 261 1898 qua
274 1811 402 1886 residet,
416 1835 479 1876 nou
491 1823 706 1898 permanente.
725 1812 789 1890 Qui
800 1822 907 1875 autem
917 1833 1004 1876 men·

12 1947 49 1988 ιιι
65 1934 96 1984 ot
112 1920 263 1985 rationem
274 1918 416 2004 suscipit,
432 1919 528 1984 homo
544 1931 604 1992 est,
621 1942 685 1984 non
699 1923 803 1985 anima
818 1943 875 2008 per
889 1899 999 2008 seipsa.

12 2051 118 2093 ecesse
134 2037 180 2090 ost
195 2049 269 2112 ergo
286 2025 449 2090 homiuem
466 2049 504 2090 ex
521 2039 654 2114 utroque
670 2041 866 2094 constantem
882 2051 1006 2118 semper

18 2157 193 2200 umouore:
220 2157 284 2198 non
305 2145 409 2221 potest
432 2147 538 2200 autem
559 2157 747 2222 permonere
767 2137 827 2202 nisi
850 2151 1000 2227 resurget.

11 2268 63 2310 rm
79 2243 104 2306 si
121 2239 205 2306 nulla
220 2243 260 2306 sit
275 2244 476 2316 resurrectio,
491 2266 690 2330 nequaquam
705 2245 883 2321 hominum,
900 2259 1006 2334 quote—

11 2379 38 2417 ιε
59 2351 237 2426 hominum,
256 2364 367 2416 natura
384 2353 601 2439 permanserit.
623 2352 795 2418 Hominum
812 2365 923 2419 natura
942 2377 1005 2420 nou

11 2471 200 2532 rmauente,
223 2459 338 2524 frustra
358 2460 460 2526 animo
480 2461 620 2546 corporis
637 2460 817 2549 indigentias
833 2475 865 2528 et
882 2486 1006 2551 perpes-

11 2568 124 2633 ‚nibus
139 2567 271 2639 sociatas
290 2567 403 2632 frustra
419 2591 533 2655 corpus
549 2569 770 2645 constrictum,
786 2571 956 2657 quominus
969 2595 1006 2637 ee

11 2701 48 2742 ω
61 2676 185 2764 appetit
195 2688 418 2762 consequatur,
434 2676 546 2742 animm
563 2677 694 2742 habenis
705 2681 882 2765 obsequens
894 2691 927 2744 et
936 2681 1009 2743 free-

28 2784 233 2869 subjectum;
248 2781 366 2848 inutilis
378 2806 481 2858 mens,
495 2782 613 2849 inutilis
624 2785 805 2871 prudentie,
818 2785 946 2872 justitias
957 2787 1011 2851 ob·

11 2891 130 2966 ·vutio,
143 2914 181 2956 ao
193 2891 314 2954 virtutis
326 2890 428 2956 omnis
439 2890 635 2965 exercitatio,
648 2902 680 2955 et
690 2889 797 2978 legum
809 2891 963 2957 institutio
973 2913 1011 2956 ac

15 2999 161 3090 positio;
180 3011 275 3085 atque
290 3009 324 3062 ut
336 3000 432 3062 verbo
444 2999 561 3074 dicam,
574 2997 682 3064 inutile
694 2998 849 3086 quidquid
860 2999 891 3064 in
907 2999 1012 3066 homi-

11 3129 74 3174 ›us
91 3118 124 3168 ot
136 3117 268 3192 propter
278 3105 421 3170 homiues
437 3105 560 3172 honesti
573 3117 605 3172 et
616 3105 771 3193 praeclari‚
789 3106 836 3172 vei
849 3110 951 3196 potins
963 3112 1012 3176 in-

15 3215 65 3278 iis
79 3213 148 3297 ipsa
161 3213 256 3276 etiam
267 3211 433 3277 hominum
445 3215 562 3279 creatio
575 3223 607 3279 et
618 3225 741 3280 natura.
761 3216 855 3294 Quod
868 3217 936 3283 siin
949 3241 1013 3283 om·

11 3346 75 3388 sus
95 3319 227 3384 omnino
242 3319 300 3385 Dei
316 3322 464 3407 operibus
484 3332 518 3386 et
531 3321 621 3386 donis
637 3324 676 3387 ab
694 3345 732 3388 eo
750 3326 918 3400 concessis,
936 3325 1013 3391 nihii

33 3431 144 3495 rebus
157 3426 322 3494 inutilibus
335 3427 410 3501 ioci;
430 3451 556 3496 necesse
572 3444 619 3496 est
630 3433 760 3498 omnino
773 3445 808 3498 ut
819 3435 930 3499 animae
942 3457 1015 3522 per-

11 3537 130 3603 ,uitnti
146 3537 334 3624 respondeat
344 3549 497 3626 perpetua
513 3540 653 3628 eorporis
668 3541 844 3606 secundum
855 3544 1015 3630 propriam

24 3668 133 3710 nram
150 3647 339 3732 permansio.

11 3755 115 3824 XVI.
139 3756 241 3822 Nemo
256 3768 363 3821 nutem
378 3756 565 3834 admiretur,
581 3759 667 3846 quod
682 3761 777 3826 vitam
788 3773 889 3828 morte
901 3777 932 3829 et
944 3787 1017 3830 cor-

11 3867 133 3934 »tione
153 3865 363 3932 interscissam
380 3865 574 3954 appellemus
590 3869 864 3956 permansionem:
882 3873 936 3937 sed
954 3874 1016 3937 nui·
