2688 4626
237 251 296 338 lssp
532 266 644 312 ssucrt
666 265 786 308 resultat
809 265 965 309 lassante

233 413 245 444 ι
260 383 394 450 ductum
409 378 545 468 fingunt,
561 376 684 466 primus
695 374 797 444 lloses
811 374 937 465 populis
948 375 1152 465 persuasisse
1170 373 1277 438 fertur.

235 507 297 560 »ut
316 493 441 582 scriptis
460 490 582 579 legibus
602 499 780 563 uterentur,
800 487 848 552 sir
866 499 899 552 ct
920 486 1152 576 magnitudine
1174 482 1277 550 animi

235 614 296 668 »et
316 600 503 668 utilitatibus
524 597 595 662 vitae
613 595 782 663 bominum
803 591 903 660 allatis
918 591 1173 672 celeberrimus.
1190 619 1206 652 ι
1224 589 1279 654 ue-

235 711 310 776 iude
325 705 490 798 paululum
502 724 700 794 progressus,
717 724 755 768 ac
765 713 889 767 veteres
900 697 1097 788 legislatores
1110 717 1279 764 recensere

237 817 357 892 voleus,
380 816 521 904 primum
542 821 772 884 commemorat
793 807 925 876 llosem.
953 807 1007 875 Sic
1029 807 1124 872 enim
1150 805 1279 871 totidtu

238 925 341 991 verbis
356 921 519 1011 loquitur:
538 919 684 986 «Ferunt
702 917 797 984 etiam
815 917 901 1007 apud
920 915 1051 982 Judmos
1070 913 1205 981 Mosem
1222 913 1278 978 Dm

239 1032 310 1099 »illi
330 1032 403 1121 (qui
417 1043 550 1097 vocatur
563 1027 645 1116 lac)
667 1027 751 1116 leges
770 1051 841 1094 suas
861 1026 1081 1116 adscripsisse,
1105 1027 1180 1091 sire
1196 1024 1278 1112 quod

240 1171 253 1204 ι
266 1139 362 1206 animi
377 1139 615 1228 cogitationem,
636 1159 706 1224 qnae
723 1133 807 1202 utilis
821 1135 989 1202 bominum
1004 1133 1213 1200 multitudini
1231 1133 1276 1197 su-

240 1262 336 1315 »tum
348 1259 443 1324 esset,
456 1245 677 1313 admirabilem
692 1258 725 1312 et
739 1245 877 1312 divinam
892 1246 1077 1334 judicarent
1085 1269 1096 1318 3
1115 1246 1185 1310 sire
1197 1243 1272 1332 *1⁰⁰³

240 1387 253 1420 ι
267 1355 409 1447 plebem,
426 1355 504 1421 dum
518 1375 631 1420 eorum
648 1353 860 1442 prostantium
878 1365 910 1418 et
924 1339 1123 1442 potestatem
1139 1351 1270 1419 conside

135 1503 140 1508 ·
240 1479 327 1542 urat,
348 1465 404 1554 qui
422 1463 506 1553 leges
526 1461 682 1528 iuvenisse
697 1461 890 1536 dicerentur,
912 1462 1012 1550 magis
1033 1462 1126 1528 dicto
1145 1461 1268 1526 audien

239 1585 333 1638 »tem
354 1571 422 1637 iore
444 1567 670 1634 existimarent.
701 1565 887 1632 Secundum
908 1564 1039 1656 AEgypti
1063 1567 1265 1656 legislatorem

241 1677 457 1744 »Sesonchim
477 1675 573 1741 luisse
593 1685 785 1751 memorant,
809 1673 912 1739 sirum
931 1675 1108 1763 prudentia
1128 1689 1260 1763 prestan-

242 1819 255 1852 ι
270 1799 345 1853 tem.
363 1785 509 1850 Tertium
521 1784 630 1850 lerunt
645 1781 869 1848 Sesonchosim
885 1805 1004 1870 regem,
1023 1805 1094 1848 uon
1109 1783 1198 1850 solu
1210 1805 1253 1846 re·

243 1899 329 1964 »bns
359 1892 445 1962 bello
477 1893 571 1982 gestis
602 1875 848 1958 celeberrimum
876 1890 1022 1958 omnium
1052 1889 1257 1981 AEgyptiorum

189 2051 192 2062 .
243 2004 378 2078 sinistre,
399 2000 454 2068 sed
470 2001 567 2066 etiam
583 1998 771 2070 bellicosam
788 2010 916 2088 gentem
934 1998 1058 2089 legibus
1072 2011 1261 2090 temperasse.

244 2142 257 2175 ι
273 2113 432 2191 Quartum
448 2109 623 2176 Bnchorim
635 2127 745 2199 regem
755 2108 839 2199 leges
851 2110 1023 2176 instituisse
1034 2112 1213 2200 perbibent,
1223 2133 1266 2174 ss

245 2221 413 2310 »pientem
428 2220 600 2307 quemdam
618 2230 651 2286 et
668 2221 812 2310 adprime
833 2233 1008 2287 versutum.
1030 2221 1101 2287 Post
1115 2221 1193 2286 bunc
1208 2241 1263 2282 rex

246 2361 258 2392 ι
274 2327 396 2397 Amasis
407 2327 448 2393 ad
459 2325 543 2416 leges
555 2329 687 2394 accessit
700 2353 707 2394 :
722 2351 816 2416 aquo
829 2339 896 2394 tum
907 2351 977 2415 quae
989 2327 1030 2394 sd
1038 2327 1255 2418 prefectospro

247 2435 463 2512 reinmarum,
479 2447 549 2502 tum
561 2457 631 2523 qum
647 2437 688 2502 ad
700 2437 880 2504 universam
896 2436 1025 2526 AEgypti
1041 2434 1265 2502 administratio·

247 2567 351 2614 »uem
366 2555 522 2634 spectant,
543 2543 700 2636 descripta
720 2554 897 2610 narrantur.
922 2543 1036 2609 Sextus
1057 2544 1183 2610 tandem
1195 2538 1262 2629 legi-

249 2685 262 2718 ι
276 2656 336 2721 bus
351 2651 574 2742 AEgyptiorum
588 2653 749 2741 prefuisse
761 2653 878 2720 dicitur
888 2651 1004 2718 Xerxis
1018 2663 1110 2742 pater
1125 2651 1251 2719 nares·

293 2763 336 2830 X.
355 2761 443 2836 fleo,
459 2785 479 2827 o
493 2761 610 2836 Graeci,
628 2763 798 2852 scriptores
814 2785 832 2826 a
848 2775 954 2828 nostra
971 2760 1126 2850 religione
1142 2757 1263 2827 slienrds

248 2869 343 2937 lllosis
359 2867 547 2958 antiquitate
558 2868 671 2935 litteris
682 2871 886 2948 mandarunt,
900 2893 996 2960 seque
1008 2872 1116 2937 omnia
1132 2895 1173 2937 ex
1186 2893 1266 2937 sacer·

249 2981 376 3046 dotibus
392 2979 547 3067 AEgyptiis
558 2980 719 3067 accepisse
732 2962 898 3057 dixerunt,⁸
908 2982 993 3072 apud
1007 3005 1088 3069 quos
1101 2979 1208 3047 bloses
1221 3001 1270 3045 nou

249 3089 353 3156 solum
367 3089 400 3153 in
415 3087 522 3153 lucem
536 3089 653 3165 editus,
672 3089 727 3154 sed
742 3090 838 3156 etiam
854 3093 941 3160 omui
953 3091 1179 3180 AEgyptiorum
1196 3089 1273 3157 disci·

249 3197 335 3288 plina
349 3195 504 3271 cruditus,
522 3196 663 3284 eoquod
682 3221 699 3264 a
718 3199 800 3288 regis
819 3197 883 3268 lilia
903 3201 935 3266 iu
953 3198 1009 3267 lilii
1024 3199 1201 3267 haberetur
1215 3201 1276 3266 loco

250 3321 283 3374 et
307 3309 348 3374 ob
377 3329 448 3372 eam
475 3327 602 3372 oausam
629 3329 753 3374 summa
778 3309 811 3374 in
836 3331 912 3376 eum
934 3333 1010 3376 cura
1032 3311 1276 3400 impenderetur,

250 3415 522 3506 quemadmodum
544 3415 713 3503 perhibent
735 3417 955 3505 sapientissimi
984 3418 1124 3486 historias
1152 3420 1279 3508 scripto

252 3547 315 3600 res,
332 3525 385 3612 qui
401 3525 470 3610 ejus
485 3521 625 3590 vitamet
640 3545 689 3588 res
704 3535 807 3611 gestas
818 3536 851 3590 et
862 3526 986 3613 generis
999 3525 1203 3614 splendorem
1217 3529 1280 3592 data

252 3653 347 3718 opera
367 3631 527 3696 memorie
547 3630 751 3706 mandarunt,
775 3629 866 3698 Philo
884 3642 917 3699 et
934 3632 1103 3724 losepbus.
1126 3635 1168 3702 lli
1187 3637 1280 3703 enim.

251 3740 329 3804 dum
344 3737 384 3802 de
403 3738 606 3827 rebusgestis
626 3738 811 3808 Judaeorum
828 3742 985 3821 scribunt,
1006 3767 1045 3809 ex
1060 3743 1282 3812 Chaldaeorum

248 3871 362 3938 genere
384 3847 504 3919 liorem
526 3851 699 3920 oriundum
720 3877 788 3920 esse
809 3868 959 3930 narrant:
987 3879 1062 3925 cum
1083 3867 1193 3925 autern
1214 3857 1281 3940 ejus
