2772 4620
319 285 467 328 metecus
491 283 551 327 cll!
575 283 736 326 ruteuotttt
758 283 872 324 JUBAEO·
1042 279 1102 345 297

69 411 85 442 ι
105 403 223 448 meum
236 385 558 474 gautcssperabuut¹.
573 415 586 446 s
600 387 640 450 Et
654 407 711 473 per
725 385 896 450 ieremiam
912 383 951 448 dc
963 383 1026 450 hoe
1038 386 1107 472 ipso

71 502 277 558 testamento
295 495 341 559 sic
359 493 521 582 loquitur:
540 495 647 558 «Eece
665 493 731 558 dies
746 493 887 567 veniunt,
906 491 982 557 dicit
998 493 1108 557 Domi·

70 627 86 656 2·
106 623 189 674 nus,
206 613 239 664 et
250 605 392 668 testabor
402 602 511 666 domui
523 599 618 668 lsrael
630 613 662 665 et
673 601 779 666 domui
790 601 873 666 luda
885 611 1108 664 testamentum

71 733 88 764 ι
108 727 255 772 norum:
269 721 334 774 no'n
346 709 432 795 quod
444 719 572 774 testatus
583 729 652 772 sum
665 707 807 795 putribus
817 729 928 770 eorum
939 707 971 770 in
984 705 1035 770 die
1046 728 1107 792 qua

75 839 92 870 s
112 813 315 899 apprehendi
333 837 461 880 manum
480 815 629 900 ipsorum,
649 826 684 876 ut
702 811 871 896 educerem
890 835 943 878 eos
962 813 1001 876 de
1023 823 1107 876 terra

77 943 94 975 s
113 915 278 1004 AEgypti².
290 920 324 1003 ι)
339 917 372 982 Si
383 940 456 1004 ergo
468 940 584 982 novum
594 928 817 982 testamentum
830 917 913 982 Deus
928 917 1106 980 institutum

78 1023 125 1086 iri
141 1023 336 1109 praedicavit,
354 1023 492 1110 illudque
508 1025 540 1088 in
555 1023 658 1090 lucem
670 1025 826 1111 gentium
844 1023 983 1090 videmus
999 1037 1105 1090 autem

79 1153 125 1194 nc
147 1153 333 1216 persuasum
356 1131 509 1198 habemus
531 1155 589 1218 per
607 1155 724 1197 nomen
750 1132 846 1218 ipsius
867 1131 1008 1197 crucifixi
1028 1132 1106 1197 lesu

80 1235 219 1311 Christi,
234 1259 252 1300 a
267 1236 441 1304 simulacris
460 1250 492 1304 et
506 1241 546 1304 ab
562 1238 620 1306 alia
635 1238 774 1325 nequitia
791 1237 935 1304 homines
951 1239 991 1302 nd
1003 1237 1105 1302 Deum

79 1344 251 1418 accedere,
272 1367 310 1410 ue
329 1367 369 1410 ne
388 1356 491 1410 morte
509 1346 638 1432 quidem
657 1345 816 1432 proposita
832 1367 850 1408 a
866 1343 1061 1410 consessione
1075 1355 1107 1406 et

78 1451 203 1537 pietate
218 1451 393 1524 discederes
417 1475 491 1518 cum
510 1477 548 1517 ex
568 1453 728 1541 operibus,
748 1464 817 1517 tum
833 1475 872 1516 ex
886 1452 1108 1538 consequenti-

83 1559 148 1621 bus
167 1556 325 1622 miraculis
344 1556 419 1623 licet
437 1560 585 1627 omnibus
605 1557 779 1645 intelligere
798 1559 886 1645 hune
906 1582 974 1624 csse
995 1580 1108 1622 novam

83 1663 203 1750 legem,
225 1675 258 1728 et
281 1687 397 1728 novum
417 1675 642 1728 testamentum
662 1674 694 1726 ct
715 1665 979 1751 exspectationem
997 1681 1108 1729 corum

83 1770 142 1857 qui
162 1791 202 1835 cx
219 1771 366 1834 omnibus
384 1771 530 1856 gentibus
550 1789 567 1832 a
586 1769 655 1835 Deo
673 1775 756 1838 bona
774 1781 965 1858 exspectant.
989 1769 1108 1835 Verum

85 1876 177 1940 enim
197 1871 414 1947 israeliticum,
437 1871 586 1960 spiritale,
608 1887 640 1938 et
660 1876 750 1940 Judae
771 1897 881 1960 genus,
904 1885 936 1936 ct
955 1873 1054 1938 Jacob
1075 1885 1108 1938 et

87 1985 182 2047 lsaac
196 1993 229 2044 et
240 1981 410 2054 Abraham,
427 1981 518 2066 cujus
534 1981 566 2044 in
580 1981 733 2067 praeputio
746 1979 843 2048 fidem
856 1979 1034 2044 testimonio
1049 2003 1106 2046 suo

88 2087 311 2173 comprobavit
328 2086 424 2159 Deus,
443 2085 535 2170 cique
551 2086 723 2160 benedixit2
740 2109 777 2150 ac
795 2097 916 2171 patrem
933 2086 1104 2152 multarum

88 2194 234 2280 gentium
252 2193 387 2262 scuarin
409 2213 478 2268 nos,
499 2192 638 2278 inquam,
658 2192 721 2257 hoc
738 2215 835 2278 genus
850 2213 970 2267 sumus,
992 2194 1044 2280 qui
1063 2193 1104 2258 ad

87 2299 192 2362 Deum
217 2317 273 2381 per
297 2295 383 2360 hune
409 2293 596 2360 crucifixum
622 2295 781 2364 Christum
806 2295 951 2382 perducti
980 2319 1101 2372 sumus,

90 2401 357 2490 quemadmodum
379 2411 411 2464 ct
430 2400 571 2466 oratione
590 2401 680 2466 uobis
700 2400 890 2490 procedente
913 2401 1104 2470 demonstra-

92 2510 186 2572 bitur.

133 2615 204 2682 ΧΠ.
228 2615 377 2682 Dicebam
395 2618 490 2684 etiam
508 2630 541 2682 et
558 2618 757 2704 proferebam
774 2619 861 2706 quod
876 2617 937 2682 nlio
953 2616 1024 2684 loeo
1042 2617 1106 2683 cla-

90 2735 155 2786 mat
169 2723 295 2788 Esaias:
314 2724 451 2790 «Audite
467 2727 562 2790 verba
580 2747 650 2789 mea
666 2738 700 2789 et
716 2727 799 2790 vivet
816 2726 921 2788 anima
937 2736 1052 2797 vestre,
1072 2736 1105 2787 et

89 2857 102 2887 ι
118 2829 254 2894 testabor
265 2829 352 2894 vobis
363 2841 586 2894 testamentum
600 2831 840 2916 sempiternum,
857 2839 964 2892 saneta
978 2827 1105 2892 Davidis

91 2933 230 3000 »fidelia
250 2937 333 3002 Ecce
352 2947 464 3001 testem
478 2934 602 3024 populis
623 2937 696 3000 dedi
717 2958 800 3000 eum.
824 2934 941 3000 Gentes
956 2955 1025 3021 quae
1039 2957 1103 3000 non

93 3053 271 3104 »noverunt
282 3053 325 3115 te,
341 3041 533 3106 invocabunt
544 3054 595 3106 te:
615 3040 722 3129 populi
738 3041 791 3128 qui
808 3042 951 3105 nesciunt
966 3053 1008 3115 te,
1025 3062 1103 3106 con-

95 3177 107 3206 »
124 3146 289 3230 lugientad
299 3157 342 3219 te,
357 3160 484 3233 propter
498 3147 601 3214 Deum
617 3159 709 3214 tuum
720 3158 863 3214 sanctum
878 3146 1012 3222 Israelis,
1028 3171 1103 3233 quo

94 3285 107 3316 ι
122 3253 205 3318 niam
215 3249 398 3338 glorificavit
408 3265 439 3316 to
449 3254 471 3314 ⁸.
486 3255 596 3318 »Hane
608 3253 708 3342 ipsam
718 3253 819 3342 legem
831 3253 1020 3320 contumelia
1031 3253 1104 3318 affe·

93 3359 187 3433 cistis,
206 3379 245 3422 ac
259 3379 377 3422 novum
392 3356 474 3422 illius
488 3371 631 3424 sanetum
646 3371 869 3424 testamentum
884 3359 1104 3432 lloccileeistis,

95 3491 131 3534 sc
141 3489 177 3532 ue
190 3487 278 3530 nunc
294 3463 423 3551 quidem
438 3464 588 3552 recipitis,
603 3487 663 3530 nec
676 3488 770 3553 prave
786 3467 940 3532 laetorum
955 3466 1106 3552 poeniten·

97 3577 166 3638 tiam
180 3571 292 3660 agitis:
311 3570 450 3636 «Adhuc
467 3570 552 3634 enim
568 3593 659 3636 aures
678 3583 786 3636 vestrae
803 3573 954 3636 obturatae
971 3583 1054 3646 sunt,
1071 3585 1103 3637 et

100 3679 199 3746 »oculi
214 3681 307 3748 vestri
322 3681 488 3754 obcecati,
504 3690 536 3744 et
548 3681 754 3746 incrassatum
768 3691 816 3746 eat
831 3702 885 3746 cor
896 3691 1031 3746 vestrum
1044 3683 1064 3744 ⁸.
1080 3711 1093 3742 »

130 3805 207 3856 lbsai.
219 3807 285 3866 Uale
297 3806 558 3868 5.-²tersm.xn=,
570 3805 1004 3866 bs,ba.-¹1lsai.av,3.-⁴llsai.
1017 3821 1049 3866 u,
1063 3823 1098 3856 ro.
