2648 4598
343 255 383 327 84
742 267 951 324 arrianae-one

340 380 430 445 nobis
444 379 608 465 ellingunt,
621 387 688 440 tum
704 388 738 439 ut
754 399 810 439 nos
826 397 899 440 eum
912 373 1026 438 ratione
1036 373 1227 438 odmsiidlar

338 500 403 562 tur,
420 500 488 552 tum
499 485 583 573 quod
594 483 735 548 futurum
753 481 930 546 existiment
947 495 979 546 ut
992 481 1034 546 vel
1049 483 1229 548 menithinin

339 595 512 660 constantia
526 613 583 656 nos
598 590 768 660 abducant.
785 587 833 654 rel
845 591 974 656 acerbos
983 591 1062 658 nobis
1071 602 1096 654 ct
1106 589 1225 654 ueronlle

338 701 505 768 criminum
516 698 743 787 magnitudine,
755 697 911 788 principes
925 701 1077 786 prebeant
1093 695 1228 762 Sedlaliin

338 823 389 876 tur
408 831 481 873 cum
495 805 676 871 hominibus
690 807 790 894 probe
805 805 974 872 scientibus
995 806 1053 893 jam
1065 805 1185 892 antiquita
1196 803 1229 866 lu

337 937 470 990 morem,
483 935 584 1002 neque
596 935 681 979 nunc
691 915 828 1002 primum
843 913 947 980 divine
959 913 1080 1001 quadam
1091 911 1171 1001 legent
1179 913 1228 974 uta

337 1023 515 1099 invaluisse,
532 1036 567 1088 ut
587 1023 695 1088 vitium
707 1046 782 1089 cum
793 1023 906 1088 virtute
926 1021 1041 1088 bellum
1054 1033 1131 1109 gerat
1142 1016 1227 1100 Sicrtb

334 1136 478 1224 thagoras
493 1155 567 1200 cum
581 1133 730 1198 trecentis
744 1131 810 1198 aliis
826 1133 896 1221 igne
913 1134 1098 1202 combustae
1109 1127 1225 1194 llcndlud

333 1241 633 1317 Democritus,alter
642 1240 770 1328 quidem
781 1239 989 1327 Ephesiorum
1001 1241 1071 1304 urbe
1079 1235 1159 1326 pulsus
1166 1231 1225 1304 eada
1250 1313 1251 1316 Ἴ

335 1353 569 1426 Abderitarum,
597 1349 723 1416 inseniae
748 1359 928 1422 accusatus:
958 1349 1105 1414 Socratem
1125 1343 1228 1410 tuane

334 1472 437 1527 morte
457 1457 662 1524 mulctarunt.
688 1455 752 1521 Sed
770 1456 1036 1544 quemadmodum
1055 1453 1103 1528 illi,
1119 1448 1227 1540 quartani

335 1569 482 1635 virtutem
496 1566 621 1640 attinet,
639 1585 838 1652 nequequam
855 1563 1025 1630 deteriores
1038 1573 1141 1650 propter
1149 1554 1227 1623 uuna

333 1677 512 1764 opinionem
532 1673 674 1744 suerunt;
699 1695 800 1760 neque
819 1673 912 1738 etiam
932 1673 1036 1746 nobis,
1049 1669 1121 1758 quod
1135 1663 1226 1732 attae

216 1785 219 1790 '
334 1786 514 1850 nocentium
529 1791 661 1870 spectat,
677 1781 822 1846 tenebras
843 1780 1015 1847 offundunt
1027 1775 1227 1846 inconsiderans:-

333 1891 491 1957 nullorum
506 1889 681 1956 calumniae.
700 1887 787 1952 Bene
800 1887 885 1952 enim
899 1887 986 1978 epud
1000 1887 1096 1953 Deum
1107 1871 1226 1948 mdiruttl

334 2015 438 2067 tamen
449 2001 497 2065 his
509 1999 693 2065 criminibus
704 2019 880 2064 occurram.
894 1997 941 2064 Ac
955 1997 1044 2065 vobis
1057 1987 1226 2083 quidentlitt

334 2109 380 2174 vel
396 2133 435 2174 ex
450 2109 485 2174 iis
500 2131 570 2195 quae
591 2107 666 2182 dixi,
685 2118 854 2196 purgatum
872 2105 1023 2196 intelligo.
1050 2105 1120 2171 llam
1132 2111 1226 2166 amnas

333 2217 536 2306 intelligentia
555 2218 719 2305 superetis,
735 2241 870 2305 quorum
890 2217 952 2282 vita
967 2217 1010 2282 ad
1024 2217 1117 2282 Deum
1130 2195 1221 2292 wi

236 2303 246 2322 '
332 2349 475 2390 normam
493 2325 648 2414 dirigitur,
669 2338 703 2390 ut
724 2327 935 2413 unusquisque
955 2337 1096 2390 nostrum
1113 2307 1220 2386 annm

333 2433 416 2520 apud
430 2455 504 2498 eum
520 2447 552 2498 et
566 2433 842 2523 reprehensionem
858 2434 909 2509 sit,
925 2455 979 2499 eos
995 2456 1058 2499 noa
1077 2423 1226 2518 ignouisse

332 2540 512 2629 gitationem
528 2543 666 2629 quidem
676 2563 816 2627 unquam
831 2539 878 2605 rel
897 2537 1042 2606 levissimi
1064 2536 1191 2603 adnisus
1200 2541 1227 2607 pr·

331 2652 402 2715 cati.
427 2651 507 2718 Nam
521 2649 546 2714 si
560 2649 781 2715 bano'tantum
796 2647 890 2714 vitam
905 2671 962 2714 noe
978 2650 1110 2714 victuros
1124 2637 1225 2708 enm

329 2772 396 2824 turn
412 2783 485 2825 sane
501 2758 589 2826 locus
604 2769 685 2824 esset
696 2757 873 2846 suspicandi
887 2780 944 2823 nos
957 2758 1046 2823 carni
1055 2766 1086 2820 et
1096 2741 1230 2836 sangddat

330 2868 459 2942 vientes,
472 2867 520 2933 vol
536 2867 662 2932 avaritia
674 2878 728 2931 aut
743 2865 913 2953 cupiditate
927 2865 1026 2932 victos
1041 2881 1158 2952 peccem
1169 2849 1230 2917 sele

329 2974 364 3036 iis
376 2997 444 3059 quae
459 2976 644 3063 cogitemus,
662 2995 794 3060 quicque
810 2971 980 3059 loquimur,
995 2973 1094 3038 Deum
1104 2955 1232 3034 ιιοεῑευῑᾶᾗ

327 3104 388 3168 que
407 3082 514 3148 adesse
533 3083 680 3158 sciamus,
703 3105 838 3169 eumque
863 3103 1046 3169 persuasum
1066 3079 1234 3146 babeamus,te

327 3201 410 3256 totus
430 3189 535 3257 lumen
556 3194 608 3267 sit,
630 3216 667 3258 ca
686 3194 780 3257 etiam
803 3213 871 3279 quae
894 3191 925 3257 in
944 3195 1088 3259 cordibus
1106 3175 1233 3252 nostrisltlt'

327 3297 431 3366 videre
439 3325 447 3374 ;
463 3323 582 3387 nosque
597 3302 657 3366 hac
669 3301 730 3365 vita
745 3299 892 3368 liberatos
907 3298 999 3365 aliam
1013 3303 1068 3367 ista
1080 3287 1235 3386 prestantium

290 3394 295 3403 ¹
326 3432 363 3475 ne
385 3406 556 3483 coelestem,
579 3431 641 3472 non
666 3419 824 3474 terrenam
849 3409 985 3474 victuros
1009 3409 1128 3496 (quippe
1144 3407 1236 3472 canapi

326 3517 428 3582 Deum
443 3529 475 3582 et
490 3539 562 3582 cunr
577 3517 644 3581 Deo
659 3528 744 3580 extra
760 3539 886 3581 omnem
902 3516 1137 3581 immutationem
1149 3517 1172 3570 cl
1182 3509 1239 3588 pepe

328 3624 446 3691 sionem
462 3627 585 3701 animm,
602 3649 665 3692 non
683 3639 717 3690 ut
733 3647 819 3702 care,
840 3625 896 3692 etsi
918 3649 1043 3692 carnem
1063 3613 1174 3690 habituri
1186 3623 1236 3673 runa

329 3729 384 3792 sed
392 3742 426 3794 ut
434 3733 566 3798 celestis
578 3734 703 3820 spiritus
711 3735 849 3799 mansuri
858 3735 965 3822 simus)
976 3758 985 3806 ;
997 3733 1057 3810 rel,
1065 3733 1087 3798 si
1098 3709 1239 3794 alamani

325 3837 527 3925 abripiamur‚
538 3842 725 3910 deteriorem
733 3866 769 3910 ac
782 3844 812 3907 in
824 3842 902 3930 iguis
912 3841 1062 3930 supplicio
1071 3838 1180 3906 victuros
1188 3825 1238 3906 lttlF
