2640 4622
263 248 327 332 594
558 267 670 312 sanant
693 266 811 310 unsrun
834 265 990 310 uternis

263 373 366 440 medio
379 360 578 440 inimieorum
590 397 733 450 suorum,
745 373 915 454 sodDoum
925 394 1009 446 esse,
1023 370 1084 458 qui
1097 371 1145 435 at»
1157 391 1202 434 eo
1215 369 1292 435 itanu

260 494 292 549 et
306 482 448 571 plorante
463 484 569 550 hostes
583 485 707 560 avertit,
724 484 793 572 qrris
808 507 873 550 uon
887 481 1036 549 noverit?
1053 480 1187 546 Noster
1201 495 1290 545 autre

259 591 364 668 Jesus,
383 593 526 662 nondum
543 591 675 681 gloriose
696 592 878 666 adveniens,
899 591 1023 680 virgam
1045 589 1188 655 virtutis
1209 591 1291 654 Q‘it

261 701 293 766 in
310 703 422 766 urbem
438 700 626 776 Jerusalem,
645 703 777 768 verbum
796 699 970 768 vocationis
986 679 1021 764 ei
1043 699 1288 786 poenitentiaea-s

259 831 368 874 onmes
376 820 497 897 gentes,
506 810 560 874 nbi
569 809 723 876 daemonia
732 831 789 874 suo
800 831 852 872 eas
862 807 995 896 imperio
1004 807 1290 892 tenebant,qusn-

258 915 430 982 admodum
441 919 485 983 nit
495 918 617 984 David:
635 918 709 983 «Dii
720 916 862 1006 gentium
876 913 1076 988 daemonia¹3
1094 941 1111 976 ι
1126 937 1170 982 ao
1185 937 1288 1002 praepr

259 1036 327 1091 tens
350 1023 431 1092 iliius
454 1027 586 1092 verbnm
609 1025 717 1092 multis
738 1025 893 1115 persuasit
918 1035 955 1088 ut
977 1023 1166 1098 demonia,
1196 1025 1285 1108 quinus

258 1133 448 1209 serviebant,
464 1133 690 1221 relinquerent,
710 1143 743 1198 et
757 1156 814 1222 per
827 1155 902 1197 eum
917 1131 950 1196 in
963 1129 1078 1197 Deum
1094 1130 1283 1218 omnipttrn

259 1254 324 1308 tem
339 1244 517 1320 crederent,
538 1269 575 1311 no
590 1243 665 1310 deos
680 1245 821 1332 gentium
840 1264 907 1306 esse
928 1240 1090 1305 daemonis
1116 1261 1281 1328 persuasum

258 1351 422 1418 haberent.
438 1351 519 1418 lttud
530 1365 636 1418 autem
652 1378 664 1413 ι
676 1353 708 1417 in
719 1350 940 1440 splendoribus
952 1361 1154 1413 sanctonum
1164 1371 1201 1412 ex
1210 1359 1280 1410 utun

260 1471 360 1523 »ante
379 1459 560 1526 Luciferum
578 1460 673 1548 genui
691 1458 781 1535 te²,r
801 1457 926 1523 Christo
946 1455 1077 1522 dictum
1098 1467 1168 1530 est,
1185 1467 1213 1518 at
1228 1457 1279 1540 iam

259 1567 451 1632 monuimus.

301 1672 479 1740 LXXXIV.
497 1673 601 1761 Atque
616 1673 694 1738 illud
709 1676 803 1739 etiam
819 1697 827 1738 s
846 1675 954 1739 «Ecce
968 1673 1060 1760 virgo
1073 1673 1109 1738 in
1125 1683 1216 1736 attero
1227 1695 1277 1736 reu

259 1807 272 1842 a
286 1780 381 1868 oipiet
392 1791 423 1845 et
434 1781 535 1868 pariet
546 1779 647 1845 filium
657 1780 683 1856 ⁸,
695 1809 707 1842 r
724 1782 756 1846 in
767 1803 841 1846 eum
853 1761 1041 1872 praediotnm
1053 1778 1179 1844 suerat.
1191 1781 1276 1845 densi

258 1887 310 1952 itte
332 1888 453 1977 dequo
473 1886 660 1977 loquebatur
678 1890 797 1964 Esaias,
818 1911 881 1954 non
896 1899 963 1952 erat
982 1909 1022 1952 ex
1045 1887 1179 1976 virgine
1199 1889 1276 1952 nassi-

259 2007 366 2070 turus;
382 1999 451 2086 quis
466 1999 595 2064 tandem
610 1997 662 2065 ille
676 2011 724 2064 est
739 1999 778 2064 de
793 2021 856 2086 qno
872 1997 1007 2086 Spiritus
1025 1990 1165 2063 sanutus
1182 1998 1277 2064 daus-

256 2106 334 2169 bat:
352 2107 458 2172 «Ecce
471 2105 626 2173 Dominus
641 2108 706 2196 ipse
722 2107 814 2172 nobis
830 2107 916 2170 dabit
932 2105 1059 2192 siguum
1075 2128 1085 2170 t
1104 2103 1195 2172 Eece
1210 2109 1278 2194 virgo

257 2241 270 2274 ι
286 2214 318 2278 in
333 2226 423 2280 utero
439 2217 596 2305 concipiet
610 2229 642 2282 et
656 2217 756 2306 pariet
771 2214 917 2282 filiumt»
933 2215 1013 2282 Nam
1033 2216 1060 2280 si
1083 2215 1140 2282 hio
1156 2239 1276 2302 quiaque.

248 2320 386 2406 *perinde
407 2343 445 2388 ao
463 2321 513 2387 nlii
534 2347 643 2390 omnes
659 2325 872 2413 primogeniti,
894 2345 933 2388 ex
951 2325 1136 2390 concubitu
1153 2327 1270 2388 auitum

255 2437 335 2504 orat,
352 2451 411 2493 onr
425 2430 511 2496 Deus
526 2431 592 2520 ipse
607 2433 744 2524 siguum,
758 2432 845 2520 quod
862 2429 991 2496 minime
1007 2434 1164 2498 omnibus
1176 2434 1274 2522 primo

257 2537 368 2624 genitis
379 2561 550 2607 commune
561 2553 655 2618 esset,
670 2543 819 2606 daturum
831 2563 864 2606 se
876 2541 1024 2606 dicebat?
1040 2541 1111 2608 Sed
1123 2544 1207 2632 quod
1218 2567 1274 2606 serr

256 2647 381 2734 signum
392 2660 452 2726 est,
467 2651 616 2740 quodque
631 2665 755 2717 eertum
770 2652 909 2717 hnmano
925 2652 1033 2740 generi
1049 2653 1200 2720 futurum
1210 2665 1274 2724 eru,

255 2777 370 2844 nempe
395 2781 433 2822 ex
455 2758 596 2847 virginali
621 2772 711 2824 utero
733 2759 983 2848 Primogeuitum
1009 2761 1164 2826 omnium
1190 2783 1278 2828 murm

255 2864 467 2940 conditarum,
488 2888 616 2931 earnem
636 2866 767 2941 foetum,
790 2889 862 2932 vere
880 2885 1017 2955 puerum
1035 2871 1145 2952 nosci,
1169 2871 1203 2934 id
1219 2893 1279 2958 prr·

254 2991 414 3059 occupans
433 2997 489 3061 per
504 2973 657 3062 Spiritum
671 2985 817 3040 sanctum
832 2973 899 3039 aliis
918 2984 1013 3061 atque
1029 2972 1100 3039 aliis
1118 2979 1237 3054 modis,
1254 2991 1279 3040 ut

254 3079 342 3144 vohis
361 3083 503 3168 exposui,
524 3082 757 3171 praenuntiavit,
778 3094 813 3145 ut
829 3103 904 3147 oum
924 3082 1044 3146 sactum
1064 3095 1169 3160 esset,
1191 3099 1280 3174 potes·

253 3197 317 3252 tote
332 3200 365 3256 et
379 3188 539 3256 voluntate
551 3193 708 3258 Crantoris
721 3192 939 3258 universorum
954 3191 1076 3257 fautum
1091 3215 1168 3258 esse
1186 3219 1281 3286 agnos

253 3309 378 3365 eeretur
392 3323 401 3366 ε
420 3303 689 3390 quemadmodum
703 3327 742 3368 ex
756 3325 815 3368 una
832 3303 908 3368 Adae
921 3315 1007 3370 costa
1023 3304 1089 3368 Eva
1106 3308 1223 3394 genita
1234 3319 1282 3380 est,

253 3433 291 3476 ao
305 3423 417 3478 oaetern
434 3415 539 3479 omnia
554 3413 725 3478 animantia
740 3413 838 3504 verlpo
853 3409 910 3478 Dei
926 3413 1015 3478 initio
1030 3429 1191 3502 generata
1208 3431 1281 3484 suut

254 3519 318 3586 Vos
343 3535 452 3590 autem
477 3523 509 3589 iu
530 3523 579 3589 his
603 3545 729 3612 quoque
751 3523 1024 3611 interpretationes
1042 3543 1123 3611 quas
1151 3529 1284 3594 seniores

255 3631 349 3694 vestri
366 3631 506 3708 edidere,
526 3654 599 3698 cum
616 3633 701 3721 apud
716 3630 922 3698 Ptolomaeum
940 3631 1168 3720 AEgyptiorum
1185 3661 1284 3728 regem

255 3750 371 3815 esseut,
390 3753 569 3830 pervertere
588 3743 720 3818 nudetis,
732 3729 935 3830 'scripturam
953 3753 1130 3810 asserentes
1151 3769 1220 3816 non
1240 3751 1285 3816 ha·

289 3871 298 3905 ¹
309 3869 374 3920 Psal.
386 3887 443 3932 xor,
454 3875 477 3922 ⁵.
490 3873 540 3911 -2
551 3873 615 3925 Psal.
626 3891 677 3934 cix,
687 3875 711 3924 5.
722 3901 753 3913 -
762 3873 845 3927 ⁸Esai.
859 3889 905 3934 vu,
919 3874 959 3932 rt.
998 3863 1009 3886 ⁴
