2772 4620
290 339 441 383 ursaceus
465 339 527 384 aaa
550 339 715 384 rauracus
738 337 854 382 ranno.
1028 321 1092 404 349

25 449 188 514 dorsum
201 447 441 514 summitterent
455 446 498 512 ad
518 446 624 512 omnia
647 445 834 534 perferenda
853 445 896 510 ab
916 459 1093 534 exspectata

26 569 66 622 et
85 557 135 621 ab
160 577 205 622 eo
227 555 382 643 promissa
398 555 494 620 bona.
519 553 567 620 Ac
588 575 696 619 revera
711 551 867 620 Dominus
881 565 989 618 noster
1001 553 1095 619 ‚lesus

31 663 217 738 Christus,
232 659 411 728 Jerusalem
426 660 637 750 ingressuum,
653 661 802 749 praecepit
817 659 980 750 discipulis
992 672 1026 726 ut
1037 661 1095 728 asi·

32 797 124 839 nam
148 771 326 860 quamdam
352 793 423 859 qua
441 793 504 836 aaa
532 793 606 838 cum
630 769 719 859 pullo
742 793 799 835 suo
825 771 858 836 iu
878 771 1012 836 introitu
1032 769 1093 836 vici

34 881 246 970 Bethphage
261 880 337 946 dicti
352 878 476 968 alligata
489 891 570 956 erat,
585 877 627 944 ad
642 901 676 945 se
691 878 897 955 adducerent,
913 879 1006 966 eique
1022 877 1095 944 iasi-

40 991 132 1054 dens
148 986 329 1054 Jerusalem
344 989 501 1077 ingressus
515 999 574 1054 cst.
599 987 710 1068 Quod,
729 988 999 1076 quemadmodum
1014 1011 1095 1055 con-

40 1097 158 1186 ceptis
175 1097 281 1163 verbis
294 1095 484 1185 praedictum
498 1095 633 1163 saerata
651 1094 778 1161 Christo
793 1095 913 1162 lamam
926 1097 976 1172 iri,
993 1097 1037 1162 ita
1052 1098 1092 1162 ab

43 1229 87 1270 eo
113 1205 149 1270 in
174 1203 321 1270 omnium
339 1202 441 1270 oculis
461 1204 595 1280 sactum,
613 1203 778 1270 Christum
799 1227 876 1270 eum
896 1227 964 1270 esse
985 1217 1093 1294 aperte

47 1311 253 1380 sleclarahat.
268 1313 308 1378 Et
320 1335 395 1378 eum
407 1311 476 1378 haec
490 1313 597 1378 omnia
612 1312 817 1401 contigerint,
829 1325 862 1378 et
873 1336 912 1378 ex
924 1311 1094 1401 Scripturis

48 1421 179 1489 sanctis
201 1422 472 1496 demonstrentur,
501 1419 609 1488 adhuc
635 1431 742 1487 umen
770 1421 867 1487 corde
888 1421 1091 1488 obduruistis

48 1525 136 1596 Rem
152 1531 198 1597 ita
213 1543 401 1598 ereaturam
422 1529 594 1598 Zacharias
610 1553 692 1596 unus
706 1553 746 1596 ex
765 1531 937 1596 duodecim
954 1531 1098 1619 predixit

20 1685 21 1690 κ
52 1643 105 1707 his
121 1643 254 1708 verbis:
273 1641 423 1707 «Laura
439 1641 644 1708 vehementer
659 1639 724 1705 filia
735 1639 812 1705 Sion
827 1664 835 1705 :
849 1638 963 1728 jubila,
978 1662 1099 1707 annuu-

54 1781 67 1812 ι
83 1752 129 1815 tia
145 1749 213 1815 lilia
228 1749 427 1816 Hierusalem
448 1771 456 1814 τ
473 1751 559 1816 Ilcce
573 1747 640 1814 Iler
660 1762 734 1814 taus
749 1739 853 1814 reniet
871 1749 929 1814 tibi
949 1749 1052 1836 justus
1066 1761 1099 1815 et

54 1890 69 1924 s
85 1860 214 1928 salvans
230 1860 310 1948 ipse,
327 1871 360 1925 et
375 1859 461 1924 mitis
477 1871 509 1924 et
524 1880 658 1947 pauper,
673 1869 782 1924 rectus
798 1854 954 1946 subjugali
966 1869 999 1922 et
1012 1856 1099 1946 pullo
1207 1909 1211 1917 .

58 1997 72 2030 s
89 1966 221 2033 ssiuaa¹.
242 1995 255 2028 a
271 1967 369 2045 Quod
382 1979 490 2032 autem
505 1966 640 2055 Spiritus
655 1966 862 2056 propheticus
875 1989 950 2032 cum
964 1967 1100 2054 patriar-

60 2077 125 2143 cha
147 2075 250 2142 Jacob
275 2075 463 2141 nominatim
478 2076 599 2141 asinam
614 2098 742 2165 qaoque
755 2074 893 2165 jugalem
908 2097 984 2142 cum
1003 2077 1100 2164 ipsius

59 2184 154 2274 pullo
176 2185 217 2250 ad
234 2207 317 2250 usus
338 2207 413 2249 suos
434 2186 473 2250 ab
496 2207 534 2250 eo
557 2183 731 2250 adhibitam
749 2184 841 2258 dicit;
868 2184 982 2250 deinde
1004 2185 1099 2250 ctiam

61 2294 152 2382 quod
173 2293 241 2382 ipse
261 2291 437 2381 discipulis,
462 2305 497 2358 ut
515 2294 580 2382 jam
602 2292 684 2368 dixi,-
698 2293 860 2382 pracepit,
877 2304 912 2357 nt
928 2303 1099 2381 utrumque

63 2401 182 2469 animal
204 2403 418 2475 adducerenta
448 2402 481 2468 id
503 2401 757 2492 presigailicatio
779 2413 847 2468 erat
868 2421 980 2468 eorum
1002 2404 1109 2468 etiam'

67 2513 123 2599 qui
138 2535 177 2576 cn
192 2533 349 2602 synagoga
365 2523 481 2588 restra,
498 2509 591 2578 simul
608 2533 682 2578 cum
693 2512 731 2576 iis
745 2511 799 2598 qui
810 2533 849 2576 ex
860 2513 1020 2600 gentibus,
1032 2533 1100 2578 cre

69 2617 167 2682 ditari
181 2617 214 2682 iu
229 2641 303 2684 eum
314 2631 414 2684 cram.
434 2618 715 2698 Quemadmodum
730 2621 816 2686 euim
829 2620 867 2686 iis
888 2620 943 2708 qui
961 2643 1001 2686 ex
1021 2643 1101 2709 gea-

68 2721 166 2804 tiluis,
181 2730 306 2817 signum
323 2741 392 2796 erat
412 2728 534 2818 pullus,
553 2731 696 2796 noudum
719 2731 808 2796 oneri
829 2743 990 2803 assuetum
1011 2731 1102 2796 itaot

70 2837 107 2902 iis
127 2837 178 2925 qui
194 2861 234 2904 ex
252 2851 356 2904 vestro
375 2838 506 2926 populo,
527 2841 612 2906 asina
631 2838 804 2906 clitellaria.
825 2839 906 2906 Nam
925 2862 1010 2913 eam,
1031 2863 1101 2928 quae

70 2971 127 3035 per
146 2947 316 3036 prophetas
338 2947 538 3036 promulgata
559 2959 619 3023 est,
639 2949 818 3036 impositam
841 2947 943 3036 legem
961 2948 1099 3020 habetis;

73 3057 129 3121 sed
150 3067 181 3119 ot
206 3078 225 3118 a
250 3049 405 3120 Zacharia
426 3055 581 3143 propheta
604 3055 793 3142 pradictum
815 3055 882 3120 scae
904 3067 940 3119 ut
961 3055 1029 3144 ipse
1049 3055 1103 3122 lric

76 3163 217 3227 Christus
237 3173 472 3250 percuteretur,
494 3163 627 3250 ejusque
648 3161 793 3251 discipuli
815 3163 1071 3252 dispergerentur
1092 3187 1100 3227 ε

76 3269 161 3359 quod
181 3273 214 3334 c't
235 3270 360 3334 evenit·
376 3268 547 3358 Postquam
564 3272 650 3337 enim
667 3272 756 3336 araci
772 3270 883 3338 affixus
897 3282 957 3346 est,
974 3270 1106 3357 dispersi

78 3393 148 3447 sunt
170 3379 224 3468 qui
244 3397 320 3444 cum
341 3401 379 3442 eo
398 3391 488 3444 erant
508 3373 653 3468 discipuli
672 3383 754 3469 ejus,
775 3381 880 3469 quoad
898 3380 1068 3446 resurrexit
1087 3403 1106 3446 a

78 3491 220 3566 mortuis,
235 3489 346 3578 eisque
359 3490 517 3579 persuasit
530 3491 718 3578 pradictum
734 3492 774 3556 de
790 3514 823 3556 se
838 3513 920 3565 esse,
936 3490 1004 3555 lore
1014 3491 1106 3556 atita

81 3611 256 3689 pateretur:
270 3609 366 3686 atque
377 3595 423 3663 illi
436 3596 523 3664 huuc
534 3598 1106 3678 inmodumadcredendumadduati,

84 3721 115 3774 et
126 3711 155 3776 ia
168 3721 272 3774 totum
288 3709 401 3774 orbem
415 3718 572 3773 terrarum
588 3708 723 3798 proiecti
738 3709 807 3774 haec
822 3708 1008 3776 docuerunt.
1026 3711 1109 3780 Hinc

84 3833 115 3886 et
127 3841 178 3886 nos
191 3821 224 3886 ia
239 3819 304 3886 fide
318 3831 352 3886 et
367 3818 531 3908 disciplina
547 3817 631 3888 illius
643 3812 890 3888 confirmamur}
904 3823 1020 3913 quippe
1032 3845 1108 3892 cum

116 3945 205 3996 ¹Zscla.
219 3963 253 4007 ιι,
266 3965 290 4011 9.
