2674 4618
313 257 353 299 au
375 256 556 300 armatarum
580 255 739 300 natarunt.
972 231 1037 319 475

36 364 227 448 imposturam
240 359 347 424 muudi
358 371 545 426 eterrorem
556 361 732 436 damnabis,
743 381 818 426 cum
828 381 902 426 vero
913 361 947 424 in
958 359 1044 426 coelo.

34 471 132 534 aivere
153 469 298 543 didiceris,
320 491 394 534 cum
416 470 486 556 ejus
511 493 582 557 quas
606 468 658 535 hic
680 492 765 534 mors
786 491 854 532 csse
873 479 1037 542 censetur,

33 588 221 664 contemptor
237 599 315 650 esse,
332 588 365 640 et
379 588 528 652 mortem,
544 601 614 664 qum
629 599 735 644 revera
749 587 798 641 est
812 599 914 652 mors,
927 575 1039 640 lormi-

35 685 107 748 dare
117 684 248 772 emperia,
261 705 331 768 quae
345 696 487 748 servatur
501 685 538 749 iis
552 687 607 772 qui
621 685 661 750 ad
672 684 777 771 ignem
787 695 942 748 aeternum
953 683 1042 748 dam·

36 793 196 864 mabuntur,
204 789 253 877 qui
264 789 322 854 sihi
333 789 464 856 traditos
476 791 592 856 alliciet
603 791 756 879 supplicio
765 792 805 857 ad
816 791 913 856 sanem
924 811 1035 877 usquo.
1083 839 1084 842 ,

37 898 62 960 T
66 922 125 963 unc
136 897 318 962 admirationi
336 898 394 962 tibi
407 912 501 964 erunt
515 900 569 987 qui
585 923 642 990 pro
658 900 776 987 justitia
792 900 896 987 ignem
908 899 1038 986 patiun-

38 1019 103 1076 tura
128 1016 198 1070 tunc
218 1007 321 1070 beatos
345 1005 544 1090 praedicabis,
571 1029 646 1078 cum
670 1006 776 1093 iguem
804 1005 892 1074 illum
917 1028 1037 1093 cogno-

36 1116 121 1180 veris.
677 1189 680 1196 ,
1011 1172 1016 1180 .

75 1223 133 1288 Xl.
149 1224 215 1290 Nou
233 1225 306 1290 lacio
327 1225 423 1293 verba
443 1225 483 1290 de
503 1227 599 1292 rebus
618 1226 804 1316 peregrinis,
824 1233 928 1311 neque
947 1245 1039 1288 secus

36 1353 129 1416 quam
140 1331 243 1396 rationi
253 1345 495 1403 cousentaneum
512 1335 564 1412 sit,
578 1359 684 1423 quero
699 1359 707 1398 :
723 1335 779 1400 sed
793 1355 892 1420 quum
903 1333 1039 1418 Aposto-

36 1435 134 1502 lorum
148 1438 252 1504 luerim
266 1441 448 1530 discipulus,
467 1441 510 1508 lio
525 1444 666 1531 gentium
685 1443 797 1508 doctor
816 1463 909 1526 :quae
926 1439 1040 1504 tradita

37 1557 103 1608 suut
121 1544 228 1633 (mihi)
247 1550 450 1620 subministro,
463 1549 501 1613 iis
522 1550 574 1635 qui
590 1548 733 1635 discipuli
754 1548 836 1612 liunt
851 1547 937 1635 digni
957 1547 1041 1612 veri-

37 1661 102 1715 tate.
120 1651 195 1730 Quis
208 1654 289 1718 enim
309 1654 559 1728 reaccedentes,
579 1677 644 1720 non
666 1655 771 1718 studet
790 1653 910 1718 discere
931 1666 1040 1743 aperte

39 1781 99 1842 quae
118 1781 172 1844 per
191 1759 373 1824 Sermonem
387 1759 471 1824 clare
494 1772 617 1824 ostensa
638 1771 711 1824 sunt
730 1758 903 1847 discipulis,
925 1762 1040 1846 quibus

40 1863 192 1930 declaravit
207 1865 314 1932 Sermo
330 1868 519 1954 conspicuus
535 1865 652 1939 factust
673 1865 771 1934 libere
782 1867 926 1954 loquens,
940 1893 1039 1956 quum

43 1973 78 2034 ab
92 1973 240 2038 incredulis
261 1998 327 2040 non
342 1953 580 2062 intelligeretur,
599 1975 656 2040 sed
674 1975 834 2065 discipulis
854 1988 1035 2042 enumeret:

41 2076 88 2160 qui
107 2075 250 2143 lidolesah
271 2103 311 2143 eo
327 2080 506 2156 existimati,
528 2095 744 2170 coguoverunt
757 2083 856 2148 Patris
876 2084 1033 2170 mysteria.

40 2184 125 2270 Cujus
137 2188 178 2250 rei
190 2187 285 2276 gratia
300 2187 488 2254 &amonem
501 2191 599 2266 misit,
616 2202 650 2256 ut
666 2215 683 2257 a
698 2191 819 2258 mundo
835 2193 1036 2280 conspicere-

38 2303 80 2354 tur
92 2294 159 2380 :qui
171 2317 190 2358 a
204 2294 320 2384 populo
335 2308 547 2385 contemptus,
560 2298 783 2387 Apostolorum
796 2301 955 2388 praeconio
967 2321 1039 2387 pro-

37 2399 185 2488 mulgatus,
203 2426 221 2468 a
240 2405 389 2492 gentibus
407 2418 455 2471 est
474 2406 622 2474 creditus.
641 2409 702 2474 Hic
723 2409 777 2496 qui
792 2411 831 2480 ab
848 2411 936 2476 initio
954 2422 1035 2486 eret,

37 2507 84 2592 qui
93 2531 180 2576 novus
193 2513 351 2599 apparuit,
364 2525 426 2579 etc.
441 2515 599 2591 inventus,
611 2510 643 2582 et
654 2540 778 2605 semper
789 2539 888 2583 novus
900 2519 932 2582 in
950 2539 1040 2583 sanc·

38 2625 125 2682 torum
139 2620 284 2685 cordibus
298 2644 439 2687 nascens.
460 2623 521 2690 Hic
538 2625 592 2710 qui
606 2647 742 2712 semper,
760 2624 855 2690 hodie
869 2624 967 2690 Filius
979 2625 1037 2690 ha-

38 2724 118 2799 bitus,
137 2750 190 2815 per
209 2751 306 2816 quem
327 2728 468 2796 Ecclesia
489 2730 606 2794 ditatur
628 2754 636 2796 a
657 2735 689 2796 et
710 2730 809 2819 gratia
833 2753 981 2819 expansa,
1005 2733 1037 2798 in

38 2835 133 2898 sanctis
145 2836 375 2902 incrementum
387 2837 514 2924 accipit,
529 2839 672 2926 praebens
683 2851 835 2914 mentem,
848 2839 1039 2927 patefaciens
1150 2927 1153 2932 Ι

39 2943 180 3024 mysteria,
199 2945 388 3010 annuntians
411 2956 571 3034 tempora,
594 2946 734 3035 gaudens
757 2945 1037 3035 supersidelilaua,

43 3052 226 3132 querentibus
239 3054 360 3118 donans
381 3076 389 3116 ε
410 3054 525 3142 quibus
540 3053 653 3120 limites
669 3055 743 3142 fidei
760 3079 822 3121 uon
836 3055 1038 3144 perfringun-

45 3165 195 3248 tenueque
204 3160 314 3228 limites
326 3174 454 3250 patrum
466 3163 691 3230 transiliuntur.
704 3164 826 3230 Deinde
837 3166 1039 3260 metusLegis

40 3261 211 3345 decantatur,
231 3282 264 3334 et
284 3270 516 3358 Prophetarum
538 3273 866 3361 gratielcognoscitun
883 3286 915 3338 et
933 3275 1039 3340 Evan-

36 3367 166 3456 geliorum
180 3375 446 3465 tides2stahilimr,
465 3387 498 3442 et
516 3377 738 3466 Apostolorum
752 3381 879 3446 traditio
896 3381 1039 3446 custodi·
1063 3439 1071 3455 ,

37 3490 87 3555 tur,
99 3496 126 3548 et
136 3485 283 3554 Ecclesia
293 3490 392 3577 gratia
403 3487 548 3554 exsultat.
560 3489 666 3567 Quam
678 3492 809 3578 gratiam
820 3491 962 3556 molestia
974 3515 1038 3556 non

35 3587 163 3668 alliciens,
179 3617 350 3684 cognosces
365 3619 401 3663 ea
418 3597 587 3684 dequibus
602 3596 715 3664 Sermo
730 3599 866 3674 iustruit,
882 3623 939 3688 per
957 3623 1038 3688 quos

34 3695 88 3760 vult
100 3725 191 3788 quum
211 3705 241 3770 ei
263 3703 350 3771 libet.
377 3706 596 3794 Quaecumque
617 3709 703 3772 enim
719 3707 877 3774 voluntate
899 3710 1040 3796 jubentis

36 3802 174 3878 &ruanis
188 3814 315 3880 excitati
331 3837 438 3880 sumus
460 3815 499 3880 ad
514 3813 741 3901 eloquendum,
764 3839 838 3881 cum
859 3815 979 3894 labore,
999 3843 1040 3882 ex
