2772 4620
284 267 347 346 sss
584 289 698 334 senem
720 290 841 335 tusrtru
863 289 1018 368 usserius

282 394 437 484 injustum
452 407 485 463 et
499 395 805 484 impium'numerst.
824 395 1029 486 Quapropter
1038 397 1207 466 Dominus
1223 410 1348 462 noster
1365 459 1366 494 ,

281 501 375 571 Jesus
390 503 534 572 Christus
551 504 629 569 dixit
642 527 655 568 τ
672 505 737 571 «Iu
752 505 867 592 quibus
881 527 937 572 ros
951 503 1221 597 deprehendam,
1238 505 1274 569 in
1287 505 1344 569 his

283 623 340 677 ret
354 609 545 700 judicabo»

324 718 470 786 XLVIII.
489 719 551 785 flio
564 718 696 809 Trypho
710 744 719 788 z
734 721 776 786 Et
790 723 839 788 his
854 723 894 788 de
909 723 1004 788 rebus
1014 721 1093 810 quid
1106 723 1269 798 sentires,
1281 747 1339 788 au

282 829 427 896 divimus.
446 825 605 916 Repetens
626 829 722 918 igitur
742 853 935 906 sermonem,
951 831 983 896 in
1003 855 1068 918 quo
1087 831 1255 907 desieras,
1277 833 1338 896 nb-

282 935 377 1002 solve.
403 934 484 1002 Nam
503 935 656 1004 mirabilis
677 939 806 1027 quidum
826 939 903 1006 mihi
918 937 1055 1014 videtur,
1071 953 1105 1004 et
1122 941 1186 1028 qui
1203 963 1338 1029 prorsus

283 1045 492 1113 demonstrari
506 1068 571 1112 non
589 1045 698 1135 possit.
717 1046 816 1126 Quod
829 1048 915 1113 enim
930 1047 976 1112 nis
994 1049 1215 1136 praeexstitisse
1231 1049 1335 1115 Deum

282 1169 356 1224 ante
371 1154 484 1222 saecuta
503 1155 591 1223 huno
606 1156 782 1235 Christum,
799 1179 838 1234 po
853 1156 968 1224 deinde
986 1159 1082 1222 etium
1104 1159 1204 1224 nesci
1228 1159 1334 1224 homi-

280 1291 355 1336 nem
371 1268 491 1337 sactum
508 1269 705 1347 sustinuisse,
721 1292 783 1336 nee
800 1269 964 1336 hominem
982 1293 1021 1335 ex
1036 1269 1239 1336 hominibus
1252 1295 1330 1336 esse.

280 1377 314 1444 id
325 1365 389 1444 noir
402 1375 505 1443 solum
517 1379 557 1443 eb
569 1377 717 1465 opinione
729 1378 903 1445 abhorrens
913 1377 992 1444 mihi
1003 1377 1147 1454 ridetur,
1161 1380 1329 1446 sedetiam

281 1486 425 1554 stultum.

325 1597 376 1664 Ad
390 1596 460 1664 haeo
473 1619 554 1686 ego:
570 1597 657 1675 Soio,
673 1598 817 1686 inquom,
830 1599 915 1666 huno
926 1598 1106 1664 doctrinam
1117 1600 1163 1664 uh
1177 1599 1325 1687 opinions.

281 1704 508 1772 abhorrentem
526 1704 646 1783 videri,
664 1706 839 1794 presertim
858 1705 953 1772 vestri
974 1706 1097 1794 generis
1120 1706 1321 1774 hominus.

280 1816 336 1905 qui
352 1837 422 1904 ques
443 1814 503 1881 Dei
522 1825 596 1881 sunt
616 1837 678 1880 nee
696 1811 870 1903 intelligere
892 1836 952 1880 neo
970 1814 1075 1880 faeere
1097 1837 1254 1902 unquam
1272 1839 1321 1878 re

280 1922 395 2000 luistis,
416 1925 473 1991 sed
493 1947 565 2013 quse
585 1925 809 2013 magistrorum
826 1934 1021 1998 vestrorum,
1042 1923 1318 2010 quemadmodum

281 2036 348 2123 ipse
358 2034 445 2101 Deus
458 2031 603 2100 olamut¹.
614 2032 678 2100 Sed
689 2046 809 2110 tamen,
819 2031 963 2120 Trypho,
975 2055 1186 2120 nequaquem
1200 2035 1317 2100 irritum

280 2153 313 2206 et
334 2140 488 2206 infectum
509 2139 571 2205 erit
593 2138 681 2227 quod
701 2138 927 2215 demonstrari,
950 2137 1039 2204 huno
1060 2160 1131 2202 esse
1155 2139 1314 2206 Christum

279 2249 353 2325 Dei,
374 2249 400 2314 si
420 2247 638 2330 demonstrare
655 2269 721 2314 non
739 2247 859 2336 possim
881 2245 970 2312 illum
994 2247 1090 2313 etiam
1110 2251 1310 2335 praeextit'sre

279 2356 398 2424 Filium
415 2356 574 2423 Creatoris
590 2357 822 2433 universorum,
834 2357 938 2424 Deum
953 2357 1156 2434 existentem,
1169 2373 1210 2425 et
1226 2359 1303 2426 honi

281 2487 357 2530 nem
377 2485 417 2530 ex
436 2462 563 2553 Virgine
581 2465 724 2554 genitum
743 2487 821 2531 esse.
845 2465 909 2533 Sed
924 2487 999 2532 cum
1018 2467 1151 2534 omnino
1166 2469 1310 2535 demons-

285 2583 405 2638 trstum
420 2571 460 2638 sit
474 2571 562 2638 buno
576 2593 644 2637 esse
656 2572 817 2638 Christum
828 2573 900 2649 Dei,
917 2571 1159 2662 qualiscumque
1170 2574 1228 2640 itte
1242 2575 1313 2646 sit²t

283 2681 309 2748 si
321 2681 427 2748 miuus
440 2679 698 2748 demonstravero
708 2681 910 2771 praeortitisse
921 2694 954 2747 et
964 2681 1128 2748 hominem
1143 2686 1316 2772 perpessio

282 2791 376 2856 nibus
391 2788 506 2856 nostris
521 2789 706 2867 obnoxium,
720 2802 753 2856 et
763 2812 892 2858 curnem
904 2790 1076 2857 habentem
1088 2792 1186 2868 nasei,
1202 2815 1317 2858 secun-

283 2899 360 2966 dum
375 2899 476 2965 Patris
491 2896 686 2966 voluntatem
702 2899 903 2974 sustinuisse:
920 2901 954 2967 in
968 2900 1032 2967 hoc
1047 2912 1165 2967 tantun
1178 2922 1312 2985 equuus

283 3006 377 3072 suerit
398 3029 449 3073 me
470 3029 590 3074 errasse
611 3007 729 3083 dioere,
751 3030 952 3096 nequaquam
971 3019 1080 3076 autem
1101 3031 1209 3099 negare
1230 3031 1314 3074 eum

283 3115 448 3182 Christum
462 3139 543 3192 esse,
557 3117 680 3184 etiamsi
696 3117 793 3184 homo
807 3139 852 3182 ex
870 3117 1052 3186 hominibus
1066 3120 1191 3209 genitus
1206 3118 1318 3184 ridea-

282 3240 347 3304 tur,
357 3249 417 3294 nee
425 3226 597 3316 quidquam
605 3227 739 3317 amplius
748 3230 994 3304 demonstretur,
1007 3231 1066 3296 nisi
1076 3253 1151 3296 eum
1159 3230 1319 3298 electione

284 3349 516 3424 consequutum
536 3359 605 3404 esse
623 3349 658 3402 ut
679 3337 823 3404 Christus
839 3351 931 3406 esset.
963 3338 1046 3404 Sunt
1063 3339 1149 3406 enim
1172 3339 1319 3428 quidam,

283 3446 390 3521 amici,
403 3469 442 3510 ex
457 3467 572 3534 genere
588 3445 730 3521 nostro²,
746 3446 800 3535 qui
816 3471 891 3514 eum
903 3429 1065 3515 Christum
1076 3471 1145 3514 osse
1154 3449 1321 3516 confiten-

284 3567 348 3632 tur,
363 3554 507 3642 quamvis
518 3554 681 3622 hominem
692 3578 732 3620 ex
742 3554 924 3622 hominibus
935 3557 1077 3645 genitum
1088 3559 1318 3646 pronuntientt

317 3721 404 3771 ¹Brai.
416 3739 473 3771 uix
499 3723 535 3772 ιδ.
645 3745 648 3750 ’

317 3805 399 3855 ²Vide
408 3756 525 3872 prgirism
537 3809 715 3874 quoindicem
723 3813 1082 3881 sequitur,adintelligtntium
1093 3815 1319 3880 hujussentontiae.

317 3890 328 3928 ὓ
340 3889 402 3942 vide
412 3893 529 3958 peginam
539 3911 594 3960 que
604 3895 720 3948 ludiemu
730 3900 851 3964 sequitur.
