2516 4636
333 311 458 356 cunrat
481 311 632 356 narrans.
939 295 1031 358 565-

19 445 36 480 e
55 419 134 486 Hic
152 418 224 486 erit
236 439 383 507 magnus,
396 417 537 485 etFiliue
548 417 699 486 Altircimi
715 422 894 498 vocabitur,
909 433 941 486 et
952 423 1005 487 da·

17 529 55 594 ei
75 527 258 596 Dominus
274 526 426 592 thronum
443 526 542 593 Dauid
557 529 653 619 petris
667 528 751 604 eui¹3
772 553 877 598 »eum
891 532 946 619 qui
966 531 1006 596 eit

16 659 35 702 s
58 633 252 710 Altiasimi,
272 632 361 702 bunc
376 632 528 700 eumdem
544 645 576 700 et
597 635 699 702 David
717 635 819 704 fliium
836 637 1002 706 confitens.

14 768 42 810 rs
68 755 109 809 et
127 742 244 811 David
263 741 502 830 dispositionem
522 741 676 810 adrentus
697 768 753 834 per
775 745 930 836 Spiritum
950 767 1008 812 co-

14 873 127 930 cene,
156 873 222 942 per
250 872 347 938 quum
372 849 539 918 dominans
564 863 614 920 ert
635 855 779 924 omnium
804 856 949 924 virorum
975 867 1008 920 ct

14 975 183 1036 tuorum.
214 959 391 1030 Dominum
413 982 490 1027 eum
505 960 668 1030 consertus
693 975 753 1038 eat,
776 963 939 1032 sedentem
967 963 1007 1028 nd
1058 991 1060 994 ·

14 1095 101 1138 uum
118 1069 231 1138 Patris
243 1068 386 1138 altireimi
401 1067 425 1136 ².

14 1193 33 1246 t
52 1181 202 1248 Simeon
214 1192 324 1250 eutem
335 1177 401 1254 itte,
413 1180 468 1268 qui
480 1201 668 1269 manentum
678 1192 875 1270 eccepernte
888 1181 1008 1272 Spiritu

14 1301 169 1366 uto,non
181 1289 325 1358 visurum
340 1311 415 1354 euru
431 1301 580 1364 mortem,
596 1289 657 1357 nisi
672 1290 760 1378 prius
775 1289 1010 1356 videretChris-

14 1425 22 1464 ι
43 1398 183 1473 «Iesum,
209 1397 296 1466 buno
313 1397 461 1464 manibus
479 1397 639 1486 accipiens
657 1397 796 1487 Virginie
816 1399 1011 1488 primogeni-

14 1533 39 1584 ι,
63 1506 377 1596 Βοηθάἰκίιᾜουω.
400 1517 432 1574 et
447 1505 526 1576 dixit
544 1529 553 1572 r
577 1532 590 1568 a
610 1507 704 1582 Nune
725 1507 857 1574 dimittis
884 1529 1011 1573 serrum

14 1643 94 1695 tum,
115 1618 274 1693 Domine.
291 1617 470 1686 secuudum
487 1619 622 1686 verbum
642 1632 734 1684 tuum
755 1619 788 1684 in
808 1639 914 1707 pace:
937 1618 1010 1706 quia

14 1730 145 1795 iderunt
162 1726 249 1796 oculi
264 1728 327 1794 mei
347 1727 484 1794 salutare
500 1740 593 1794 tuum
611 1752 619 1794 ε
637 1728 724 1816 quod
739 1727 856 1818 perusti
874 1740 948 1804 unte
965 1727 1012 1792 sa-

14 1836 235 1904 iemomnium
242 1833 1010 1926 populorum,iumenadrevelationemgentium,

14 1959 26 2012 t
46 1944 185 2034 glorium
201 1943 309 2034 populi
332 1945 378 2011 tui
397 1943 534 2018 lsrael⁸3
553 1945 736 2013 »infantem
753 1969 850 2034 quem
865 1946 897 2011 in
914 1947 1013 2012 mnni-

14 2077 29 2118 s
44 2054 196 2143 portubut
210 2052 336 2128 desum,
352 2065 463 2120 uatum
477 2075 517 2118 ex
527 2052 638 2129 biario,
653 2053 757 2142 iprum
772 2052 929 2121 confitens
943 2075 1012 2118 erse

14 2163 138 2230 trintum
152 2160 271 2228 Filium
291 2161 363 2239 Dei,
383 2159 493 2228 lumen
512 2161 692 2237 bominum,
715 2173 748 2227 et
764 2161 897 2250 gloriam
914 2160 1011 2250 ipsius

14 2271 85 2349 uel,
98 2283 131 2338 et
144 2292 258 2360 paoem
276 2280 310 2336 et
326 2269 525 2360 refrigerium
541 2293 653 2338 eorum
668 2271 723 2360 qui
739 2271 772 2338 in
788 2269 1012 2336 dormitionem

14 2393 94 2448 runt.
111 2382 184 2449 Jem
199 2381 285 2449 euim
301 2379 455 2470 spoliabat
466 2380 623 2457 bominee,
640 2379 786 2449 auferens
801 2379 1012 2469 ignorantiam

14 2514 134 2568 eorum,
150 2512 238 2558 ruam
253 2503 360 2558 eutem
378 2491 572 2580 agnitionem
590 2490 635 2556 eis
657 2491 792 2564 donans,
810 2501 844 2554 et
863 2488 1012 2577 disparti-

14 2623 101 2668 rnem
119 2600 233 2668 boiens
250 2623 363 2668 eorum
379 2601 434 2688 qui
449 2601 686 2690 cognoscebant
701 2621 789 2673 cum,
806 2597 1011 2686 quemadmo

14 2735 60 2780 um
74 2712 174 2780 Eudae
189 2733 197 2778 τ
216 2737 230 2772 a
245 2711 346 2788 voca,
362 2711 478 2801 inquit,
493 2733 612 2778 nomen
626 2709 709 2797 eiua,
723 2707 884 2775 Velociter
898 2706 1010 2795 spolie,

14 2820 149 2890 celeriter
159 2821 322 2910 dispaatiae
331 2820 353 2884 ‘.
363 2821 462 2888 »Haec
477 2830 551 2886 eunt
569 2829 677 2885 eutem
688 2839 783 2905 opere
796 2815 926 2883 Christi.
939 2817 1011 2903 lpae

14 2933 80 3014 itur
103 2943 168 2998 erat
185 2929 346 3003 Christus,
372 2950 470 3014 quern
492 2937 622 3014 portans
645 2923 776 2992 Simeon
798 2923 1011 2992 benedicebat

14 3039 189 3109 bissinum
212 3057 310 3123 quem
328 3043 470 3122 pactores
492 3054 568 3100 curn
587 3031 757 3112 vidissent,
790 3031 1011 3122 glorificabant

14 3161 107 3219 teum;
120 3167 208 3232 quem
222 3143 376 3218 turinnes.
389 3163 465 3208 cum
476 3139 583 3210 adhuc
594 3140 628 3206 in
643 3153 753 3208 ventre
765 3144 874 3212 metris
885 3165 949 3210 aum
964 3167 1012 3209 es·

14 3268 54 3330 et,
68 3264 98 3318 et
110 3251 156 3318 iile
170 3251 200 3318 in
215 3249 306 3318 vulvu
322 3247 441 3325 Merite,
454 3248 628 3316 Dominum
641 3271 851 3340 cognoscens,
866 3250 1011 3318 exultans

14 3361 154 3434 elutubutr
166 3353 262 3448 'quem
283 3357 366 3448 Magi
388 3358 543 3434 videnter,
559 3371 593 3428 ot
613 3359 796 3438 adorentur,
819 3374 852 3428 et
873 3361 1011 3430 afferen-

14 3493 177 3544 remunera
195 3492 269 3560 que
284 3469 499 3560 praediximus,
515 3483 548 3537 et
570 3474 806 3540 substernentes
827 3473 1012 3564 semetipsos

14 3598 110 3652 eterno
123 3579 201 3670 Regi,
220 3603 279 3670 per
292 3577 425 3648 alteram
441 3580 584 3648 abierant
600 3581 696 3656 dum,
713 3603 777 3648 non
797 3583 863 3671 jem
877 3605 935 3672 per
950 3583 1011 3650 Ae-

14 3693 143 3784 tyriorum
162 3699 349 3758 revertentes
371 3691 464 3758 viam.
492 3717 505 3749 α
528 3688 715 3778 Priusquam
734 3691 819 3756 enirn
840 3705 1010 3782 cognoscet

14 3825 101 3894 ‚puer
113 3823 210 3868 vocure
225 3811 361 3888 patrem,
383 3811 438 3866 aut
457 3811 606 3876 matrem,
628 3801 763 3889 accipiet
782 3801 931 3870 virtutem
949 3804 1010 3868 ltr-

41 3935 108 3980 ⁵bue.
119 3950 134 3991 ι,
144 3931 176 3978 ba.
188 3958 216 3968 -
228 3929 238 3962 ²
249 3930 313 3978 Peri.
324 3946 374 3988 rix,
391 3947 413 3978 r.
426 3957 456 3967 -
468 3929 477 3962 ⁵
490 3930 552 3978 bric.
565 3948 592 3990 rr,
605 3945 634 3993 ²9
644 3939 669 3978 rt
680 3947 751 3994 seqq.
764 3930 813 3968 ,t
824 3930 889 3978 Enni.
902 3947 957 3988 νιιι,
969 3931 989 3979 3.
