2516 4636
257 289 319 376 ⁵7²
504 351 506 356 ,
575 311 689 356 saecri
713 312 827 357 sannas
852 313 913 358 ua.
942 313 978 358 ιιι

255 421 328 510 ipse
338 423 392 510 qui
405 421 531 511 agnitus
541 429 590 486 est
601 443 619 486 a
631 419 725 487 Petro
736 421 895 496 Christus,
907 423 964 510 qni
975 443 1044 486 enm
1053 421 1206 487 senene

253 533 405 620 qnoniam
419 531 555 597 Paterni
569 529 721 598 revelavit
734 530 851 598 Filium
866 533 926 598 Dei
943 532 1017 608 riri,
1036 531 1110 606 dixit,
1121 535 1196 618 nostr

254 661 326 707 sum
341 651 489 730 oportere
504 638 604 706 mnltn
619 639 684 729 pati
699 653 732 706 et
747 639 910 730 crucifigis
934 653 970 706 et
984 653 1057 706 tune
1068 641 1139 705 Petro
1151 643 1199 704 inne

253 751 352 840 parit,
375 749 553 816 secundnm
573 751 756 840 opinionem
783 751 953 818 hominnm
980 754 1093 840 putanti
1111 775 1199 816 ennea

256 861 431 936 Christum,
447 870 480 925 et
494 861 674 950 passionem
687 863 757 950 ejus
772 863 944 948 aversanti,
963 875 997 928 et
1012 861 1081 927 dixit
1094 859 1201 948 decipi:

261 969 324 1036 «si
339 969 410 1057 quia
423 968 492 1036 ruit
514 981 588 1060 post
609 993 662 1038 me
685 971 805 1048 venire,
827 984 924 1061 neget
942 995 993 1048 se,
1007 985 1040 1036 et
1061 970 1204 1036 toiirtenm

254 1101 386 1156 senam,
401 1092 434 1146 et
456 1092 609 1169 aequatur
624 1105 686 1148 me.
704 1082 770 1162 Qui
790 1083 876 1150 enim
896 1083 1036 1150 voluerit
1051 1082 1203 1148 aninsnnr

254 1186 414 1265 rasiare,
430 1191 543 1279 perdet
557 1189 643 1256 iliam
660 1213 669 1256 ι
687 1203 720 1256 et
735 1193 790 1280 qui
804 1215 876 1258 enm
892 1193 1070 1282 perdiderit
1082 1203 1199 1280 propter

255 1295 415 1366 »salvabit
434 1299 536 1367 eam'.
560 1301 663 1368 ritmo
684 1303 772 1368 enim
795 1303 941 1369 Christus
964 1301 1119 1369 manifeste
1137 1300 1198 1364 tet

254 1406 322 1495 ipae
335 1407 472 1474 existens
493 1407 638 1476 Salvator
661 1432 773 1477 eorum
789 1411 843 1502 qui
865 1425 1003 1502 propter
1017 1433 1101 1478 snam
1113 1409 1202 1474 enies·

255 1537 330 1582 nem
344 1515 378 1582 in
393 1529 530 1583 mortem
548 1518 762 1595 traderentur,
778 1530 811 1584 et
826 1521 1002 1608 perderent
1016 1521 1124 1585 animss
1135 1541 1183 1581 snas

299 1625 333 1692 si
355 1639 463 1693 autem
482 1627 550 1716 ipso
570 1651 635 1695 non
654 1642 723 1694 erat
741 1651 904 1718 passurus,
926 1631 987 1698 sed
1010 1627 1135 1696 avolaret
1147 1650 1158 1690 ι
1170 1626 1197 1688 ts

253 1736 331 1823 qaid
346 1735 575 1803 adhortabatur
594 1736 766 1826 discipulos
788 1737 900 1806 tollere
915 1763 1064 1817 ornnem,
1083 1749 1111 1805 et
1126 1735 1196 1821 equis

255 1869 352 1935 quom
373 1847 441 1935 ipse
458 1869 524 1912 non
547 1845 681 1914 tollebat
702 1849 880 1916 seormdum
899 1850 1001 1941 ipsos,
1022 1849 1076 1916 sed
1094 1843 1198 1930 relinqu&

256 1954 495 2045 dispositionem
515 1953 691 2043 passionis?
707 1957 867 2036 Quoniam
883 1958 971 2024 enim
987 1981 1055 2024 non
1072 1957 1108 2022 da
1125 1951 1198 2041 ignitie

256 2064 427 2154 superioris
439 2063 546 2130 erneis
563 2062 641 2128 dicit
655 2062 730 2140 hoo,
748 2067 1024 2154 quemadmodum
1038 2059 1196 2156 quidennis

255 2196 428 2263 exponere,
436 2173 492 2240 aed
503 2173 545 2238 de
555 2172 700 2262 passione
711 2196 808 2262 qnam
819 2177 990 2265 oportebat
1003 2175 1093 2243 ilium
1102 2169 1197 2264 pride

255 2281 403 2372 disoipuli
420 2285 491 2372 ejna
509 2282 654 2350 futurum
675 2297 744 2351 erat
763 2298 799 2350 ut
815 2297 1017 2376 poterentur,
1046 2275 1194 2352 intuitui}

255 2413 422 2481 anumque
437 2393 524 2458 enim
545 2390 711 2459 salvaverit
731 2394 870 2462 animam
891 2417 997 2472 suam,
1016 2395 1123 2486 perdet
1139 2393 1189 2455 ott

256 2502 337 2591 aqui
351 2501 538 2591 perdiderit,
554 2502 694 2569 inveniet
708 2525 791 2569 eam.
806 2532 819 2566 a
835 2505 874 2568 Et
893 2508 1049 2594 quoniam
1065 2501 1198 2595 passurisi

256 2612 402 2703 discipuli
417 2614 488 2703 ejus
503 2625 634 2703 propter
649 2637 738 2691 enm,
753 2614 881 2682 dicebat
895 2616 1018 2684 Jndaeis
1037 2643 1046 2683 τ
1065 2605 1199 2683 «need

255 2724 325 2791 rad
339 2747 395 2790 vos
410 2724 594 2814 prophetas,
611 2737 643 2790 et
658 2725 828 2815 sapientes,
844 2739 877 2792 et
891 2727 1056 2804 doctores,
1072 2739 1104 2793 et
1115 2747 1143 2789 er
1154 2714 1199 2784 iit't

256 2833 446 2901 steriioietis
464 2845 497 2900 et
515 2833 739 2924 crucifigetis&
755 2836 822 2902 aEt
839 2835 1001 2925 discipulis
1018 2837 1146 2904 dioelrat:
1159 2823 1197 2888 «it

256 2943 382 3012 aduoes
399 2955 433 3010 et
449 2967 539 3034 reges
558 2944 680 3011 stabitis
701 2959 833 3034 propter
850 2964 915 3022 me,
935 2959 968 3014 et
988 2969 1031 3012 ex
1046 2945 1125 3014 vobis
1139 2929 1211 3022 ssepi*

255 3082 269 3118 ι
284 3055 379 3132 bunt,
393 3067 427 3120 et
442 3053 646 3132 interficient,
661 3067 696 3120 et
709 3069 940 3148 persequentur
954 3079 972 3122 a
987 3057 1111 3124 civitate
1124 3052 1147 3116 in
1157 3043 1203 3111 tiit

256 3194 271 3229 s
287 3165 383 3233 tem⁸.
408 3164 566 3234 »Sciebat
588 3165 685 3253 igitur
699 3176 732 3230 et
752 3187 807 3230 eos
822 3167 877 3254 qni
895 3167 1138 3256 persecutionem
1149 3167 1205 3243 paen

257 3289 374 3354 essent,
396 3277 518 3342 sciebat
531 3289 564 3342 et
578 3299 632 3342 eos
648 3276 702 3364 qui
718 3275 869 3366 flagellari
883 3287 917 3344 et
932 3277 1036 3344 occidi
1051 3276 1206 3347 haherent·

256 3401 328 3479 pter
345 3409 431 3453 eum.
450 3387 490 3451 Et
509 3409 574 3452 non
591 3384 689 3451 altera
709 3385 748 3451 de
767 3407 877 3492 erupe,
894 3386 950 3452 sed
965 3387 1006 3452 de
1028 3384 1151 3477 passione
1165 3384 1207 3458 pra

255 3519 404 3584 passurus
420 3505 503 3562 osset
525 3495 592 3583 ipse
610 3493 709 3583 prior,
731 3507 803 3582 post
825 3495 940 3561 deinde
959 3492 1101 3586 discipuli
1114 3481 1208 3575 ejusffl‘

256 3627 332 3695 ergo
351 3627 457 3672 sermo
477 3605 561 3694 ejus,
585 3604 783 3672 adhortantis
800 3606 896 3670 etiam
918 3602 988 3670 illos
1004 3629 1014 3669 ε
1031 3591 1207 3672 ardenne

255 3735 336 3778 aeos
352 3714 407 3802 qni
423 3713 576 3780 occidunt
591 3735 721 3803 eorpus,
733 3713 872 3780 enimam
887 3727 994 3780 antem
1006 3737 1071 3780 non
1086 3708 1208 3800 possuntt·

255 3822 418 3890 »ciderez
442 3825 551 3890 timete
572 3835 680 3889 autom
699 3823 798 3912 magis
818 3847 892 3889 eum
913 3825 967 3913 qui
987 3823 1080 3891 habet
1094 3814 1205 3910 potest!itm

284 3953 293 3987 ¹
304 3953 395 4004 trusit.
408 3968 461 4011 arr,
472 3952 513 4010 at,
524 3950 562 4002 25.
576 3979 607 3990 --
618 3950 630 3986 ²
640 3951 733 4002 Matth.
745 3967 817 4012 xxrrr,
827 3952 867 4010 54.
881 3979 913 3991 -
925 3952 934 3984 ³
947 3951 1038 4002 Mettis.
1050 3946 1184 4011 ;‚1snscrs·
