2516 4636
293 275 355 344 ida
609 297 723 348 assera
745 299 860 348 aaaaar
881 301 945 346 ara.
972 301 1009 348 ιιι

294 435 309 472 s
323 405 395 499 galil
414 405 491 476 Jesu
506 407 623 476 Christi
641 409 714 479 Filii
728 409 800 488 Dei,
819 407 1085 499 quemadmodum
1098 409 1195 497 seriptn

293 519 355 586 riu
375 517 565 608 Prophetis:
587 519 685 596 Eece,
704 520 798 586 mitto
815 517 978 610 Angelum
997 541 1096 584 mmm
1108 519 1202 585 note

293 639 423 703 atnam,
441 627 495 714 qui
515 627 705 716 praeparabit
719 629 803 696 viam
821 640 921 694 tuam.
945 627 1020 696 Vox
1036 626 1204 694 elammtiriu

294 749 405 803 »serto
429 757 438 800 ι
466 733 577 802 Parate
599 738 682 804 uam
704 738 844 812 Domini.
868 749 976 804 rectas
995 736 1084 806 facite
1101 738 1205 802 auitas

295 846 427 914 »Deum
449 845 657 914 nostruin'.»
676 845 839 914 llauiieste
858 847 991 914 initium
1013 843 1150 934 Evangelii
1162 867 1206 909 uto

295 977 371 1022 oens
398 966 580 1022 sauctorum
602 955 835 1046 Prophetarum
856 979 974 1033 rocos,
999 969 1033 1023 et
1054 980 1120 1022 euru
1137 957 1207 1043 quui

294 1063 468 1134 Dominum
489 1076 523 1132 et
544 1066 649 1133 Deum
670 1066 805 1134 confessi
828 1078 915 1144 sunt,
944 1067 1039 1134 huno
1057 1065 1207 1132 Patreulu

292 1172 394 1240 nostri
407 1171 485 1239 Jeeu
503 1171 620 1239 Christi
635 1185 894 1262 praemonstrans,
910 1173 969 1263 qui
984 1185 1021 1240 et
1033 1171 1208 1263 promiseritil

294 1279 400 1372 gelum
415 1305 509 1348 sumn
519 1293 593 1349 aute
607 1281 720 1349 laeiem
736 1283 1012 1373 ejuamissurums
1031 1282 1083 1371 qui
1095 1279 1207 1346 mallan

293 1391 333 1456 in
353 1392 476 1480 spirita
496 1407 527 1458 et
548 1391 671 1458 uirtute
690 1391 799 1458 Helice
819 1389 963 1460 olamans
984 1391 1027 1459 in'
1043 1413 1156 1457 eremo:
1170 1387 1208 1450 ih}

293 1498 405 1565 »vim
414 1497 555 1575 Domini,
565 1508 668 1565 rectu
675 1497 769 1566 facite
779 1499 905 1566 amitas
915 1511 997 1565 ante
1010 1497 1108 1566 Deum
1116 1507 1209 1575 naeu

294 1608 455 1689 Quoniam
469 1607 599 1697 quidem
613 1631 679 1676 nou
693 1607 789 1676 alium
804 1621 838 1677 et
855 1607 956 1676 alium
973 1608 1133 1698 Propheta
1208 1611 1209 1630 ¹

292 1721 371 1788 hant
385 1719 502 1797 Deum
518 1719 574 1786 sod
589 1741 691 1785 uuum
704 1731 738 1786 et
752 1717 915 1797 eumdem,
928 1719 1031 1786 variis
1045 1729 1140 1785 auten
1153 1715 1200 1801 sig:

293 1827 447 1908 tionibus,
461 1841 495 1896 et
509 1826 618 1896 multis
640 1827 902 1920 appellationibus
921 1853 930 1896 ι
952 1829 1078 1897 multus
1091 1827 1193 1895 enine:

294 1935 401 2018 Pater,
411 1939 682 2028 quemadmodum
689 1940 722 2007 iu
733 1963 773 2006 oo
783 1937 865 2006 lihro
875 1939 930 2030 qui
941 1953 1022 2006 ante
1036 1939 1118 2006 huno
1129 1945 1199 2002 uim

293 2069 379 2128 mua,
395 2063 429 2116 et
438 2073 478 2117 ex
487 2051 563 2141 ipsis
573 2061 682 2117 autem
691 2049 857 2140 Prophetis
867 2051 1069 2139 prooedente
1083 2045 1198 2115 uoltu·

292 2160 506 2228 ostendemus.
520 2161 558 2228 lu
573 2159 638 2227 line
651 2171 759 2226 autern
773 2159 934 2250 Evangelii
948 2162 998 2227 ait
1012 2160 1133 2228 hlamus
1144 2151 1196 2218 :rit

294 2267 396 2334 »dem
409 2269 564 2336 Dominus
578 2269 684 2344 Josus,
700 2279 867 2358 postquam
888 2267 1021 2337 loeutus
1044 2281 1093 2335 est
1107 2267 1206 2338 eiam·

296 2391 375 2444 seat
389 2379 422 2444 in
439 2377 550 2454 coeloa,
573 2390 607 2444 et
629 2377 719 2444 sedet
739 2378 781 2444 ad
802 2377 966 2445 dexterum
985 2379 1088 2452 Dei⁸3
1108 2369 1191 2441 aad&

292 2487 380 2578 quod
403 2509 420 2554 a
441 2485 599 2577 Propheta
621 2487 746 2552 dietum
767 2497 815 2552 est
834 2508 843 2550 ε
863 2512 876 2548 ι
899 2485 993 2552 Dixit
1013 2486 1150 2556 Dominus
1182 2470 1183 2478 ἵ

292 2625 307 2662 s
321 2622 394 2667 meo
409 2621 419 2664 r
436 2598 521 2665 Sede
535 2620 554 2664 a
571 2597 688 2664 dextris
702 2598 796 2674 meis,
811 2597 1024 2688 qaroadusque
1045 2617 1144 2688 ponant

291 2736 307 2773 a
321 2721 393 2776 tuos
407 2706 646 2799 suppedaneum
657 2707 777 2797 pedum
788 2706 947 2774 tuorom‘.
962 2734 977 2771 a
991 2707 1050 2775 sie
1060 2705 1159 2796 quiden

290 2818 377 2887 idem
392 2819 477 2885 Deua
493 2829 525 2884 et
538 2817 632 2884 Pater
644 2829 706 2896 est,
722 2819 808 2906 quia
827 2817 996 2908 Prophetis
1010 2818 1129 2910 quidem
1142 2822 1194 2876 ut*

290 2941 355 3006 tus,
371 2929 411 2994 ah
426 2925 597 3019 Evangelio
615 2949 691 2993 roro
714 2925 862 3003 traditus,
877 2950 974 3017 quem
989 2923 1143 2995 Christiani
1153 2906 1204 2981 cdr‘

289 3051 323 3104 ot
337 3036 495 3128 diligimus
509 3061 549 3104 ex
562 3048 634 3105 toto
648 3037 758 3115 eorde,
774 3037 929 3108 lactarem
942 3038 1019 3108 uoeli
1033 3050 1065 3105 et
1078 3034 1197 3104 tuml-

290 3149 380 3217 nium
395 3171 465 3238 que
479 3148 513 3215 iu
526 3147 572 3215 eis
591 3158 675 3214 sunt.

338 3357 379 3429 3⁰
397 3363 450 3430 Ex
466 3363 605 3432 Ioanne
622 3361 848 3460 Evangelieta
862 3365 895 3434 ἰ

330 3551 531 3620 llanelidem
544 3557 735 3626 manliana
752 3557 892 3628 Joannes
911 3557 1040 3628 Domini
1057 3543 1181 3640 disdptlt‘·

288 3657 356 3728 ¹⁶¹1!
369 3683 428 3750 1²²¹
441 3663 604 3755 Evangelii
615 3667 894 3738 annuntiationem
915 3667 1040 3738 auferre
1053 3686 1115 3734 eum
1127 3651 1178 3745 pit
