2516 4636
4 321 7 364 ι
348 331 471 378 carran
494 323 645 378 nnuman
947 311 1010 402 507

4 459 106 506 mum
119 452 166 507 eat
181 439 252 529 quia
267 438 356 506 dabit
370 438 459 506 robis
468 437 478 473 ¹
488 437 503 504 l
514 466 527 502 ι
540 436 735 528 significans,
750 437 902 526 quoniam
913 441 1013 530 quiin

7 549 105 616 ·dica
127 547 295 638 temporali
312 548 377 616 rita
395 547 509 638 ingrati
525 546 699 614 extiterunt
723 546 753 612 ci
768 547 824 636 qui
842 569 913 615 eam
931 570 1014 639 praa·

4 661 70 736 tit,
87 661 172 748 juste
183 683 248 728 non
260 659 485 750 percipientab
497 681 536 725 eo
547 659 580 726 in
595 655 746 726 sarnum
762 659 869 728 saculi
881 657 1016 752 tongttn

3 792 90 838 uem
105 769 239 836 dicrum.
952 789 953 794 ¹

6 877 118 944 Sicut
131 889 240 944 autem
254 897 370 967 corpus
381 873 530 951 animale,
542 875 647 966 ipsum
660 875 790 964 quidam
803 895 869 942 non
882 887 932 942 eat
946 875 1017 944 ani·-

3 1011 42 1066 ι,
66 988 276 1077 participatur
291 999 399 1052 autam
424 983 564 1052 animam
582 983 789 1072 quoadusque
811 985 898 1052 Deus
920 984 1014 1054 vulti

3 1125 13 1162 ι
42 1110 78 1164 et
97 1098 203 1166 anima
221 1098 289 1187 ipsa
304 1096 433 1185 quidem
448 1118 513 1162 non
531 1106 580 1162 est
595 1095 672 1170 rita,
689 1095 895 1185 participatur
910 1107 1018 1164 autem

4 1207 84 1273 Deo
100 1207 160 1274 sibi
174 1205 347 1296 praestitam
361 1205 470 1270 vitam.
490 1201 581 1270 Unda
596 1215 629 1269 ct
639 1201 848 1292 Propheticua
858 1225 963 1273 sermo
979 1207 1019 1274 dc

3 1314 182 1406 ·otoplasto
200 1315 266 1380 ait:
283 1313 424 1380 «Factus
442 1323 489 1377 est
507 1311 541 1378 in
558 1312 697 1378 animam
714 1313 839 1380 viram²
853 1337 862 1380 ι
874 1341 888 1378 ι
901 1315 1019 1384 domna

3 1449 55 1502 rs,
72 1424 224 1514 quoniam
239 1422 416 1492 secundum
432 1421 709 1513 participationem
726 1424 797 1490 vitae
817 1425 923 1492 virens
937 1426 1020 1495 lacta

5 1547 24 1600 t
48 1535 170 1609 animat
189 1534 232 1599 ita
247 1543 284 1598 ut
297 1531 465 1621 separatim
480 1529 610 1620 quidem
625 1530 730 1598 anima
746 1531 952 1624 intelligatur,
969 1561 1020 1604 see
1061 1565 1063 1568 ·

1 1643 122 1710 anatim
133 1653 253 1718 autem,
263 1660 336 1729 quae
351 1663 424 1730 arga
436 1659 507 1706 eam
520 1651 581 1715 est,
592 1640 665 1707 vita·
680 1640 749 1708 Deo
760 1641 866 1732 itaqua
878 1645 976 1714 vitam
989 1659 1023 1713 et

1 1767 174 1845 arpetuam
195 1751 463 1843 perseverantiam
486 1748 636 1848 donante,
661 1751 747 1840 capit
767 1761 801 1848 ct
817 1753 938 1821 animas
955 1756 1024 1844 pri.

1 1889 76 1932 rum
92 1887 158 1932 non
173 1863 343 1929 existentes
361 1861 477 1932 dehinc
495 1881 709 1950 perseverare,
728 1883 804 1929 cum
823 1887 876 1931 aaa
890 1864 977 1932 Deus
992 1877 1025 1934 ct

1 1997 56 2041 aso
70 1984 103 2039 ct
117 1972 289 2040 subsistere
303 1967 448 2039 voluerit.
469 1968 644 2058 Principari
659 1969 745 2036 enim
761 1971 857 2039 debat
871 1973 904 2040 iu
919 1975 1025 2042 omni-

1 2107 62 2158 ιιι,
81 2095 116 2149 et
133 2081 289 2149 dominari
308 2077 450 2146 voluntas
468 2077 545 2154 Dan
566 2076 687 2169 reliqua
704 2092 811 2150 autem
825 2083 932 2151 omnia
947 2084 1025 2152 huic
1102 2071 1106 2078 ¹

23 2194 119 2270 dero,
138 2205 172 2261 et
189 2191 315 2260 subdita
332 2213 415 2268 esse,
433 2202 465 2257 et
483 2189 516 2258 in
534 2189 694 2258 servitium
710 2191 825 2258 dedita.
844 2194 886 2261 Et
905 2194 946 2262 de
962 2195 1025 2265 iac·

19 2327 60 2372 ra
74 2303 206 2395 quidem
216 2316 250 2371 ot
262 2301 494 2394 perseverantia
507 2301 620 2369 anima
630 2301 796 2392 hucusque
812 2303 934 2372 dictum
948 2305 998 2374 ait

408 2687 610 2756 concausml

35 2859 197 2943 Quoniam
212 2870 320 2926 autam
334 2855 427 2925 dictis
443 2856 560 2924 uostris
575 2865 729 2922 consonat
743 2841 925 2941 predicatio
939 2851 1027 2943 Apo-

16 2970 160 3045 olorum‚
176 2980 209 3034 ct
219 2966 348 3036 Domini
363 2964 592 3054 magisterium,
609 2973 643 3026 et
656 2960 887 3049 Prophetarum
901 2984 1028 3032 annuu-

1 3081 96 3154 ratio‚
108 3089 141 3144 et
152 3073 377 3166 Apostolorum
390 3072 533 3148 dictatio,
548 3081 580 3137 et
594 3069 810 3160 Legislationis
825 3071 1026 3150 ministratio,
1061 3077 1064 3086 ’

13 3209 97 3256 ιιιιιιι
112 3185 327 3274 eumdemque
341 3181 486 3250 omnium
498 3181 604 3248 Deum
620 3179 746 3248 Patrem
765 3177 977 3256 laudantium
995 3195 1029 3249 et

0 3322 61 3368 ιοιι
76 3297 174 3364 alium
188 3308 285 3384 atquc
298 3292 409 3368 alium,
429 3313 532 3380 nequa
546 3313 586 3356 ex
600 3290 730 3358 diversis
744 3290 811 3358 Diis
826 3303 881 3357 aut
893 3290 1031 3360 Virtuti-

0 3435 57 3478 us
83 3404 291 3476 substantiam
318 3403 503 3477 habentem,
532 3399 589 3466 scd
609 3421 648 3465 ex
667 3420 731 3465 uuo
749 3410 782 3465 at
802 3399 915 3466 ecdem
936 3400 1029 3469 Patre

0 3520 102 3590 mnia
126 3517 198 3608 (qui
216 3525 323 3580 tamen
342 3523 430 3601 aptat
445 3508 622 3576 secundum
637 3508 871 3598 subjacentium
886 3523 1026 3590 naturas,

0 3647 28 3702 ιι
44 3627 317 3720 dispositionem);
331 3634 364 3690 ct
375 3643 478 3710 noque
493 3621 533 3686 ab
550 3617 690 3710 Angelis,
706 3641 811 3706 nequa
822 3620 861 3686 ab
878 3617 937 3687 alia
950 3645 1029 3710 quu-

0 3763 73 3810 ram
83 3737 221 3814 Virtute,
233 3733 290 3803 aad
301 3757 318 3800 a
328 3730 396 3800 aolu
407 3731 475 3800 Dco
485 3729 590 3807 Patre,
601 3726 734 3798 risibilia
744 3741 839 3818 atque
849 3730 1027 3812 invisibilia,

31 3893 115 3942 ⁴Luc.
126 3907 177 3951 arr,
193 3905 229 3939 ιι.
244 3885 370 3938 -tuen
384 3905 413 3948 ιι,
425 3903 449 3952 7.
816 3849 829 3880 ι

33 3979 43 4014 ¹
56 3979 117 4042 Gap.
131 3991 204 4036 xxxv,
213 3989 239 4025 a.
251 3973 276 4032 4.

797 4073 846 4117 20.
