2808 4688
183 295 190 319 '
317 325 429 372 muros
454 323 690 369 rrnrrrnrsmn
711 321 888 370 misceres.
1076 326 1116 392 29

79 435 145 508 illa
168 459 246 506 non
266 456 426 533 prorsus
434 433 538 504 lectu
557 429 722 530 indigna,
741 453 784 503 ae
804 425 963 530 proinde
978 431 1119 508 silentio

76 543 236 612 minime
250 536 580 637 praetermittenda.

134 701 293 796 Scripsit
312 689 435 794 igitur*
449 700 482 767 S.
501 695 698 790 Dionysius
716 696 948 792 Areopagitas,
965 697 1041 770 sive
1059 719 1124 770 an-

85 809 223 904 tiquus
241 802 312 877 sub
333 805 412 899 ejus
428 804 573 874 nomine
591 813 742 873 auctor:
767 903 769 906 Ι

152 973 190 1036 1⁰
208 963 359 1037 Librum
377 965 423 1036 dc
442 963 585 1037 Coelesti
597 961 827 1050 Htemrchia,
844 966 882 1034 in
895 985 972 1061 quo
985 962 1123 1038 descri-

94 1069 236 1142 buntur
253 1074 311 1142 SS.
327 1068 547 1167 Angelorum
564 1067 710 1142 ordines
726 1083 764 1140 et
775 1067 999 1158 fiincuones3

135 1244 175 1294 2⁰
185 1222 339 1295 Librum
358 1222 405 1294 de
422 1221 669 1296 Ecclesiastico
680 1215 910 1311 Heratemis,
929 1222 996 1296 ubi
1013 1224 1058 1298 de
1071 1251 1126 1300 sa-

35 1399 43 1412 ,
86 1333 277 1404 oramentis
297 1345 336 1401 et
353 1327 585 1401 ordinatione
602 1351 788 1402 sacrorum
811 1327 976 1403 Ecclesia
999 1337 1123 1406 minis-

87 1451 229 1508 trorum
244 1459 364 1508 sermo
379 1433 557 1524 habetur,

134 1589 172 1663 3·
188 1589 343 1665 Librum
360 1590 408 1662 de
420 1595 559 1664 Divinis
571 1587 802 1675 Nominibus,
818 1592 858 1660 in
875 1614 953 1686 quo
969 1591 1030 1664 illa
1047 1621 1127 1695 quar

89 1695 134 1770 ‹le
147 1701 321 1786 essentia,
335 1695 542 1788 attributis,
556 1693 917 1795 perfectionibusque
930 1710 968 1766 et
985 1701 1131 1773 actioni·

90 1801 162 1874 bus
172 1806 245 1875 Dei
259 1805 301 1874 in
318 1826 421 1874 sacra
435 1803 624 1899 Scriptura
639 1800 793 1897 sparsim
808 1801 1049 1894 continentur,
1066 1807 1134 1880 col·

94 1907 191 1978 lecta
207 1920 297 1977 sunt
313 1920 352 1977 et
368 1903 581 2003 explanata3

150 2055 189 2137 4⁰
204 2050 360 2122 Librum
374 2051 421 2122 de
433 2057 580 2144 mystica
597 2047 879 2147 medegia-ubi
895 2075 976 2148 quac
993 2056 1031 2126 iu
1048 2061 1128 2132 Deo

106 2179 182 2230 esse
199 2171 391 2256 nequeunt
405 2156 501 2231 nuda
516 2171 554 2228 et
564 2156 717 2256 simplici
729 2157 953 2231 enarratione
967 2167 1125 2260 exposita

28 2303 34 2312 ·
100 2275 202 2352 sunt;

145 2405 182 2477 5·
197 2405 373 2480 Undecim
390 2407 584 2507 Epistolas‚
600 2406 737 2479 scilicet
753 2408 777 2492 4
794 2402 842 2478 ad
856 2405 983 2479 Caium
999 2433 1125 2485 mona·

98 2511 225 2601 chum,
248 2537 262 2584 r
281 2511 327 2602 ad
338 2513 566 2588 Dorotheum
579 2510 790 2597 diaconum,
811 2511 889 2584 rad
903 2516 1127 2612 Sosipatrum

97 2617 338 2709 sacerdotem,
361 2647 374 2692 1
398 2620 445 2694 ad
463 2621 704 2720 Polycarpum
722 2619 934 2707 antistitem,
959 2644 973 2690 1
998 2620 1045 2693 ad
1060 2629 1130 2696 De·

96 2723 300 2822 mophilum
316 2725 557 2814 monachum,
576 2750 590 2796 1
608 2723 655 2796 ad
668 2725 790 2795 Titum
804 2725 1035 2821 episcopum,
1054 2752 1068 2798 1
1085 2731 1131 2817 ad

96 2832 274 2899 ioannem
298 2833 363 2928 Ep.
389 2833 427 2901 in
447 2834 593 2901 Patmos
610 2827 728 2900 insula
743 2825 967 2916 exulantem,
988 2843 1060 2902 etr
1085 2831 1132 2906 ad

97 2931 395 3031 Apollophanum
412 2933 686 3033 philosophum.

147 3083 228 3150 Hoc
248 3077 295 3152 de
317 3081 415 3152 illius
437 3080 619 3154 scribendi
642 3101 772 3178 genere
791 3074 971 3172 judicium
991 3080 1030 3150 in
1055 3081 1135 3178 ejus

98 3188 176 3258 vita
207 3184 293 3256 tulit
320 3185 482 3258 suidas:
509 3186 627 3282 «Ejus
654 3185 865 3281 sapientiam
900 3199 937 3255 et
964 3186 1135 3283 eloquen-

99 3323 119 3357 s
133 3293 228 3364 tiam
252 3289 366 3385 stylus
383 3295 695 3388 praestantissimus
716 3289 895 3362 librorum
918 3287 966 3359 ab
988 3312 1032 3384 eo
1051 3314 1136 3364 con-

99 3431 118 3464 »
131 3399 358 3496 scriptorum
370 3397 474 3495 plane
486 3397 726 3486 demonstrat,
738 3391 920 3492 siquidem
933 3409 970 3466 et
978 3409 1137 3470 externa·

101 3527 219 3577 nrum
244 3528 327 3601 quae
347 3520 521 3576 vocantur
548 3504 837 3602 disciplinarum,
861 3514 1137 3604 nostrarumque

104 3607 568 3712 »peritissimusluieNam
577 3615 607 3682 si
615 3610 661 3682 ad
669 3631 818 3681 suorum
826 3604 1137 3711 verborumsplen-
1236 3671 1239 3682 ,

106 3751 123 3784 n
136 3718 282 3807 dorem,
303 3719 641 3814 sententiarumque
657 3711 936 3814 profunditatem
954 3722 1138 3816 respicias,

108 3859 125 3892 n
137 3851 211 3900 non
228 3825 396 3900 humanae
408 3842 563 3917 naturae,
578 3823 644 3898 sed
657 3818 839 3922 cujusdam
853 3825 1065 3900 immortalis
1083 3827 1139 3900 di-
