2646 4596
271 237 335 315 dou
567 258 678 304 sancrr
700 257 817 303 susurru
841 257 995 303 uanrrnrs

272 367 360 455 gulas
374 368 505 456 quisque
520 367 661 444 virtutes,
680 379 734 432 aut
749 369 884 433 vicissim
896 389 971 434 cnm
986 365 1196 460 alia-quapiam
1207 391 1262 437 corr
1317 371 1318 406 ¹

272 477 396 563 junctas
411 476 569 548 habueras
588 475 674 541 velut
686 474 838 541 Ieremias
852 485 885 541 et
900 474 1072 540 duodecim
1086 487 1120 540 et
1134 476 1262 550 Deridet
1317 479 1318 512 ³

273 585 377 650 caeteri
395 583 523 648 omnino
542 583 734 670 quicumque
753 583 840 670 apud
854 606 908 648 vos
927 585 1098 648 extiterunt
1117 581 1258 673 Propheta.
1317 585 1318 626 I

272 691 435 778 Requievit
452 691 559 779 igitur,
572 690 606 756 id
620 701 679 765 est,
696 690 786 755 desiit
802 690 941 778 spiritus,
956 701 1127 778 postquam
1138 689 1259 758 illerde
1317 685 1318 756 I

273 800 320 864 nit
334 799 425 885 cujus
437 808 589 885 susceptae
603 798 685 862 inter
695 796 839 862 homines
852 797 1091 887 dispensationis
1103 802 1259 888 temporibus
1315 809 1316 818 ’

273 906 370 972 finem
388 905 474 994 apud
491 911 544 968 ro's
561 904 678 970 habere
700 906 877 994 oportebat,
897 916 930 970 et
948 907 981 971 in
998 929 1036 972 eo
1056 905 1259 994 mqrnmcentio

273 1037 393 1089 rursus,
410 1027 446 1078 ut
460 1012 645 1102 praedictum
661 1012 774 1088 iuerat,
787 1013 906 1078 effundi
920 1014 1002 1079 dona
1014 1013 1080 1090 iIIa,
1097 1037 1260 1104 quaeexgn-
1316 989 1318 1086 i

275 1125 316 1188 tia
332 1123 455 1187 virtutis
469 1113 671 1211 Spiritussui
687 1121 818 1210 largitur
832 1121 880 1186 his
899 1123 953 1208 qui
972 1124 1005 1188 in
1026 1125 1133 1212 ipsum
1150 1125 1259 1198 caedum
1317 1117 1318 1190 i

274 1243 370 1320 prout
386 1254 543 1319 quemque
561 1231 692 1318 dignum
710 1231 839 1316 judicat.
860 1230 955 1309 Quod
969 1231 1101 1319 quidem
1116 1255 1183 1298 eum
1195 1244 1262 1322 pust-

274 1361 369 1426 quom
384 1339 416 1404 in
428 1337 543 1404 coeium
559 1338 749 1404 ascendisset
758 1339 802 1404 itu
814 1331 986 1415 sucturum,
999 1340 1139 1428 jamdixi
1155 1363 1263 1430 pronon
1315 1339 1318 1398 I

273 1453 386 1518 tiatum
395 1449 501 1524 fuisse,
514 1432 690 1536 iterumque
702 1449 783 1514 dico.
797 1448 925 1516 Dictum
936 1459 984 1514 est
996 1449 1092 1537 igitur
1105 1473 1113 1513 ε
1125 1476 1138 1509 ι
1149 1447 1264 1516 Ascendit
1315 1449 1318 1498 I

274 1588 287 1621 s
304 1559 335 1623 in
351 1557 449 1621 abtum
468 1578 476 1619 ε
499 1557 653 1643 captivom
669 1556 757 1621 duxit
772 1557 997 1645 captivitatem,
1016 1556 1104 1620 dedit
1122 1555 1198 1622 dont
1212 1553 1265 1620 iiliis

275 1663 496 1732 »hominumt
515 1692 528 1725 »
544 1665 583 1729 Et
598 1687 705 1728 rursus
721 1665 752 1729 in
768 1662 828 1728 abio
843 1664 989 1729 vaticinio
1004 1687 1012 1727 τ
1029 1663 1094 1728 «Et
1106 1664 1264 1754 eritpom,
1313 1704 1317 1779 p

276 1801 288 1835 o
302 1772 462 1838 effundam
477 1763 620 1858 spiritum
634 1792 742 1835 meum
758 1794 852 1860 super
866 1793 994 1836 omnem
1009 1794 1137 1837 carnem
1150 1781 1183 1836 et
1196 1793 1266 1860 super

276 1904 406 1948 »servos
422 1903 509 1945 meos
524 1891 555 1944 et
570 1903 664 1967 snper
679 1887 783 1944 serv'as
799 1903 898 1954 meas,
914 1894 946 1944 et
960 1875 1240 1969 prophetabunt¹.r

318 1989 527 2056 LXXXVIII.
549 1990 652 2077 Atque
672 1991 757 2078 apud
777 2013 834 2054 nos
855 1990 961 2056 videre
980 2002 1029 2054 est
1047 2001 1080 2054 et
1100 1983 1231 2054 mulieres
1245 2001 1266 2050 rt
1316 2034 1317 2081 r

275 2102 357 2188 viros
373 2100 427 2186 qui
442 2100 524 2164 dono
539 2123 557 2162 a
574 2099 692 2187 Spiritu
705 2099 765 2164 Dei
780 2101 908 2166 habent.
931 2102 1039 2179 Quare
1055 2123 1119 2166 non
1136 2099 1211 2188 quod
1225 2097 1267 2161 sir

275 2209 350 2272 tutis
361 2220 441 2272 esset
454 2207 613 2294 indiguus,
625 2207 811 2294 praedictum
823 2220 870 2272 est
881 2219 1028 2273 venturas
1040 2209 1073 2272 in
1084 2231 1150 2274 enm
1159 2208 1268 2272 rirtntrs

275 2317 314 2380 ab
335 2314 424 2379 Esaia
444 2327 657 2388 enumeratas,
681 2316 736 2380 sed
758 2317 844 2402 quod
861 2316 942 2381 ultre
965 2317 1078 2383 suturae
1093 2339 1148 2382 non
1163 2325 1263 2380 essent.

276 2423 379 2510 Atque
395 2419 471 2486 illud
491 2423 586 2486 etiam
602 2424 689 2489 vobis
708 2425 887 2506 testimonio
903 2427 955 2502 sit,
976 2428 1066 2512 quod
1079 2425 1154 2492 robis
1167 2422 1222 2488 dixi
1234 2423 1267 2484 ab

276 2531 399 2597 Arabim
417 2529 513 2618 Magis
534 2530 666 2606 sactum,
682 2533 749 2620 qui,
770 2556 844 2599 cum
866 2534 969 2600 statim
988 2559 1026 2600 ac
1041 2537 1122 2601 Puer
1137 2545 1218 2599 natus
1234 2543 1270 2595 est

276 2639 445 2713 venissent,
462 2638 671 2704 adoraverunt
686 2663 770 2705 eum.
790 2643 882 2718 Nam,
900 2656 934 2706 ut
949 2644 982 2708 in
997 2641 1105 2708 lucem
1120 2641 1208 2707 editus
1220 2651 1269 2708 est.

278 2772 366 2814 snorn
381 2748 529 2810 virtutem
545 2748 667 2822 habuit,
684 2771 722 2813 ac
740 2767 885 2816 crescens
900 2753 1064 2817 communi
1079 2749 1204 2816 aliorum
1218 2771 1273 2812 orn·

277 2858 365 2922 nium
381 2855 547 2920 hominum
562 2877 661 2931 more,
675 2858 884 2945 congruisque
896 2862 989 2924 rebus
1004 2873 1111 2935 utens,
1128 2855 1273 2925 suumcui-

277 2989 338 3051 que
354 2965 549 3029 incremento
565 2965 735 3040 tribuebat,
748 2965 827 3030 cibis
844 2969 989 3032 omnibus
1005 2965 1045 3032 ali
1057 2967 1178 3044 solitus,
1189 2967 1272 3052 sicqor

276 3097 375 3138 annos
386 3072 455 3159 plus
468 3073 571 3151 minus
583 3071 730 3159 tringinta
741 3095 941 3160 permanens,
954 3077 1057 3140 donec
1067 3075 1201 3142 Ioannes
1211 3071 1273 3156 illius

277 3181 429 3246 adventus
451 3202 554 3267 praeco
570 3179 722 3267 prodiret,
740 3203 778 3246 ac
793 3183 874 3246 viam
890 3184 1058 3271 baptismo,
1075 3195 1113 3247 ut
1131 3207 1218 3272 supra
1233 3181 1274 3246 de

278 3287 461 3362 monstravi,
482 3297 679 3374 praepararet.
704 3288 848 3377 Cumque
869 3303 935 3354 tum
958 3291 1049 3356 Iesus
1069 3293 1112 3356 ad
1130 3292 1275 3358 Jordanrn

212 3463 215 3470 ,
277 3399 409 3464 ssuvium
422 3395 567 3469 venisset,
581 3395 634 3459 ubi
649 3395 787 3469 Ioannes
798 3400 988 3487 baptizabat,
1002 3400 1211 3466 descendente
1219 3400 1278 3463 Jrsn

278 3511 437 3593 inaquam
449 3505 543 3568 etiam
555 3503 633 3591 ignis
646 3528 797 3572 accensus
808 3518 855 3573 est
866 3509 897 3574 in
906 3509 1057 3583 dordone,
1066 3511 1161 3598 eique
1171 3531 1207 3574 ax
1215 3529 1279 3593 aqua

279 3616 446 3707 prodeunti
454 3613 605 3702 Spiritum
618 3629 761 3682 sanctum
773 3619 870 3684 instar
880 3619 1035 3686 columbae
1043 3619 1193 3686 involasse
1205 3617 1280 3701 scrip

199 3745 202 3750 '
233 3789 236 3792 .
280 3734 388 3791 serunt
399 3724 492 3811 hujus
505 3723 600 3812 ipsius
611 3723 728 3789 Christi
741 3727 837 3792 nostri
849 3725 1000 3816 Apostoli.
1015 3727 1082 3795 Nec
1098 3739 1202 3793 tamen
1213 3721 1281 3812 quod

313 3851 397 3901 ¹PosI.
415 3866 489 3911 rxrrr,
503 3851 675 3918 19.-²Joe1‚
689 3872 717 3913 rr,
731 3855 768 3906 28.
