2684 4638
251 257 315 336 δεῖ.
566 277 680 324 seueri
702 273 817 323 canunt
839 277 901 322 nun.
928 275 969 320 ιιι

249 379 424 473 intelligere
429 403 439 457 ι
459 401 534 448 cum
548 381 590 450 sit
604 383 757 452 vetustior
770 380 903 472 epistola
913 379 963 448 hit
975 378 1034 470 qui
1047 399 1145 448 nunc
1159 376 1240 446 falso
1250 377 1290 443 de

250 503 324 560 rent
339 504 375 558 et
390 489 526 558 elterum
544 491 648 560 Deum
662 515 758 582 super
771 491 997 582 Demiurgum,
1014 499 1051 556 at
1070 488 1238 556 lectorem
1250 486 1291 553 lte

251 625 323 668 rum
341 601 484 668 omnium
502 611 672 688 quaesunt,
688 602 973 671 commentiuntur.
992 600 1084 667 lluic
1099 611 1218 666 eutem
1232 597 1292 664 sle

190 785 195 792 ,
251 709 350 778 menti
358 708 683 785 succeditEreristus,
695 722 728 776 et
738 707 1091 784 EraristcAlexander,
1104 706 1292 793 ecdainceps

251 830 356 886 sextus
368 820 408 886 ab
424 818 582 908 Apostolis
594 820 784 888 constitutus
800 832 847 886 cst
864 818 983 895 Sixtus,
1001 819 1096 884 atah
1114 816 1185 883 hoc
1200 815 1291 882 ‘rete

251 928 384 1019 phoras,
403 913 458 1018 spui
472 929 568 998 etiam
585 928 809 1019 gloriosissime
823 927 1016 1016 martyrium
1031 925 1142 992 [scits
1162 947 1204 991 ec
1218 924 1291 990 deir-

251 1061 326 1126 ceps
341 1038 497 1128 Hyginus,
513 1049 586 1127 post
598 1039 686 1115 Pius,
702 1048 886 1128 postquem
900 1035 1071 1104 Anicetus.
1093 1033 1188 1100 Cum
1202 1047 1292 1100 anu

121 1151 129 1158 “
251 1145 453 1214 successisset
474 1145 609 1214 Anicetc
627 1145 734 1223 Soter,
755 1168 844 1214 nunc
862 1143 1061 1213 duodecimo
1081 1140 1165 1210 loco
1184 1143 1291 1232 episcc-

252 1266 363 1344 patum
380 1257 419 1324 ab
437 1253 595 1346 Apostolis
612 1255 709 1324 hebet
726 1253 938 1323 Eleutheriut.
958 1254 1030 1320 llac
1047 1252 1290 1320 ordinationes

252 1363 464 1440 successione,
491 1385 528 1430 ea
546 1384 618 1452 qum
635 1374 683 1430 est
698 1365 738 1430 ab
755 1359 914 1452 Apostolis
932 1361 967 1428 in
981 1357 1140 1428 Ecclesia
1167 1361 1286 1427 truditis

251 1483 286 1537 et
304 1470 445 1540 veritatis
461 1470 655 1562 praecocatio
674 1471 819 1560 pervenit
835 1491 935 1558 usquc
952 1468 994 1536 ad
1010 1490 1086 1534 nos.
1113 1470 1164 1536 Et
1183 1468 1286 1558 estpl«

190 1590 195 1612 ⁴
255 1579 381 1646 nissime
392 1579 462 1647 haec
473 1579 625 1656 ostensio,
636 1601 735 1645 unam
744 1589 778 1645 et
787 1578 934 1644 eemdcm
944 1575 1204 1645 vivificatricem
1214 1578 1285 1644 fite

254 1711 335 1765 esse,
352 1711 424 1778 quae
438 1688 472 1754 in
490 1684 632 1756 Ecclesia
650 1689 691 1754 eb
707 1683 866 1776 Apostolis
882 1708 982 1776 usque
999 1707 1099 1754 nunc
1120 1687 1168 1752 sit
1183 1709 1284 1756 consc-

255 1807 339 1873 vata,
354 1809 388 1863 et
403 1794 519 1862 tradita
535 1795 568 1862 in
582 1795 725 1862 veritate.

297 1906 339 1972 Et
349 1903 543 1996 Polycarpus
554 1915 663 1973 autem
678 1927 744 1972 non
755 1902 860 1972 solum
875 1905 917 1970 sb
929 1901 1099 1992 Apostolis
1115 1903 1285 1980 edecus

253 2025 460 2082 conversatus
476 2036 552 2082 cum
564 2012 672 2080 multis
686 2037 726 2082 ex
738 2015 850 2103 eisqui
863 2013 1041 2080 Dominum
1056 2013 1285 2082 nostrumrids

254 2134 330 2190 runt
336 2147 346 2197 ς
366 2123 422 2190 sed
437 2123 534 2190 etiam
549 2125 589 2192 eb
600 2121 764 2214 *Apostolis
780 2123 813 2192 in
829 2117 917 2200 Asia,
933 2123 966 2188 in
980 2145 1019 2188 ca
1036 2146 1117 2210 quae
1134 2137 1187 2192 est
1200 2123 1284 2210 Smyr

255 2232 306 2302 nis
319 2231 456 2300 ecclesia
473 2235 666 2301 constitutus
680 2235 861 2324 episcopus,
877 2255 974 2323 quem
984 2243 1017 2300 et
1033 2233 1286 2312 nos,ridimusir

256 2340 358 2430 prima
380 2353 489 2408 nostra
513 2355 605 2411 astate
630 2343 786 2430 (multum
804 2345 891 2412 enim
909 2347 1151 2435 perseveravit,
1175 2341 1285 2412 etrelde

256 2469 353 2516 senex
366 2444 590 2537 gloriosissime
605 2463 637 2517 et
651 2451 849 2520 nobilissime
864 2453 1056 2540 martyrium
1072 2453 1205 2522 faciens
1217 2452 1284 2522 exirit

257 2558 297 2624 de
315 2557 378 2626 hec
396 2558 493 2647 vita),
512 2559 582 2626 haec
599 2560 711 2628 docuit
725 2585 852 2652 semper
866 2584 936 2651 quae
951 2563 990 2628 ab
1004 2560 1180 2651 Apostolis
1196 2563 1282 2630 diue

256 2678 318 2744 rat,
338 2689 408 2756 quat
428 2679 461 2734 et
480 2667 631 2736 Ecclesiae
649 2670 794 2748 tradidit,
809 2682 843 2736 et
862 2670 928 2737 sols
943 2683 1018 2736 sunt
1036 2693 1132 2738 vere.
1156 2671 1282 2740 Testim
1319 2659 1320 2666 ἵ

255 2774 346 2840 nium
356 2774 406 2841 his
417 2775 588 2864 perhibent
603 2799 674 2866 quae
686 2788 760 2844 sunt
779 2779 813 2844 in
823 2779 896 2846 Asia
908 2777 1052 2848 ccclesiae
1064 2803 1203 2858 omncs,
1215 2779 1283 2867 ctqa'

258 2907 357 2974 usquc
368 2885 475 2953 edhuc
490 2899 713 2954 successerunt
723 2886 901 2978 Polycarpc
916 2913 924 2954 ε
942 2889 996 2978 qui
1012 2890 1061 2956 vir
1076 2891 1191 2958 multo
1207 2893 1284 2979 meir

257 2993 300 3060 ris
315 2996 526 3072 auctoritatis,
544 3007 577 3062 et
592 2995 718 3062 fidelior
731 2998 872 3076 veritatis
886 3010 935 3064 cst
953 2998 1054 3075 testis,
1072 3023 1179 3087 quam
1197 3000 1286 3066 Velm

257 3103 343 3172 tinus
361 3115 394 3170 et
411 3104 566 3180 Marcion,
583 3116 621 3172 et
634 3105 760 3194 reliqui,
781 3107 835 3196 qui
854 3118 929 3174 sunt
949 3129 1107 3197 perversae
1123 3111 1286 3176 sententia.

258 3215 289 3280 ls
307 3213 393 3280 enim
412 3226 461 3280 est
473 3212 527 3303 qui
540 3215 599 3280 sub
612 3212 746 3282 Aniceto
758 3237 833 3282 cum
845 3215 1023 3282 advenisset
1032 3215 1067 3282 iu
1079 3219 1216 3296 urbem,
1228 3215 1289 3284 mirl-

259 3336 308 3391 tcs
330 3347 369 3391 ex
387 3324 437 3391 his
459 3347 538 3414 quos
556 3323 759 3413 praediximus
776 3325 942 3392 haereticos
962 3325 1120 3392 convertit
1139 3327 1174 3392 in
1192 3325 1292 3394 Eecle

260 3435 339 3502 siam
357 3435 430 3512 Dei,
453 3457 550 3502 unam
572 3445 605 3501 et
625 3434 726 3502 sclam
749 3435 835 3503 hanc
855 3437 1021 3502 veritatem
1042 3437 1242 3504 annuntians
1260 3437 1291 3500 al

261 3543 420 3634 Apostolis
433 3545 612 3635 percepisse
623 3569 670 3621 se,
686 3569 783 3635 quem
797 3558 831 3612 et
843 3544 994 3615 Ecclesiae
1009 3545 1154 3612 tradidit.
1172 3547 1215 3612 Et
1228 3557 1292 3613 sant

260 3654 315 3744 qui
340 3655 510 3723 audierunt
532 3679 607 3738 eum
632 3656 806 3734 dicentem,
834 3657 985 3746 queniam
1006 3655 1148 3724 loannes
1170 3657 1290 3724 Domini

261 3760 434 3852 discipulus
448 3765 482 3831 in
496 3764 623 3854 Epheso
638 3765 706 3832 iens
722 3762 832 3842 lavari,
853 3789 930 3834 cum
944 3765 1072 3833 vidisset
1086 3766 1174 3834 intus
1189 3767 1288 3834 Cerin

259 3871 363 3950 thum,
383 3872 533 3942 exsilierit
552 3873 592 3942 dc
608 3873 723 3944 balneo
740 3899 805 3946 non
821 3875 919 3951 lctus;
944 3877 1064 3953 diceus,
1086 3877 1176 3965 quod
1190 3878 1286 3946 timei
