2640 4622
271 261 421 308 nranooos
444 263 506 308 ouu
529 261 692 308 rnrrnoan
715 263 832 308 senno.
1000 250 1059 323 4¹¹

15 369 206 443 cutientes,
215 390 275 435 nec
287 369 495 458 intelligentes
506 369 629 434 nullum
642 393 782 457 unquam
794 373 827 436 in
837 347 1064 460 vestro‘geuere

16 497 143 562 regem
161 488 217 540 aut
232 477 386 541 christum
403 474 594 564 appellatum
609 476 715 552 fixisse,
732 478 784 564 qui
800 478 896 565 pedes
906 491 939 542 et
952 501 1065 543 nunus

16 583 122 646 virus
135 582 370 669 perfoderetur,
382 595 414 648 et
425 605 482 670 per
492 583 554 648 boc
564 585 749 670 mysterium
761 585 1063 660 moreretur—‚idean
1125 577 1127 580 ’

19 687 291 775 crucifigeretur,
306 702 420 776 praeter
433 689 521 754 buno
535 687 638 754 solum
653 690 773 755 desum.

72 793 230 859 XCVlll.
243 795 398 861 dototnm
407 795 534 883 quidem
541 796 698 884 psalmum
708 797 882 884 proferam,
896 809 931 862 ut
939 810 972 864 et
982 793 1065 862 illius

22 901 59 963 in
78 901 213 965 Putrem
228 902 376 989 pietatem
398 903 544 978 audiatis,
561 916 594 967 et
617 903 776 990 quomodo
799 906 904 969 omnia
927 905 1063 970 adeum

22 1006 165 1083 referet,
182 1031 277 1095 seque
290 1031 348 1098 per
361 1033 435 1074 enm
449 1010 544 1074 etiam
558 1011 599 1075 ab
621 1010 683 1077 bae
697 1023 799 1076 morte
816 1013 933 1076 servari
952 1024 1038 1098 petat
1052 1036 1060 1075 ε

24 1113 128 1178 simul
145 1115 179 1180 in
194 1115 315 1202 psalmo
332 1117 495 1185 declarans
510 1115 618 1202 quales
635 1130 739 1182 essent
757 1117 859 1205 quiin
873 1117 1062 1182 euminsur-

25 1242 160 1293 rexere,
180 1243 275 1307 seque
296 1243 369 1286 vere
390 1222 553 1287 bominem
577 1221 696 1287 suetum
718 1223 827 1296 fuisse,
851 1222 1064 1308 perpessiones

25 1326 238 1402 sentientem,
262 1327 490 1395 demonstrans.
516 1329 571 1396 Sic
592 1341 700 1394 autem
722 1351 755 1395 se
776 1329 874 1397 babet
895 1328 1060 1416 psalmus:

35 1459 50 1493 a
65 1434 171 1509 Dens,
187 1435 271 1500 Deus
286 1459 387 1511 meus,
405 1437 526 1524 respice
538 1438 570 1503 in
585 1459 659 1503 me:
674 1459 770 1526 quare
781 1436 975 1526 dereliquisti
991 1439 1065 1503 mel

27 1568 41 1600 s
58 1540 172 1628 Longe
183 1564 201 1604 a
212 1539 313 1608 solute
320 1563 389 1607 mea
398 1543 493 1608 verba
503 1543 691 1609 delictorum
699 1566 854 1610 meorum.
866 1533 952 1610 Deus
961 1557 1061 1619 meus,

29 1677 43 1710 ι
60 1647 210 1713 elamabo
221 1649 261 1713 sd
275 1659 306 1714 te
317 1673 374 1737 per
385 1651 483 1724 diem,
497 1662 530 1714 et
540 1673 605 1715 non
617 1652 765 1716 exaudies
781 1663 814 1716 et
829 1663 936 1725 nocte,
951 1663 985 1716 et
999 1672 1062 1716 non

31 1755 102 1818 »ad
125 1757 334 1843 ignorantiam
356 1757 444 1822 mibi.
463 1756 513 1820 Tu
533 1768 641 1822 autem
658 1758 691 1822 in
713 1769 824 1822 senoto
844 1757 980 1832 habitas,
997 1757 1063 1823 laus

33 1863 174 1927 »lsrael
192 1863 229 1929 ln
245 1876 277 1929 te
299 1875 503 1952 spemrerunt
523 1877 628 1951 patres
643 1865 741 1930 nostri
761 1887 770 1928 t
793 1878 1009 1953 speraverunt,
1032 1881 1064 1932 et

34 1969 206 2034 »liberasti
229 1994 292 2036 eoa.
319 1971 369 2038 Ad
383 1984 415 2038 te
433 1965 660 2047 elamaverunt,
677 1985 709 2038 et
728 1972 804 2038 salri
823 1974 898 2039 fecti
917 1986 1012 2040 sunt:
1033 1977 1064 2040 in

35 2105 49 2138 s
66 2089 99 2140 te
118 2091 336 2164 speraverunt,
351 2090 384 2144 et
399 2101 463 2146 non
478 2092 551 2146 sunt
563 2079 695 2145 confusi.
710 2080 777 2168 Ego
788 2092 895 2146 antem
914 2105 984 2146 sum
999 2104 1064 2148 ver-

37 2213 50 2244 »
65 2185 126 2249 mis
141 2196 173 2249 et
184 2207 248 2250 non
260 2185 373 2257 laomor
394 2187 600 2274 opprobrium
615 2187 792 2262 bominum,
809 2200 842 2252 et
856 2188 995 2274 objectio
1008 2211 1063 2277 po-

37 2319 51 2352 »
68 2289 144 2377 puli.
161 2291 282 2358 Omnes
296 2294 350 2379 qui
368 2293 607 2380 conspiciebant
625 2316 689 2368 me,
711 2297 982 2360 subsannaverunt
996 2319 1060 2370 me,

38 2426 51 2459 u
66 2408 98 2462 ct
113 2398 233 2487 loquuti
245 2412 319 2465 sunt
332 2399 433 2476 labiis,
447 2413 613 2466 moverunt
624 2411 719 2488 eaput
733 2425 742 2465 ε
759 2399 903 2489 speravit
914 2403 946 2465 in
957 2402 1063 2466 Domi·

40 2533 53 2564 »
69 2527 158 2578 namt
177 2517 266 2573 eruat
277 2529 379 2571 eum:
397 2497 518 2573 salvum
534 2509 628 2574 luciat
642 2531 716 2573 enm
730 2511 882 2596 quoniam
896 2507 1059 2573 vulteum.

39 2641 53 2674 s
68 2613 225 2690 Quoniam
241 2627 274 2678 tu
287 2637 334 2692 es,
350 2617 404 2704 qui
419 2618 577 2683 extraxisti
593 2639 645 2682 me
659 2617 699 2681 de
714 2629 835 2692 ventre,
853 2639 924 2703 spes
936 2639 1004 2680 meo
1020 2617 1059 2680 ab

41 2747 53 2781 ι
69 2721 215 2786 uberibus
229 2724 337 2788 matris
352 2745 431 2790 meaa
451 2747 460 2787 τ
480 2724 511 2789 in
528 2737 558 2789 te
575 2725 737 2813 projectus
753 2745 823 2787 sum
842 2745 883 2786 ex
898 2734 998 2787 utero.
1018 2723 1064 2786 De

41 2855 54 2890 a
70 2839 174 2892 ventre
190 2831 299 2895 matris
314 2853 394 2895 meae
408 2831 493 2898 Deus
513 2851 604 2895 meus
619 2853 653 2896 es
668 2843 704 2895 tn
720 2851 728 2893 t
748 2851 788 2894 ne
804 2829 946 2893 discedas
964 2849 982 2891 a
998 2847 1059 2892 mo.

44 2933 226 3011 »Quoniam
246 2935 409 3002 tribulatio
430 2937 572 3024 proxima
592 2948 667 3000 est:
689 2937 839 3022 quoniam
858 2957 922 3001 non
937 2949 986 3000 est
1009 2937 1063 3022 qui

46 3061 119 3104 »me
133 3039 269 3126 adjuvet.
285 3043 571 3107 Circumdederunt
586 3063 638 3105 me
653 3039 741 3106 vituli
755 3040 847 3106 molti
865 3065 875 3104 :
894 3043 975 3105 tauri
992 3043 1064 3130 pin-

47 3175 60 3209 »
75 3170 145 3234 goes
161 3149 352 3214 obsederunt
363 3172 425 3215 me.
440 3150 641 3237 Aperuerunt
656 3172 750 3237 super
763 3171 815 3214 me
826 3173 861 3214 os
875 3171 971 3214 suum
983 3151 1065 3215 siout

48 3287 61 3320 ι
77 3255 123 3321 leo
139 3258 263 3345 rapiens
276 3268 309 3322 et
323 3257 459 3344 rugiens.
480 3259 568 3325 Sicut
582 3279 664 3345 aqua
677 3257 776 3324 effusa
792 3268 911 3322 suntet
926 3259 1064 3344 dispersa

48 3376 145 3429 nsunt
159 3364 264 3430 omnia
283 3385 353 3428 ossa
371 3386 452 3428 mea.
475 3355 609 3430 Factum
624 3378 673 3431 est
691 3387 747 3431 eor
762 3385 870 3428 meum
890 3363 973 3427 sieut
994 3362 1065 3428 cero

50 3501 62 3534 ι
76 3471 256 3560 liquescens,
274 3472 306 3536 in
321 3471 427 3537 medio
443 3474 561 3536 ventris
576 3474 648 3563 mei3
667 3472 796 3534 Exaruit
805 3469 892 3534 velut
904 3479 995 3545 testa,
1008 3473 1064 3536 vir·

52 3612 63 3642 tt
78 3593 122 3645 tus
137 3603 204 3646 mea
221 3604 229 3645 t
248 3592 280 3644 et
296 3578 404 3667 lingua
418 3600 489 3644 mea
505 3577 635 3642 adhesit
649 3576 793 3640 faucibus
805 3577 896 3650 meis,
909 3589 941 3642 et
954 3576 986 3642 in
997 3578 1065 3664 pul-

52 3719 63 3752 υ
79 3711 172 3754 vorem
182 3691 291 3754 mortis
307 3687 463 3754 deduxisti
476 3709 537 3751 me.
553 3686 713 3764 Quoniam
725 3684 1002 3751 circumdederunt
1014 3709 1063 3750 me

53 3827 64 3859 u
80 3819 162 3864 canes
178 3796 267 3863 multi
284 3820 291 3860 ε
310 3795 479 3866 consilium
493 3793 732 3883 malignantium
748 3791 869 3861 obsedit
878 3815 941 3862 me·
959 3793 986 3862 F
987 3795 1063 3860 odo-
