2492 4632
348 331 471 382 conans
495 333 645 382 mansus.
947 309 1008 387 441

25 455 92 508 est
121 463 215 534 erga
239 443 357 522 Deum,
378 445 561 513 hominibus
580 467 637 536 per
659 445 779 534 Legem
800 441 1012 518 eonstituerit,

25 549 176 618 deinde
194 551 377 620 libertatem
391 555 437 620 eis
453 553 628 620 donaverit.
646 553 687 620 Et
705 554 792 641 inm>
807 549 894 639 quod
912 547 1010 616 dicit:

25 661 161 728 oniam
185 685 298 731 servus
313 665 414 730 nescit
433 665 511 752 quid
529 663 623 732 faeiat
643 663 791 731 dominus
807 663 890 749 ejus,
906 661 1015 749 »igno-

25 791 88 834 ιω
107 767 247 838 servilis
268 770 378 862 populi
393 771 573 838 monifestat
589 794 646 861 pen
664 795 757 838 suum
773 769 954 838 adventum.
977 767 1013 835 ln

25 889 123 944 item
142 879 242 967 quod
257 881 377 947 amieos
390 880 450 947 Dei
465 879 543 948 dicit
558 903 632 946 suos
652 879 834 969 disoipulos,
848 877 1013 946 manifeste

25 987 95 1052 dit
113 1009 156 1054 se
173 1010 248 1054 esse
257 985 403 1055 Verbum
418 987 489 1064 Dei,
504 1011 600 1076 quem
618 999 651 1054 et
662 986 824 1056 Abraham
835 986 1012 1054 voluntarie
1083 965 1093 990 ⁸

25 1119 59 1161 ie
76 1094 230 1164 vineulis
242 1108 373 1187 propter
384 1097 629 1186 generositatem
640 1096 714 1162 fidei
729 1119 876 1185 sequens,
890 1095 1011 1162 amieos

25 1229 52 1270 is
67 1216 126 1272 est
138 1205 248 1274 Deo¹.
263 1203 328 1272 Sed
342 1225 446 1292 neque
458 1204 594 1272 Abrahae
606 1205 778 1272 amicitiam
794 1217 923 1294 propter
934 1203 1014 1270 indi-

25 1315 103 1382 iam
115 1315 295 1403 assumpsit
303 1312 361 1380 Dei
369 1313 525 1390 Verbum,
533 1315 670 1381 existens
678 1316 719 1382 ob
732 1315 821 1380 initio
832 1314 1010 1404 perfectus:

25 1438 192 1515 nequam
208 1426 296 1494 enim
311 1425 584 1502 muhammat,
601 1450 659 1517 ego
676 1426 778 1504 sum²,
795 1455 807 1488 a
822 1426 941 1516 inquita
956 1425 1012 1492 sed

25 1536 62 1602 si
71 1536 223 1604 domna
234 1534 367 1602 donaret
377 1548 530 1602 aeternam
543 1538 651 1612 vitam,
661 1537 797 1604 existens
809 1537 925 1611 bonus,
934 1557 1011 1623 quo·

25 1669 40 1709 1
54 1646 209 1714 amicitia
220 1646 279 1715 Dei
291 1643 535 1716 immortulitatis
552 1659 600 1714 est
612 1647 821 1716 condonatrix
832 1645 882 1714 his
894 1645 949 1736 qui
961 1669 1012 1735 sg-

25 1753 161 1822 fiuntur
172 1775 255 1824 eam.

357 1962 510 2034 CAPUT
532 1962 627 2032 xlv.

25 2149 97 2222 auid
107 2149 236 2228 obsequii
246 2157 342 2236 eaet'gat
358 2153 395 2214 ab
411 2153 519 2214 demuto
534 2153 632 2223 Deus,
651 2153 680 2210 si
695 2149 829 2210 demonem
845 2147 1011 2222 condomae,

25 2254 153 2312 mamad
172 2274 211 2336 ne¹
221 2251 329 2334 legibus
349 2251 552 2334 aestimavero,
571 2253 624 2312 wu'
636 2249 755 2312 hommt's
771 2253 861 2312 saluti
873 2251 991 2312 consulit
996 2274 1011 2326 ,·

25 2375 65 2412 on
83 2352 191 2412 domum
208 2353 346 2435 bedegene,
364 2353 416 2414 sed
432 2355 462 2414 t'n
475 2351 550 2414 tunc
565 2350 697 2432 beneficia
708 2355 799 2433 graus
820 2355 928 2414 onuuiw
943 2375 1012 2412 con·

25 2447 89 2511 irre
98 2451 215 2512 sudans.

26 2632 51 2700 1.
65 2635 161 2723 Igitur
174 2636 262 2704 initio
273 2659 338 2705 non
353 2637 441 2727 quasi
457 2639 600 2729 indigens
611 2639 697 2706 Deus
708 2636 861 2712 hominis,
872 2633 1009 2723 piname-

39 2743 152 2821 Adam,
167 2746 221 2812 sed
232 2757 269 2813 ut
279 2746 415 2815 heberet
425 2749 457 2814 in
468 2771 566 2837 quem
577 2745 750 2814 collocaret
767 2768 823 2811 sua
837 2741 1004 2810 beneficia.

25 2878 50 2919 »n
64 2855 151 2920 enim
165 2853 265 2922 solum
281 2869 354 2922 ante
365 2857 480 2933 Adam,
493 2857 550 2923 sed
568 2867 601 2922 et
616 2868 689 2921 ante
705 2877 834 2921 omnem
848 2832 1009 2918 eonditio-

25 2985 54 3027 m
70 2961 263 3052 glorificabat
280 2963 423 3032 Verbum
440 2964 689 3040 Pammenem,
709 2985 842 3028 manens
857 2962 890 3028 in
906 2984 961 3034 eos
976 2973 1010 3026 et

25 3093 49 3135 se
65 3096 82 3138 e
101 3071 190 3137 Patre
206 3070 454 3150 clarificabatur,
470 3071 741 3162 quemadmodum
759 3072 826 3160 ipse
844 3071 887 3136 uit
904 3069 1009 3135 :aPo-

26 3201 69 3252 er‚
85 3178 220 3246 clarifice
236 3203 287 3248 mo
302 3179 445 3249 claritate
456 3203 553 3272 quam
564 3182 662 3250 habui
679 3180 766 3271 opud
777 3193 808 3247 te
824 3181 1009 3269 priusquam

25 3289 147 3356 nundus
161 3288 279 3357 iisnet⁸.
295 3319 308 3352 s
321 3291 388 3360 Nee
400 3305 509 3359 nostro
522 3291 696 3359 ministerio
708 3291 852 3381 indigens
870 3291 962 3380 jussit
973 3303 1010 3359 ut

25 3420 57 3462 un
71 3421 285 3486 sequeremur:
300 3399 358 3466 sed
373 3401 464 3468 nobis
476 3401 551 3490 ipsis
561 3401 738 3468 attribuens
749 3399 895 3468 salutem.
910 3401 1009 3492 Sequi

25 3506 69 3572 im
80 3506 280 3586 salvatorem,
292 3510 483 3600 participare
498 3523 547 3578 est
562 3510 696 3579 salutem
710 3535 718 3578 ε
734 3526 766 3578 et
777 3513 865 3600 sequi
885 3510 1007 3590 lumen.

25 3619 144 3708 ueipem
156 3630 199 3684 est
214 3616 332 3686 iumen.
354 3619 419 3700 Qui
436 3631 544 3687 autem
567 3621 599 3687 in
623 3620 743 3688 lumine
762 3632 848 3697 sunt,
867 3645 931 3688 non
951 3624 1008 3711 ipsi
1051 3643 1052 3646 ’

25 3749 93 3794 ‚men
108 3725 291 3807 illuminant,
307 3729 363 3797 sed
383 3728 604 3798 illuminantur
620 3742 653 3797 et
671 3729 870 3798 illustrantur
886 3734 926 3798 uh
944 3755 982 3798 eo
998 3755 1005 3796 :

25 3839 50 3904 »si
63 3838 181 3929 quidem
189 3840 217 3906 ei
235 3839 314 3908 nihii
334 3853 497 3931 prestant.
509 3841 703 3912 beneficium
714 3854 821 3911 autem
836 3843 1011 3932 percipien-

31 3967 126 4018 *ticon
138 3987 162 4028 u,
173 3969 207 4019 ιδ.
219 3995 247 4007 -
257 3969 268 4003 ²
278 3971 354 4020 Joau.
366 3987 421 4031 vasa,
435 3969 475 4022 58.
488 3999 517 4009 -
528 3970 537 4004 ¹
548 3973 620 4021 ioan.
636 3987 697 4032 nau,
707 3974 731 4020 5.
