2640 4622
233 326 381 369 nrnsoous
405 323 467 366 cua
491 319 653 363 rnrrnons
668 315 790 358 'sunno
961 289 1020 365 lor

19 433 159 518 saptismo
173 442 292 519 egeret,
306 440 361 493 aut
377 427 542 493 delabente
557 427 589 490 in
604 423 760 489 columbae
776 418 880 508 specie
895 415 1025 504 Spiritu,

19 541 123 605 dcirco
144 561 219 603 eum
240 539 280 602 ad
294 537 428 601 lluvium
443 535 563 601 amisse
583 534 739 603 novimum
762 528 1028 617 quemadmodum

19 672 67 712 rec
81 647 167 712 nasci
183 669 242 711 nec
258 645 400 732 cruciligi
416 645 486 708 ideo
503 643 660 715 sustinuit,
677 640 762 726 quod
777 638 826 702 his
841 638 936 701 rebus
953 636 1031 701 indi-

19 767 108 841 geret,
125 756 181 818 sed
195 778 253 841 pro
268 753 408 817 humano
423 775 549 840 genere,
563 749 650 837 quod
660 750 698 813 ah
712 747 833 812 Adamo
845 747 878 810 in
894 755 1031 810 mortem

19 873 41 924 st
58 861 216 948 Serpentis
226 860 368 944 fraudem
383 860 547 932 inciderat,
565 881 629 923 uno
644 879 769 944 quoque
784 877 838 919 sua
860 852 952 942 culpa
970 854 1033 917 im-

19 970 110 1034 srohe
125 979 245 1056 agente.
265 967 343 1033 Nam
356 990 428 1032 cum
442 964 537 1048 ¹vellet
552 966 637 1031 Deus
649 962 775 1051 angelos
786 972 818 1026 et
834 961 978 1026 homines
994 957 1034 1024 li-

19 1085 86 1140 bera
102 1075 235 1163 eligendi
250 1088 403 1164 potestate
419 1075 568 1163 praeditos
579 1096 616 1138 ac
628 1073 675 1137 sui
692 1071 783 1160 juris,
796 1091 832 1136 ea
844 1091 935 1157 agere
947 1093 1035 1157 quae-

19 1208 147 1270 :umque
164 1185 237 1271 ipsis
252 1186 364 1273 agendi
381 1184 562 1249 facultatem
579 1182 728 1254 dedisset,
741 1177 818 1244 tales
833 1201 886 1242 eos
897 1178 984 1253 lecit,
1000 1188 1035 1242 ut

19 1294 35 1354 si
56 1292 112 1379 ipsi
134 1289 290 1379 placentia
310 1291 473 1379 eligerent,
492 1289 703 1376 corruptionis
723 1299 756 1352 et
773 1309 875 1374 poenae
894 1299 1036 1374 expertes

19 1411 164 1472 serraretr
176 1401 223 1466 sin
232 1412 337 1465 autem
346 1402 490 1490 improbe
500 1410 641 1489 agerent,
651 1423 708 1463 suo
719 1399 873 1462 arbitratu
885 1397 918 1460 in
927 1417 1039 1459 unum-

19 1530 168 1594 quemque
186 1509 456 1574 animadverteret.
477 1509 558 1574 Nam
573 1531 675 1594 neque
693 1507 778 1593 quod
795 1506 883 1569 asino
901 1504 1038 1568 insidens
1126 1544 1131 1557 ·

19 1612 240 1701 lerosolymam
259 1617 416 1703 ingressus
441 1626 499 1690 est,
525 1624 560 1679 ut
580 1613 769 1701 praedictum
795 1635 864 1677 esse
888 1611 1039 1675 demons-

19 1724 175 1797 narinus,
195 1723 227 1786 id
245 1726 395 1788 virtutem
412 1727 441 1788 ei
461 1726 629 1812 prestabat
648 1735 684 1786 ut
703 1722 847 1787 Christus
866 1732 960 1795 emet,
984 1721 1039 1784 sed

19 1831 194 1895 hominihus
205 1831 357 1895 indicium
369 1830 504 1894 laciehat
521 1853 595 1894 eum
606 1852 673 1895 esse
686 1828 848 1893 Christum
863 1851 870 1890 :
886 1825 1041 1914 quemad-

19 1921 145 1998 modum
166 1937 262 1999 etiam
284 1937 407 2001 Joanne
435 1937 613 2024 baptizante
633 1936 746 2001 indicia
769 1935 950 1999 hominibus
972 1935 1040 1999 dari

19 2043 193 2128 oportebat,
217 2055 252 2105 ut
271 2044 399 2130 quinam
421 2056 503 2110 esset
526 2045 682 2118 Christus,
706 2043 935 2130 dignoscerent.
959 2043 1039 2107 Nam

19 2172 90 2213 cum
106 2149 228 2212 sederet
240 2150 279 2214 ad
290 2150 463 2215 Jordanem
474 2152 611 2216 loannes
627 2165 659 2216 et
676 2151 830 2237 baptisma
847 2151 1039 2238 paenitentiae

19 2257 210 2344 praedicaret,
224 2281 263 2322 ac
273 2260 492 2324 tantummodo
505 2283 617 2326 zonam
624 2258 791 2348 pelliceam
801 2271 834 2323 et
845 2269 962 2325 vestem
972 2274 1041 2325 tan-

19 2389 80 2432 um
97 2387 135 2430 ex
147 2365 258 2430 cameli
270 2365 340 2454 pilis
356 2380 535 2433 contextam
547 2379 694 2456 gestaret,
708 2391 768 2434 nec
780 2367 951 2456 quidquam
960 2393 1039 2457 prae

19 2495 60 2537 :or
80 2471 217 2538 locustas
232 2486 265 2537 et
279 2474 341 2540 mel
357 2489 478 2562 agreste
495 2477 618 2548 ederet;
638 2477 876 2566 suspicabantur
895 2479 1037 2544 homines

19 2605 87 2644 aum
102 2604 169 2646 esse
180 2581 351 2646 Christum.
367 2583 415 2648 ld
426 2607 504 2672 quos
516 2584 581 2671 ipse
593 2583 749 2650 clamabat
762 2607 770 2648 ι
790 2585 884 2650 «Non
896 2610 955 2673 ego
967 2609 1038 2651 sum

19 2721 22 2744 ι
37 2674 198 2764 Christus,
208 2691 329 2756 scdrox
341 2689 513 2758 clamantis.
526 2691 640 2757 Veniet
650 2677 735 2757 enim
747 2691 858 2756 sortior
868 2716 933 2764 me;
947 2695 1039 2780 cujus

19 2837 20 2844 ι
37 2821 102 2863 non
118 2823 189 2863 sum
203 2799 316 2887 dignus
331 2811 366 2864 ut
377 2799 590 2866 calceamenta
602 2801 757 2888 portem¹.
772 2831 785 2862 ι
801 2802 926 2873 Etcum
937 2802 1037 2866 venis-

19 2917 56 2968 set
71 2905 163 2970 Jesus
180 2906 220 2970 ad
230 2906 405 2972 Jordanem
416 2921 448 2971 et
459 2908 588 2996 losephi
605 2909 686 2974 labri
699 2907 781 2972 lilius
794 2909 989 2982 crederetur,
1002 2933 1039 2975 ac

21 3013 165 3086 nimmia,
189 3024 224 3076 nt
246 3014 462 3101 predicabant
485 3015 669 3102 Scripturae,
693 3016 865 3090 videretur,
889 3016 1039 3105 saberquo

22 3143 76 3204 pso
92 3120 322 3185 existimaretur
341 3121 429 3206 (haec
446 3123 531 3186 enim
550 3120 672 3188 fabrilia
687 3146 782 3211 opera
798 3123 945 3199 saciabat,
965 3147 1039 3191 curn

22 3237 93 3290 nter
113 3227 256 3292 hominos
268 3243 456 3304 versaretur,
475 3243 578 3296 aratra
598 3243 630 3295 et
648 3233 735 3319 juga,
756 3231 804 3295 his
828 3233 921 3297 rebus
944 3235 1041 3298 etiam

24 3334 138 3398 ustitiae
148 3335 278 3422 insignia
287 3337 423 3401 etvitam
432 3350 595 3403 actuosam
605 3339 755 3426 docens),
766 3337 900 3425 Spiritus
913 3351 1040 3405 sanctus

19 3451 139 3526 ›ropter
158 3438 314 3514 homines,
338 3453 373 3504 ut
394 3442 459 3528 jam
475 3443 551 3517 dixi,
573 3444 605 3507 in
625 3444 728 3531 specie
748 3441 903 3508 columbe
918 3444 951 3507 in
966 3465 1040 3511 eum

19 3549 170 3624 nvolavit,
186 3571 225 3614 ac
240 3572 299 3613 vox
314 3573 332 3614 e
350 3549 431 3615 celo
443 3553 540 3626 venit,
554 3575 623 3638 quae
639 3575 696 3639 per
709 3547 862 3617 Davidem
879 3551 1038 3616 dictafue-

19 3671 68 3732 at,
82 3671 232 3745 tanquam
243 3683 282 3724 ex
296 3659 412 3724 Christi
423 3665 556 3748 per'sona
572 3661 797 3749 proferentem,
810 3661 896 3749 quod
907 3663 935 3725 ei
947 3659 1039 3727 Pater

19 3779 74 3830 rat
91 3767 231 3833 dicturus
251 3791 259 3832 τ
288 3769 320 3832 F
322 3769 400 3835 ilias
421 3793 511 3837 meaa
529 3793 561 3842 cs
581 3786 635 3848 tm
657 3793 714 3860 ago
732 3771 828 3836 laodic
843 3770 942 3860 geniti
963 3769 1035 3836 tc²:

40 3896 135 3945 ίδοιιι.
149 3913 166 3956 ι,
179 3913 218 3946 ιι.
232 3925 262 3936 -
273 3895 284 3930 ²
295 3897 359 3948 Psal.
373 3915 401 3958 n,
413 3915 437 3962 7.

95 4004 116 4044 1.
820 3985 859 4047 20
