2704 4646
377 327 417 374 an
439 325 561 372 euneos
584 328 711 376 enarro.
1000 311 1059 375 105

22 461 83 518 ιιιις
104 441 164 510 sed
183 441 337 508 animem
354 460 485 528 puram,
508 434 716 507 sanctimonia
737 439 908 516 munitam,
928 453 961 506 et
979 441 1061 530 regis

22 549 115 620 nostri
130 551 285 623 tesseres,
311 547 432 614 divinas
450 545 611 614 notiones:
630 547 747 636 quippe
763 569 839 616 eum
852 547 1063 637 perverbum

23 662 63 725 ris
79 658 228 746 quedam
245 657 282 722 in
300 655 444 722 enimam
468 655 620 745 pervadat
642 653 685 742 (o
703 656 780 723 tibia
802 655 936 746 pacifica
951 660 1065 725 anime

22 768 104 837 bello
127 765 300 858 appetitael
326 789 346 832 o
368 766 512 855 gravium
534 765 707 833 nll'eetuum
729 765 922 856 fugatorium
945 769 1065 835 instru-

24 879 188 946 mentuml
201 875 316 964 oignis
332 875 448 941 enimse
460 875 542 942 insiti
553 875 795 942 exstinctorium
810 877 1026 966 magisterium
1037 880 1061 965 l)

27 1013 98 1078 quse
116 1011 173 1054 nos
187 1009 248 1052 non
263 983 370 1051 efficit
385 995 508 1074 poetas,
525 1007 590 1050 non
606 984 811 1075 philosophos
826 987 943 1064 reddit,
959 1010 1067 1076 neque

29 1111 164 1165 oratores
175 1091 389 1167 exoellentess
407 1093 463 1160 sed
478 1093 597 1160 docens
612 1115 651 1160 ex
665 1095 761 1161 morti
776 1095 920 1162 obnoxiis
932 1097 1065 1163 immor-

30 1208 113 1282 tales,
126 1218 158 1272 et
173 1205 249 1270 deos
265 1225 309 1269 ex
325 1200 516 1269 mortalibus
528 1201 603 1268 iecit
616 1226 625 1268 ε
638 1225 657 1268 a
672 1214 756 1268 terra
772 1215 878 1270 autem
893 1205 926 1270 in
941 1229 978 1270 ea
994 1204 1064 1271 loca

32 1317 178 1391 transbrt
194 1329 341 1403 quorum
360 1312 488 1378 termini
503 1323 578 1378 sunt
598 1311 680 1378 ultra
702 1309 886 1402 Olympum.
912 1313 1066 1381 decedito

33 1427 141 1502 Greci,
159 1421 336 1490 docemini·
361 1421 472 1488 Estote
487 1433 522 1486 ut
536 1444 595 1512 ego
612 1445 621 1486 t
639 1421 789 1511 quoniam
805 1434 838 1488 et
852 1445 911 1512 ego
926 1445 1014 1490 eram
1030 1435 1067 1488 ut

30 1561 86 1604 sos.
110 1536 185 1602 lime
203 1555 260 1600 me
281 1535 462 1622 oeperunt,
482 1542 516 1598 et
536 1531 689 1600 doctrine
710 1532 756 1599 vis
776 1530 893 1598 enthea
912 1544 944 1598 et
964 1531 1064 1599 Verbi

30 1645 183 1712 efficacia:
205 1641 369 1732 quoniam
389 1641 472 1707 sieut
492 1641 672 1710 incantator
690 1641 811 1728 peritus
833 1633 1068 1710 formidabilem

31 1766 200 1844 serpentem
219 1750 325 1840 lugat,
348 1761 522 1838 postquem
538 1746 615 1816 feeit
634 1759 671 1812 ut
689 1771 708 1813 e
729 1771 792 1816 suo.
807 1744 941 1813 latibulo
955 1771 1067 1837 erepe-

30 1878 94 1930 ret:
115 1863 162 1928 sie
172 1859 321 1928 Verbum
342 1883 385 1924 ex
400 1857 520 1924 intimis
536 1857 633 1922 animi
648 1853 865 1944 penetralibus
880 1857 1068 1924 formidabi-

31 1975 74 2040 les
88 1995 240 2038 sensnum
260 1968 398 2036 effectus
414 1964 556 2055 expellit,
576 1988 616 2034 ne
632 1965 773 2054 primum
790 1967 1013 2055 cupiditatem,
1029 1991 1069 2034 ex

32 2103 92 2172 qua
116 2078 269 2168 quidquid
288 2073 493 2143 formidabile
516 2085 565 2140 est
587 2075 740 2150 nascitur,
766 2073 953 2151 inimicitie,
978 2077 1065 2152 rixae,

34 2191 156 2264 invidia,
171 2186 408 2260 emulationes,
423 2184 491 2258 irae,
508 2192 541 2249 et
561 2182 610 2247 bis
630 2179 753 2248 similia.
774 2181 956 2271 cupiditate
971 2183 1066 2272 igitur

37 2299 165 2390 expulsu,
182 2296 453 2388 tranquillitatem
463 2307 496 2360 et
511 2292 714 2360 serenitatem
729 2292 835 2358 anima
846 2295 1062 2381 consequitur.

41 2409 134 2476 Soluto
152 2422 259 2475 autem
280 2403 383 2472 malis
403 2427 473 2492 quae
494 2401 652 2469 cervicem
672 2402 742 2489 ejus
761 2401 1002 2477 circumlinunt,
1024 2402 1066 2467 ad

45 2541 108 2584 eum
120 2519 177 2586 abit
191 2518 245 2606 qui
261 2517 374 2605 ipsam
389 2511 542 2580 condidit.
565 2511 603 2578 lu
621 2532 696 2575 eum
713 2510 798 2578 enim
818 2508 926 2576 locum
942 2519 1068 2597 oportet

46 2629 148 2696 restim
162 2627 243 2696 unde
258 2623 432 2694 ahseeuin
