2710 4662
373 289 523 354 amorosa
549 291 589 336 an
612 289 767 336 srassros.
1041 263 1082 330 85

42 393 165 458 somine
188 391 342 473 Davidis,
354 394 487 486 ¹Spiritu
506 407 614 464 eutem
629 379 749 464 scitoto.
771 396 838 475 Qui
856 407 952 460 natus
967 405 1032 468 est;
1055 407 1087 459 et

42 505 228 592 baptizatus
244 518 311 583 est,
325 518 364 572 ut
373 507 522 596 passione
533 529 648 596 aquam
661 506 856 596 purificaret.
1017 491 1022 513 ⁸

88 611 187 678 XIX.
206 615 253 679 Et
262 613 453 702 Principem
465 614 562 702 hujus
572 613 683 680 mundi
694 613 784 680 latuit
797 613 903 678 blariae
919 611 1091 701 virginitas,

48 734 212 809 otpertus
223 722 342 810 ipsius,
355 721 498 789 similiter
507 734 540 789 et
550 745 636 791 mors
646 721 790 794 Dominir
800 722 860 787 tria
871 723 1020 810 mysteria
1032 721 1093 789 cla

53 831 159 895 moris
177 851 254 917 quae
272 831 318 898 in.
329 831 448 900 silentio
462 832 521 898 Dei
539 842 662 922 patrata
681 843 764 922 sunt
790 831 863 911 Quo
882 831 980 900 modo
996 833 1093 922 igitur

57 937 286 1007 manifestatus
298 955 344 1008 est
355 939 605 1008 saeculisiStella
617 941 649 1008 in
661 938 743 1007 coto
754 939 852 1015 fldsit,
862 940 1031 1029 splendore
1040 965 1092 1008 ex·

59 1073 217 1139 superans
232 1073 344 1118 omnes
357 1048 472 1126 stellas,
488 1063 521 1116 et
535 1048 591 1115 lux
604 1047 687 1117 illius
698 1048 865 1118 ineffabilis
876 1062 945 1115 erat
953 1075 964 1123 t
983 1063 1015 1116 et
1025 1061 1090 1117 stu·

55 1182 168 1247 porcm
180 1160 317 1228 incussit
330 1160 425 1248 ipsius
439 1159 560 1226 novitas
570 1157 592 1223 ¹.
611 1157 726 1224 Omnia
738 1170 845 1224 autem
858 1157 981 1246 reliqua
992 1171 1089 1235 astra,

54 1291 117 1335 unu
140 1289 218 1336 cum
235 1267 305 1334 solo
327 1279 359 1334 ct
372 1267 461 1344 luna,
481 1259 598 1334 cborus
613 1265 703 1332 luere
718 1265 844 1334 Stellae:
863 1267 931 1356 ipsa
955 1290 1030 1334 veru
1046 1267 1093 1333 lu-

52 1401 126 1444 men
145 1401 243 1444 suum
261 1378 453 1444 extendebat
472 1400 569 1467 snper
587 1377 694 1442 omnia
712 1398 721 1440 t
742 1389 776 1441 et
793 1378 992 1464 perturbatio
1009 1388 1091 1453 erat,

54 1489 141 1555 unde
156 1489 306 1578 prodiret
320 1487 380 1554 illis
395 1487 519 1554 novitas
536 1485 716 1551 dissimilis:
735 1508 835 1573 quara
847 1485 950 1552 soluta
966 1497 1014 1551 est
1028 1509 1094 1552 om-

53 1600 102 1665 nis
116 1599 238 1687 magia,
256 1611 293 1662 et
307 1619 402 1664 omne
421 1593 588 1664 vinculum
605 1593 735 1660 malitiae
754 1605 803 1658 est
819 1593 988 1670 abolitum,
1005 1583 1110 1683 igno!

56 1709 161 1774 rantis
177 1707 344 1772 destructa
362 1715 424 1780 est,
441 1716 533 1770 vetus
550 1723 689 1790 regnum
705 1711 754 1766 cst
770 1699 1012 1774 labefactatum:
1030 1703 1098 1768 Deo

58 1817 253 1884 humanitus
268 1815 485 1887 manifestato,
502 1812 537 1877 in
552 1808 729 1876 novitatem
747 1810 815 1875 vitae
830 1821 963 1876 aetemae.
984 1812 1100 1877 Princi*

64 1935 184 2013 patum
202 1945 282 1988 vero
301 1921 426 2010 accepit
442 1921 476 1985 id
492 1921 611 2009 quoda
628 1920 696 1986 Deo
713 1921 858 1986 omnibus
877 1922 942 1987 suis
957 1923 1098 2009 partibus
1173 1936 1177 1944 '

72 2029 261 2096 absolutum
275 2041 352 2095 erat.
372 2028 451 2095 lude
465 2029 568 2094 omnia
584 2029 873 2106 commovebantur,
894 2032 979 2117 quod
994 2031 1097 2096 medi-

73 2149 197 2204 taretur
208 2137 321 2204 mortis
334 2135 544 2204 abolitionem.

110 2245 188 2314 ΧΧ.
208 2245 246 2312 Si
259 2269 312 2312 me
324 2247 469 2336 dignatus
481 2245 575 2311 luerit
588 2246 680 2314 Jesus
693 2247 835 2316 Christus
848 2273 907 2340 per
917 2250 1092 2315 orationem

64 2367 214 2430 vestram,
230 2365 265 2419 ct
281 2353 426 2421 voluntas
437 2355 494 2428 sit;
508 2355 541 2422 in
552 2356 694 2422 secundo
704 2355 824 2433 libello,
842 2381 938 2446 quem
956 2360 1094 2448 scriptu-

63 2487 203 2530 russum
217 2465 322 2540 vobis,
342 2463 510 2531 declarabo
522 2466 610 2532 vobis
626 2488 722 2553 quam
737 2467 919 2556 inceperam
938 2469 1097 2558 dispensa·

63 2577 180 2641 tionem
193 2576 227 2642 in
238 2594 363 2642 novum
377 2575 540 2641 hominem
551 2576 662 2642 Jesum
675 2577 852 2653 Christum,
869 2579 902 2644 in
918 2578 983 2644 fide
998 2580 1097 2666 ipsius

58 2698 90 2752 et
100 2683 132 2750 in
150 2685 250 2774 ipsius
266 2682 455 2761 dilectione,
467 2685 501 2750 in
517 2686 662 2774 passione
679 2687 777 2774 ipsius
792 2699 826 2751 et
843 2685 1094 2758 resurrectione;

56 2794 204 2870 maxime,
226 2794 253 2860 si
285 2793 443 2859 Dominus
464 2793 545 2860 mihi
570 2793 766 2860 revelaverit.
796 2793 963 2881 Siquidem
984 2789 1100 2884 singuli

56 2903 272 2970 communiter
287 2923 411 2978 omnes,
424 2923 464 2968 ex
474 2902 588 2990 gratia,
604 2901 794 2967 nominatim
805 2902 981 2969 convenitis
991 2902 1024 2969 in
1037 2927 1099 2970 una

56 3011 117 3079 lide
130 3023 165 3080 et
179 3035 248 3078 nno
263 3010 349 3078 Jesu
366 3009 508 3084 Christo,
524 3009 703 3076 secundnm
715 3031 846 3075 carnem
856 3033 896 3075 ax
910 3033 1026 3100 genere
1039 3013 1101 3078 Da·
1201 3009 1210 3034 ‘

56 3123 132 3188 vidis
152 3121 222 3188 filio
245 3119 407 3194 hominis,
426 3129 460 3183 et
480 3116 547 3183 lilio
570 3117 647 3192 Dei;
669 3129 704 3182 ut
721 3118 876 3186 obediatis
896 3122 1046 3210 episcopo
1067 3136 1101 3188 et

55 3231 261 3320 presbyterio
278 3240 388 3294 mente
402 3224 573 3298 indivdm
589 3226 769 3314 frangentes
783 3251 899 3318 panem
914 3253 1030 3307 unum,
1046 3232 1102 3320 qui

56 3341 280 3427 pharmacum
302 3332 545 3400 immortalitatis
566 3347 626 3411 est,
654 3336 834 3402 antidotum
858 3359 901 3402 ne
929 3325 1104 3404 moriamur

60 3447 114 3514 sed
132 3447 287 3514 vivamus
302 3464 426 3530 semper
440 3442 473 3508 in
488 3441 565 3508 lesu
580 3442 718 3508 Christo.

102 3555 200 3623 XXI.
232 3551 317 3618 Vico
344 3551 522 3616 animarum
547 3563 723 3616 vestrarum
746 3551 806 3616 sim
827 3574 898 3642 ego,
923 3566 955 3620 et
975 3553 1099 3624 illorum

65 3689 142 3753 quos
160 3664 205 3730 ad
228 3663 390 3730 bonorem
408 3658 469 3726 Dei
487 3657 615 3724 misistis
635 3659 816 3748 Smyrnam,
837 3663 921 3730 unde
942 3677 975 3730 et
991 3666 1098 3733 scribo

68 3771 171 3844 robis3
197 3767 317 3860 gratias
336 3787 434 3856 agens
454 3763 608 3840 Domino,
627 3763 758 3856 diligens
778 3766 987 3860 Polycarpum
1010 3785 1045 3838 ut
1066 3787 1100 3840 et

99 3895 234 3946 ¹ldntt.u.

763 3989 919 4051 ·6.
