2616 4620
313 229 370 292 188
648 251 672 292 ι.
698 249 725 292 r.
752 250 781 292 n.
810 249 986 292 rnnornrnr

309 353 473 443 prophetas
489 315 533 418 eis
548 354 693 442 deinceps
708 379 745 420 ex
760 356 909 420 fratribus
927 356 997 420 suis
1013 355 1166 427 mitteret,
1177 356 1217 440 qni
1229 357 1255 416 i·

310 471 381 528 rent
402 473 432 526 et
452 462 484 524 in
503 462 684 526 memoriam
706 461 885 548 redigerent
904 461 1057 524 instituta
1077 457 1165 546 legis,
1184 473 1259 543 atqu..

311 569 524 657 paenitentiam
539 591 592 634 eos
607 580 836 643 converterent,
849 593 915 655 quo
928 567 1074 656 amplius
1086 591 1151 631 non
1162 591 1247 654 pere*

312 678 367 744 Sin
381 687 485 742 nutem
499 677 532 740 in
546 677 647 764 pruris
663 678 836 742 actionibus
856 688 1109 766 permanerent,
1127 691 1241 762 praenrn

312 785 377 849 sore
391 796 427 848 ut
442 785 554 872 captivi
569 786 767 851 traderentur
776 786 925 852 omnibus
938 786 1051 873 regnis
1067 795 1163 847 terrae
1177 809 1247 868 :qas-

312 891 384 956 dem
401 893 466 978 jam
480 893 523 956 eis
538 894 676 958 evenisse
691 895 721 957 in
737 904 885 982 promptu
902 905 962 957 est.
983 894 1035 960 De
1052 893 1250 979 poenitendi:i

312 1000 417 1064 Esaias
438 1001 590 1089 propheta
615 1003 822 1068 communiter
840 1002 971 1088 quidem
1005 1024 1141 1072 omnes,
1162 1025 1259 1064 nour.

314 1129 388 1172 vero
402 1107 552 1196 populum
567 1107 734 1196 alloquitur
750 1133 758 1174 ε
774 1135 787 1167 r
801 1109 940 1187 Quaerite
956 1109 1157 1196 Dominum,
1168 1107 1226 1170 et'u
1242 1133 1247 1141 ·

315 1215 457 1281 uniendo
479 1239 564 1290 eum,
584 1217 736 1309 invocate,
761 1228 791 1279 et
809 1224 976 1303 postquam
994 1214 1093 1278 vobis
1115 1215 1241 1301 appropi.-

316 1322 432 1396 »νοτίῃ
449 1320 602 1414 relinquat
617 1312 730 1410 impius
744 1321 807 1386 rias
823 1344 906 1395 enas,
922 1333 955 1384 et
970 1323 1022 1385 vir
1037 1322 1172 1408 iniquus
1186 1327 1241 1407 erp

315 1451 397 1494 unes
412 1451 493 1502 suas,
515 1439 547 1494 et
564 1441 762 1495 convertatur
783 1429 823 1492 ad
842 1429 1017 1494 Dominum
1038 1442 1074 1491 et
1099 1429 1253 1493 misericord

317 1547 565 1624 »consequentum
584 1537 655 1621 quia
672 1535 805 1600 multum
822 1535 956 1600 dimittet
972 1549 1114 1621 peccata
1132 1537 1237 1599 restra¹¹

317 1641 459 1708 Ezechiel
482 1641 558 1706 alius
578 1643 729 1730 propheta
753 1643 794 1706 ait
812 1667 819 1705 :
837 1662 853 1700 r
870 1641 902 1706 Si
924 1643 1056 1729 iniquus
1082 1647 1222 1706 arerterit
1235 1679 1249 1697 τ

319 1751 489 1816 nomnibus
504 1750 717 1837 iniquitatibus
731 1773 807 1837 quas
826 1750 911 1822 lecit,
927 1761 959 1814 et
979 1751 1174 1816 custodierit
1189 1777 1254 1838 prr„

321 1879 429 1931 umen,
453 1869 485 1921 et
505 1857 612 1922 lecerit
632 1856 867 1943 justificationes
884 1880 982 1931 meas,
1000 1859 1119 1924 vivens
1136 1861 1252 1924 visete-

321 1967 511 2041 morietur,
526 1979 558 2030 et
572 1965 748 2052 iniquitates
763 1967 830 2052 ejus
848 1987 925 2051 quas
941 1965 1014 2030 lecit
1036 1991 1106 2031 non
1121 1973 1261 2032 memmi.-

323 2087 413 2150 »tur‚
431 2077 484 2140 sed
499 2077 615 2162 justitia
635 2099 727 2163 quam
748 2076 821 2141 lecit
836 2076 933 2147 viret3
959 2077 1033 2162 quin
1051 2076 1132 2141 nolo
1146 2090 1241 2142 morte:

323 2185 414 2270 iqui,
436 2183 511 2248 dicit
531 2184 696 2256 Dominus,
716 2183 770 2247 sed
789 2193 823 2246 ut
841 2168 958 2245 avertat
979 2206 1012 2246 se
1033 2207 1053 2246 a
1072 2186 1126 2248 via
1149 2208 1197 2248 sna
1212 2209 1248 2246 n„

321 2291 456 2356 rvirat².
481 2291 625 2356 »Rursus
644 2293 772 2356 Esaias:
792 2291 1044 2355 «Convertimini
1070 2293 1131 2378 qui
1155 2299 1251 2380 puin-r

325 2427 338 2460 ι
353 2398 516 2464 consilium
533 2400 615 2465 initis
626 2413 657 2463 et
669 2399 823 2486 iniquum,
835 2411 871 2462 ut
881 2397 1040 2462 salvemini
1052 2399 1076 2462 ⁸.
1097 2429 1113 2460 ι
1129 2403 1169 2466 Et
1182 2401 1258 2483 alus

322 2507 415 2593 pheta
438 2505 588 2570 ieremias
605 2529 613 2570 ε
630 2534 642 2564 r
659 2505 881 2570 convertimini
896 2505 936 2568 ad
954 2505 1137 2572 Dominum
1157 2509 1269 2572 Μ

324 2627 447 2688 strum,
463 2614 727 2700 quemadmodum
747 2613 937 2676 vindemians
949 2612 989 2676 ad
1001 2614 1175 2679 cartellam
1192 2637 1239 2677 ste..
1264 2630 1268 2640 ⁴

324 2749 336 2780 ι
350 2719 593 2786 misericordiam
610 2717 872 2806 consequemini⁴.
892 2715 1013 2782 »Multa
1029 2721 1168 2805 quidem
1184 2721 1268 2806 reip-2.

324 2826 559 2894 innumerabilia
572 2838 644 2891 sunt
657 2826 694 2890 de
706 2827 885 2914 poenitentia
896 2825 1112 2914 inscripturis
1123 2829 1264 2893 sancite.-

324 2935 446 3000 volente
464 2934 666 3021 semperUDeo
680 2933 851 2998 humanum
867 2955 964 3020 genus
978 2933 1019 2996 ab
1039 2936 1193 3001 omnibus
1206 2949 1271 3023 petz-l

324 3054 515 3109 convertere.

368 3152 442 3216 Xll.
461 3149 574 3215 Adhuc
587 3151 681 3214 etiam
695 3159 727 3214 et
742 3149 780 3213 de
794 3150 909 3236 justitia
926 3173 1019 3236 quam
1035 3149 1087 3214 lex
1103 3153 1246 3239 praecipit.
1270 3161 1271 3236 l

327 3274 480 3327 sentaneae
496 3259 696 3325 inveniuntur
716 3259 940 3346 Prophetarum
958 3271 990 3324 ct
1008 3259 1243 3348 Evangeliorurn
1257 3241 1271 3319 εἰ

326 3372 441 3446 tentiae,
454 3381 616 3460 propterea
628 3371 713 3456 qnod
725 3393 832 3436 omnes
844 3393 907 3435 uno
918 3371 978 3455 Dei
987 3371 1081 3434 alllati
1091 3373 1210 3458 Spiritu
1222 3372 1269 3456 lup

326 3493 406 3546 sunt.
424 3481 477 3548 Sic
488 3481 581 3570 igitur
595 3482 698 3545 Esaias
713 3482 755 3544 ait
769 3504 776 3543 :
789 3507 802 3539 r
814 3477 940 3546 Auferte
952 3479 1031 3544 mula
1048 3504 1087 3543 ex
1102 3483 1256 3545 animabus
1265 3445 1271 3538 l

327 3592 419 3666 stris,
435 3590 543 3656 discite
558 3591 660 3656 lacere
675 3592 808 3664 bonum,
821 3590 948 3676 quaerite
964 3589 1132 3676 judicium,
1145 3589 1260 3654 liberate

367 3739 373 3771 ¹
384 3741 448 3788 Esui.
462 3757 499 3798 nv,
509 3740 533 3800 6,
547 3759 568 3805 7.
580 3740 629 3778 --2
640 3741 730 3790 Ezcclr.
739 3759 794 3802 vin,
802 3757 828 3790 nr
840 3751 866 3790 et
875 3758 984 3804 seqq.·-
994 3737 1003 3773 ⁸
1013 3741 1077 3789 Esai.
1091 3755 1160 3799 xxxa,
1170 3740 1194 3797 6,
1204 3749 1225 3784 rr
1236 3711 1271 3806 nup

327 3852 357 3862 -
370 3823 379 3856 ⁶
392 3825 486 3874 lenem.
499 3841 534 3882 vr,
544 3841 567 3888 9.
