2710 4662
424 245 590 290 siraconus
615 239 840 288 aurtocnsrus.
1105 223 1147 308 75

98 359 248 426 amoris
261 354 377 428 divini
391 354 499 450 quasi
511 349 792 422 scintillantibus
799 348 921 420 radiis.
934 355 1085 421 Romam
1095 351 1151 422 de·

100 464 228 560 nique
246 462 424 559 vigesima
439 449 648 530 decembris
662 454 720 527 die
733 455 898 550 ejusdem
911 461 1001 528 anui
1018 479 1080 550 roy
1095 455 1151 528 de-

101 571 232 654 venit,
259 567 461 660 statimque
487 561 536 634 ad
561 560 865 662 amphitheatrum
886 559 1068 634 deductus
1090 576 1155 644 est,

107 672 183 745 ubi
203 699 225 744 a
243 670 394 744 duobus
409 675 460 742 ita
475 667 671 740 devoratus
683 685 738 740 est
750 661 932 756 leonibus,
953 683 998 740 ut
1012 667 1156 739 duriora

116 797 268 854 tantum
286 805 367 878 ossa
390 775 555 876 quaedam
574 790 818 864 remanerent,
841 798 922 874 quae
942 801 964 848 a
984 769 1156 850 fidelibus

123 903 290 986 excepta,
309 900 348 956 et
362 883 565 956 honorifice
579 897 770 969 asservata,
785 883 986 955 Antiochiae
1000 886 1075 955 suis
1092 883 1154 955 ad·

123 995 195 1067 buc
218 990 441 1090 temporibus
459 988 589 1062 devote
607 987 809 1062 veneranda
830 987 1053 1089 predicabat
1073 993 1153 1090 ipse

117 1101 393 1198 chrysostomus
406 1097 764 1194 (Homil.in1gnat.);
777 1122 878 1169 nunc
889 1113 1014 1170 autem
1027 1103 1152 1170 Romae

111 1206 286 1278 coluntur
302 1209 340 1276 in
359 1205 511 1276 ecclesia
524 1207 558 1276 S.
574 1193 786 1292 Clementis,
798 1227 903 1304 papae
913 1219 953 1276 et
967 1211 1146 1303 martyris.

110 1311 198 1406 Ejus
206 1314 413 1383 encomium
423 1310 705 1406 chrysostomus
716 1310 924 1396 celebravit,
937 1317 976 1383 in
987 1337 1063 1410 quo
1075 1311 1148 1385 hoc

109 1419 293 1516 praecipne
308 1417 539 1488 notandum:
556 1445 573 1480 α
583 1421 676 1488 Cum
693 1419 894 1515 Apostolis,
906 1421 1044 1515 inquit,
1061 1431 1148 1490 stre·

107 1553 126 1588 a
138 1547 214 1594 nuc
226 1537 389 1596 versatus
402 1536 476 1609 est,
491 1536 528 1593 et
541 1521 681 1594 fluenta
691 1521 816 1593 hausit
829 1523 1039 1620 spiritualia.
1052 1527 1150 1616 Qua·

112 1627 216 1700 »lem
233 1632 344 1726 igitur
362 1651 451 1702 eum
469 1651 548 1700 esse
565 1651 632 1724 par
649 1626 738 1708 fuit,
757 1631 822 1724 qui
838 1629 1006 1700 cumillis
1021 1625 1152 1702 eduea-

111 1767 130 1802 η
144 1751 208 1807 tus
231 1749 304 1822 est,
325 1746 364 1806 et
380 1735 527 1832 ubique
547 1739 653 1816 vixit,
675 1749 715 1805 et
738 1737 903 1806 omnium
923 1761 1004 1834 quae
1021 1735 1155 1808 abillis

118 1869 136 1904 n
149 1840 212 1911 vei
227 1839 330 1911 dicta
344 1841 406 1911 rel
420 1864 500 1910 non
511 1837 609 1909 dicta
622 1853 709 1909 sunt
719 1843 897 1938 particeps
911 1839 993 1928 fuit,
1005 1856 1043 1912 et
1054 1856 1153 1914 tanto

123 1977 142 2012 a
154 1949 369 2044 principatu
386 1943 518 2043 dignus
536 1945 581 2017 ab
598 1949 686 2044 ipsis
700 1959 755 2018 est
765 1945 965 2042 judicatus?
979 1948 1077 2040 Quid
1090 1952 1152 2047 igi·

126 2087 144 2122 n
157 2070 221 2127 tur
230 2061 388 2154 primurn
398 2055 936 2154 persequemurldpostolorum
945 2056 1149 2130 doctrinam

121 2191 141 2224 s
154 2181 268 2256 quarn
282 2163 320 2229 in
341 2159 512 2230 omnibus
528 2159 706 2247 exhibuit,
720 2183 766 2232 an
778 2165 957 2259 presentis
967 2167 1048 2236 vitae
1061 2187 1146 2235 con·

113 2295 133 2330 n
148 2279 351 2364 temptum,
369 2287 414 2337 an
437 2269 579 2338 virtutis
601 2271 839 2368 praestantiam
862 2295 934 2368 qna
958 2271 1147 2353 ecclesiam

110 2407 128 2441 n
142 2375 431 2449 administravit?
447 2381 563 2469 Quem
579 2375 830 2450 laudabimus?
842 2378 1060 2477 martyrem?
1075 2381 1149 2476 epi·

112 2515 130 2548 s
144 2484 320 2581 scopum?
336 2509 381 2555 an
401 2483 629 2582 apostolum?
645 2483 837 2582 Triplicem
855 2488 953 2558 enim
969 2505 1148 2558 coronam

110 2623 129 2655 ι»
142 2595 257 2688 gratia
272 2595 426 2689 Spiritus
440 2593 642 2677 contexuit,
657 2613 732 2688 qua
747 2605 913 2692 sanctum
926 2591 1028 2663 illius
1039 2604 1150 2688 caput

106 2731 124 2763 a
139 2696 342 2787 redimivit,
361 2704 436 2770 imo
454 2722 540 2770 vero
558 2697 848 2797 multiplicem...
867 2718 912 2771 ex
930 2699 1151 2798 praefecturas

106 2836 124 2869 n
140 2803 401 2902 amplitudine,
426 2829 470 2876 ex
494 2803 745 2876 ordinantium
765 2803 960 2902 dignitate,
985 2829 1029 2876 ex
1052 2800 1150 2874 diffi-

105 2943 124 2976 »
140 2911 279 2985 cultate
304 2927 529 3012 temporum,
554 2934 600 2982 ex
629 2913 786 2984 civitatis
812 2911 1078 3010 magnitudine,
1105 2933 1148 2982 ex

107 3051 124 3084 n
137 3021 279 3090 virtute
299 3017 397 3091 illius
413 3021 478 3116 qui
499 3020 534 3089 ei
550 3016 700 3091 tradidit
714 3018 1002 3118 praefecturam.»
1015 3017 1149 3116 (lbid.)

108 3132 156 3198 Et
168 3129 324 3197 iterum:
339 3157 357 3191 «
367 3130 403 3198 Si
417 3129 500 3224 quis
512 3149 533 3197 e
544 3123 792 3200 fundamentis
804 3151 978 3226 magnum
990 3127 1147 3226 lapidem

104 3267 124 3302 »
139 3249 262 3318 eruat,
278 3233 433 3306 alterum
448 3237 600 3306 omnino
617 3239 791 3334 paremio
805 3237 885 3333 ejus
899 3235 982 3306 loco
998 3249 1150 3305 conatur

105 3371 123 3404 s
138 3342 380 3422 constituere,
398 3342 466 3410 nisi
482 3340 571 3412 velit
589 3354 709 3412 totum
727 3339 921 3410 aedificium
940 3351 1149 3424 concutere,

107 3477 125 3510 n
140 3469 184 3518 ac
199 3444 362 3520 debilius
381 3443 554 3518 reddere:
574 3449 624 3518 ita
641 3471 723 3518 curn
743 3451 871 3517 Petrus
886 3443 1076 3518 Antiochia
1092 3471 1147 3519 es·

107 3587 124 3620 »
138 3570 194 3626 set
208 3553 450 3641 discessurus,
463 3553 617 3625 alterum
630 3561 739 3626 Petro
754 3577 876 3652 parem
891 3569 1144 3652 preceptorem

111 3695 127 3727 s
141 3667 258 3759 gratia
276 3662 434 3761 Spiritus
447 3660 652 3748 substituit,
666 3687 711 3734 ne
727 3676 859 3734 structa
868 3663 942 3759 jam
957 3661 1149 3735 edificatio

111 3771 364 3842 »successoris
391 3765 641 3842 imbecillitate
665 3768 816 3843 debilior
839 3769 983 3842 fierent
1010 3769 1148 3864 (Ibz'd.)

114 3881 170 3949 Sic
190 3875 351 3973 denique
370 3875 473 3949 illum
493 3901 578 3950 cum
596 3879 671 3951 sole
690 3877 948 3951 conferendum
967 3877 1151 3974 eleganter

115 3986 267 4055 asserit:
286 4011 303 4046 α
317 3981 375 4052 Sol
393 4007 413 4054 e
431 3982 680 4082 superioribus
702 3983 867 4083 partibus
884 3978 1056 4054 currebat
1072 3999 1153 4048 seu·
