2646 4628
377 289 501 336 coarat
525 289 675 337 nussam.
981 293 1038 358 ³³7¹

9 423 102 468 uam
120 399 364 490 plasmationem
381 398 454 473 Dei.
474 409 507 464 et
525 398 653 487 oblique
673 411 859 466 accusantes
879 420 967 476 aum,
989 405 1044 489 qui

4 523 20 574 t
40 506 233 578 masculum
247 519 280 574 et
295 505 446 574 laminam
463 506 504 572 ad
519 507 755 596 generationem
766 507 933 574 hominum
945 509 1041 576 lecit:

5 631 21 686 t
42 641 167 686 eorum
181 641 252 708 que
268 615 420 682 dicuntur
431 614 517 706 apud
528 637 582 681 eos
593 614 752 691 animalia,
765 617 987 684 abstinentiam
1000 621 1046 684 in·

10 738 182 804 uxeruut,
198 726 313 816 ingrati
328 725 498 790 existentes
513 724 555 800 ei,
572 725 626 812 qui
642 725 746 790 omnia
763 725 851 802 iecit,
867 727 945 793 Deo.
963 729 1046 795 Con-

0 878 1 889 ,
31 886 33 889 .
49 837 172 902 dieunt
187 854 314 923 quoque
329 833 400 921 ejus
415 831 520 909 saluti,
537 833 592 921 qui
606 833 727 923 primus
743 832 913 923 plasmatus
927 847 996 902 est:
1014 851 1048 904 st

0 971 66 1014 oc
86 964 174 1014 nuno
191 945 398 1010 adimantum
417 955 466 1010 est
481 943 567 1032 apud
581 962 654 1019 eos,
675 940 807 1010 Tatiano
824 947 962 1033 quodam
980 950 1048 1038 pri-

0 1086 19 1115 ιι
31 1079 56 1122 o
80 1055 167 1122 hano
186 1051 410 1120 introducente
427 1050 669 1140 blasphemiam.
691 1052 755 1132 Qui
776 1073 849 1120 cum
869 1066 952 1121 esset
972 1058 1048 1123 Jus-

1 1167 63 1233 ini
82 1165 224 1240 auditor,
240 1165 438 1254 inquantum
450 1161 580 1250 quidem
593 1161 678 1251 apud
690 1181 765 1230 eum
777 1173 857 1239 eret,
870 1159 948 1230 nihil
959 1187 1049 1233 enar·

1 1335 2 1338 ,
18 1276 91 1341 avit
106 1271 187 1346 tales
202 1285 276 1362 post
289 1293 366 1339 vero
376 1270 461 1337 illius
472 1271 660 1360 martyrium
676 1273 831 1338 absistens
842 1275 881 1340 ah
894 1273 1047 1353 Ecclesia,

1 1397 33 1450 ,p
52 1381 305 1474 presumptione
321 1379 462 1470 magistri
480 1377 583 1444 elatus
596 1389 630 1443 et
645 1377 786 1455 inllatus,
803 1380 892 1469 quasi
912 1403 976 1471 prce
991 1405 1050 1450 caa-

9 1495 87 1560 eris
115 1505 216 1568 esset,
238 1489 404 1580 proprium
430 1487 649 1555 characterem
675 1488 829 1556 doctrinae
855 1493 1047 1560 coustituit:

12 1624 15 1631 ’
30 1623 130 1668 sonas
143 1597 300 1690 quosdam
314 1596 498 1674 invisibiles,
514 1596 659 1663 similitor
674 1609 770 1687 atque
786 1598 820 1665 hi
835 1601 889 1688 qui
904 1622 922 1665 a
938 1601 1052 1670 Valen-

0 1715 79 1780 ¹inn
95 1723 182 1788 stunt,
199 1709 286 1778 velut
300 1706 441 1774 fabulam
455 1729 631 1774 enarrans:
655 1709 839 1799 nuptiarum
855 1723 962 1778 autem
978 1733 1052 1779 cor-

0 1819 154 1910 ¹uptolus
175 1830 210 1885 et
230 1817 469 1892 fornicationes,
493 1811 638 1882 similiter
661 1829 697 1883 ut
720 1815 861 1886 Marcion
884 1831 917 1886 et
938 1821 1052 1888 Sutur-

1 1931 122 2004 ninus,
139 1927 265 2000 dicenss
284 1925 362 1992 Adae
376 1936 484 1993 autem
498 1923 591 1992 soluti
605 1947 645 1992 ox
658 1948 692 1992 so
707 1929 994 1998 contradictionem
1010 1923 1053 1998 ia-

2 2039 113 2104 ciens.

1 2193 2 2208 ,
58 2144 124 2212 Alii
144 2157 252 2211 autem
269 2167 391 2220 rursus,
411 2166 428 2208 a
445 2141 583 2210 anilida
601 2159 634 2211 et
656 2147 848 2239 Carpocrato
871 2155 1052 2222 occasiones

6 2254 222 2345 accipientes,
238 2249 456 2318 indifferentes
473 2251 588 2329 coitus,
604 2265 637 2318 et
650 2253 767 2321 multas
783 2259 908 2346 nuptias
923 2259 1052 2328 induxe-

10 2373 106 2439 runt,
133 2375 166 2427 et
191 2357 416 2450 negligentiam
443 2357 586 2446 ipsorum
613 2384 683 2448 quae
706 2376 779 2428 suut
801 2364 989 2455 idolothyta,
1013 2369 1054 2435 ad

10 2469 295 2541 manducandum
318 2490 382 2534 non
402 2464 492 2532 valde
507 2466 576 2534 haec
593 2491 706 2536 curare
723 2471 863 2540 diceutes
877 2475 991 2542 Deum.
1013 2479 1055 2544 Et

11 2580 98 2668 quid
123 2577 230 2646 enim?
252 2600 317 2643 non
342 2589 389 2642 est
409 2599 580 2642 numerum
602 2579 708 2644 dicere
729 2603 840 2648 eorum
862 2585 916 2672 qui
938 2609 1054 2654 secun-

12 2691 98 2755 dum
112 2686 248 2754 alterum
263 2693 296 2752 et'
308 2683 445 2752 altarum
461 2686 594 2752 modum
610 2689 798 2755 exciderunt
814 2713 831 2756 a
847 2694 988 2760 veritate.

482 2891 506 2979 s
529 2891 592 2958 nr.

269 3095 307 3137 nn
324 3093 427 3140 vanna
442 3099 660 3142 enosrrcouuu
675 3101 783 3145 suenus
793 3077 814 3144 ¹.

75 3259 142 3326 llic
156 3254 442 3330 Barheliotarum
457 3283 520 3334 sen
535 3259 856 3351 Borborianorum,
869 3279 1010 3333 necnon
1025 3275 1062 3331 et

22 3363 243 3462 Ophitarum
271 3375 308 3435 et
336 3367 589 3440 sethianorum
622 3385 659 3442 et
683 3371 903 3467 Cajanorum
934 3361 1061 3438 delira·

26 3483 148 3542 menta
165 3474 327 3570 exponit,
342 3495 423 3572 quae
438 3497 521 3548 curn
537 3491 746 3576 portentosa
762 3483 833 3550 sint
845 3493 881 3550 et
894 3472 1063 3562 absurda,

26 3579 263 3677 ridiculisque
281 3583 600 3682 conjugationibus
618 3609 660 3658 ac
680 3583 976 3686 generationibus
994 3586 1062 3654 irn-

29 3701 227 3770 morentur,
245 3687 389 3762 silentio
409 3696 745 3790 praetermittantur.

77 3803 158 3868 Hoc
176 3811 317 3871 tantum
334 3800 379 3872 de
398 3793 540 3900 Cajanis
560 3801 822 3881 rescribemus:

64 3935 142 4003 ¹(lup.
157 3955 224 4000 xxix,
238 3955 285 3990 ua
298 3950 322 3990 ot
337 3957 403 3994 ans.
