2688 4626
328 273 370 316 ao
391 271 514 316 cuncos
539 271 749 318 cocorrarro.
995 269 1048 339 rpt

42 375 195 452 iratrem,
211 389 244 441 et
258 375 360 442 multa
376 377 451 453 alia,
474 401 578 466 eaque
596 378 744 454 nefanda,
759 390 957 467 perpetrasse
971 379 1057 446 dice-

39 485 151 550 batur.
176 483 263 550 Dixit
278 485 376 574 igitur
390 486 416 550 is
433 487 489 574 qui
505 486 717 575 interrogatus
728 483 834 550 fuerat
849 509 857 550 ε
874 485 945 553 Non
956 487 1052 558 venit3

39 613 152 676 neque
168 591 277 657 reniet
290 592 367 658 buc.
387 591 472 660 lllud
486 603 597 657 autem
612 594 694 658 inter
708 591 875 658 horrenda.
884 589 1060 681 spectacula

37 697 190 765 ridimus
206 713 397 790 :postquam
410 723 511 790 prope
524 702 716 768 accessimus
730 702 773 767 ad
787 702 904 766 ostium
917 701 991 766 inde
1008 724 1061 766 ra-

43 805 166 881 dituri,
184 829 223 872 ac
238 819 350 872 cetera
366 807 472 872 omnia
485 807 638 894 perpessi,
654 807 790 872 vidimus
805 807 895 873 illum
907 807 1012 873 subito
1027 817 1060 872 ct

45 911 131 978 alios
147 937 248 1002 prope
263 913 351 980 illum
367 912 520 1003 plurimos
535 925 696 1002 tyrannos.
715 916 816 981 Erant
826 915 929 980 etiam
943 915 1058 1002 privati
1086 921 1089 927 “

41 1019 195 1106 quidam,
212 1022 266 1108 qui
286 1043 396 1110 magna
411 1033 629 1109 peccaverant.
647 1023 713 1088 llos
732 1023 799 1110 jam
814 1045 847 1087 se
870 1045 1056 1112 ascensuros

41 1143 212 1218 sperantes
232 1153 297 1197 non
319 1131 494 1219 excipiebat
515 1131 644 1206 ostium,
669 1131 725 1197 sed
747 1133 908 1220 mugiebat
931 1133 1053 1219 quoties

42 1239 157 1325 uliquis
172 1262 213 1302 ex
227 1239 434 1329 iis,'quorum
453 1239 859 1330 improbitasinsanabilis,
884 1252 1053 1328 antequam

46 1345 196 1412 idoneam
212 1345 409 1434 persolvisset
420 1369 561 1436 poenam,
574 1348 748 1414 ascendere
759 1359 908 1413 tentaret.
923 1347 1056 1415 lllioad-

43 1453 175 1516 stabant
190 1451 247 1516 leri
262 1452 419 1528 homines,
432 1464 465 1518 ct
480 1452 565 1542 ignei
580 1464 727 1542 aspectu,
743 1454 799 1541 qui
811 1453 920 1519 audito
935 1455 1058 1542 mugitu
1075 1515 1079 1521 ,
1108 1511 1112 1520 .

42 1563 210 1628 Aridaenm
221 1575 255 1625 et
269 1561 345 1628 ahos
361 1574 505 1653 arreptos
517 1563 735 1640 abducebant,
746 1564 897 1628 manibus
909 1562 1062 1651 pedibus-

40 1694 111 1758 que
126 1673 327 1748 constrictos,
344 1683 377 1736 et
389 1683 487 1758 caput
501 1670 593 1736 humi
608 1671 796 1758 abjicientes
816 1682 850 1734 et
867 1670 1063 1738 excoriantes

41 1777 223 1862 raptabant
237 1775 321 1840 foras
333 1797 424 1840 secus
436 1776 535 1848 viam,
547 1772 631 1838 inter
647 1772 825 1862 aspalathos
844 1771 1061 1851 dilacerantes,

38 1895 83 1946 et
106 1883 156 1946 his
167 1881 374 1969 ,quiaderant
388 1880 602 1970 significantes
616 1881 731 1970 quibus
748 1883 787 1946 de
802 1883 903 1947 causis
923 1882 993 1948 bsec
1005 1906 1063 1972 pa-

43 1999 215 2064 terentur,
229 2000 262 2052 et
272 1989 305 2054 in
321 1999 474 2054 tartarum
485 1988 563 2079 lapsi
575 1989 817 2056 abducerentur.
832 1990 880 2054 Ex
891 1990 998 2056 multis
1009 2013 1063 2055 au·

40 2111 121 2162 tem
137 2109 169 2162 et
180 2099 283 2162 omnis
294 2098 416 2186 generis
428 2099 613 2174 terroribus,
627 2099 681 2184 qui
697 2097 770 2185 ipsis
781 2095 846 2162 illic
860 2097 1058 2174 acciderunt,

41 2208 142 2272 bunc
158 2207 332 2270 maximum
347 2229 415 2270 esse
430 2205 568 2281 dicebat,
585 2206 611 2270 si
629 2206 765 2293 mugiret
781 2205 896 2270 ostium
918 2229 998 2272 cum
1012 2227 1058 2271 as-

42 2315 223 2382 cenderent
238 2338 247 2378 ε
261 2313 1057 2403 quosilenteunumquemqualibentissimeaseen·
1093 2389 1100 2402 ι
1176 2347 1182 2355 ,

47 2405 138 2488 dere.
156 2423 202 2490 hc
217 2423 295 2490 tales
310 2425 440 2511 quidem
455 2449 523 2490 esse
538 2445 648 2512 poenas
659 2436 692 2488 et
703 2422 869 2512 supplicia,
881 2447 1058 2513 rursusque

31 2533 106 2598 ›bis
120 2533 269 2598 contraria
285 2533 452 2598 beneficia.
475 2533 636 2600 »Videtur
653 2532 706 2598 bic
720 2531 798 2596 mihi
813 2531 905 2598 Plato
921 2553 987 2599 non
1003 2554 1058 2598 so-

34 2663 94 2704 um
115 2641 152 2704 de
173 2635 295 2728 judicio
316 2663 334 2706 a
357 2640 523 2728 Prophetis
539 2640 706 2727 accepisse
729 2638 924 2715 doctrinam,
947 2661 1061 2705 verum

32 2751 117 2813 *tiam
131 2749 169 2814 de
183 2771 220 2814 ea
236 2771 333 2836 quam
348 2747 451 2814 Graeci
465 2773 530 2813 non
547 2749 697 2822 credunt,
714 2748 960 2813 resurrectione.
976 2748 1058 2814 Nun

32 2859 101 2922 lum
116 2857 254 2924 animam
270 2879 346 2922 eum
361 2879 494 2944 corpore
509 2857 647 2945 judicari
657 2856 748 2931 dicit,
765 2854 844 2920 nihil
859 2854 947 2920 aliud
962 2855 1062 2944 signi-

32 2967 108 3040 icat‚
131 2967 244 3030 nisiae
267 2965 506 3030 resurrectionis
522 2964 704 3028 doctrinam
724 2963 866 3028 credere.
890 2963 1059 3044 Quomodo

32 3077 111 3138 nim
124 3072 266 3137 hridaeus
278 3069 387 3145 etalii,
400 3071 454 3157 qui
467 3093 583 3158 corpus
600 3071 704 3159 capite
717 3083 750 3136 et
767 3073 914 3138 manibus
925 3085 958 3139 et
969 3077 1060 3162 pedi-

32 3205 87 3246 tus
99 3191 133 3244 et
145 3177 227 3266 pelle
238 3180 426 3244 instructum
437 3181 470 3244 in
481 3169 573 3246 terris
585 3177 790 3268 reliquerant,
803 3179 926 3248 talesia
937 3183 1061 3250 inlerno

33 3309 139 3354 smnus
154 3281 394 3371 persolverent?
406 3284 614 3372 Nequeenim
629 3287 768 3352 animam
788 3298 933 3376 caputet
948 3309 1061 3356 manus

33 3411 55 3460 st
70 3393 171 3484 pedes
188 3403 221 3476 et
235 3388 353 3478 pellem
367 3391 483 3455 babere
499 3391 614 3459 dicent.
631 3393 697 3458 Sed
713 3415 788 3460 cum
807 3393 841 3458 in
860 3392 999 3481 AEgypto
1011 3397 1062 3463 in·

33 3505 152 3569 cidisset
173 3502 208 3566 in
224 3497 459 3587 Prophetarum
474 3499 664 3574 testimonia,
683 3512 717 3562 et
737 3499 778 3590 de
795 3501 935 3586 corporis
957 3525 1059 3572 resur-

33 3612 166 3677 reetione
186 3609 371 3676 doctrinam
386 3607 587 3696 suscepisset,
609 3607 746 3674 animam
760 3627 826 3672 una
840 3629 911 3674 curn
926 3632 1054 3702 corpore

34 3717 159 3783 cruciari
173 3717 280 3784 docet.

74 3824 219 3894 xxvttt.
235 3825 304 3894 Nec
318 3825 405 3896 solus
419 3826 523 3905 Plato,
549 3827 605 3894 sed
622 3839 654 3894 et
671 3827 836 3909 Homerus,
852 3856 925 3902 cum
944 3837 1054 3905 eadem
