2636 4648
209 297 274 387 476
529 315 642 368 sarcrr
665 321 780 368 ranam
803 323 867 369 mn.
894 326 927 370 ιι

210 440 294 495 sunt.
316 431 354 496 ln
364 451 401 496 ea
416 430 500 496 enim
515 428 646 518 epistola
662 452 733 518 quae
747 442 797 497 est
812 431 854 496 ad
869 431 1056 506 Romanos,
1072 431 1118 497 ait
1129 431 1247 520 Apum

210 535 260 604 lus
274 561 283 603 ι
298 563 311 598 ι
325 537 388 605 Sed
400 550 432 605 et
442 536 587 606 Rebecca
599 563 639 606 aa
650 561 716 605 uno
728 541 904 608 concanbitu
917 541 1051 608 habens
1064 540 1155 607 Isaac
1166 543 1245 630 patri

213 648 355 724 inostri,
373 671 390 713 a
406 646 512 715 Verbo
524 670 712 739 responsum
723 650 862 741 accepim
880 663 916 715 ut
929 649 1126 716 secundum
1139 649 1244 716 electia-

213 783 226 820 a
240 779 315 828 nem
331 757 528 846 propositum
541 757 601 826 Dei
616 771 813 848 permaneat,
826 781 892 825 non
908 781 952 828 ex
963 758 1142 848 operibus,
1158 759 1213 824 sed
1223 783 1246 824 ιι

213 893 227 929 s
240 877 383 942 vocante,
400 864 584 934 dictumest
600 865 650 933 ei¹
668 889 677 931 ι
696 866 888 956 Dnopopuli
901 869 936 934 in
948 879 1052 933 utero
1064 878 1139 942 tuo,
1154 877 1188 931 et
1198 865 1249 932 dm

213 985 347 1066 »gentes
364 975 397 1041 in
416 987 527 1044 ventre
544 987 614 1052 tuo,
631 987 663 1042 et
683 975 819 1068 populus
835 975 1001 1067 populum
1025 975 1252 1066 superabitet

212 1110 226 1148 a
241 1085 346 1174 major
362 1084 478 1152 serviet
494 1085 608 1154 minori
627 1084 650 1152 ².
668 1085 742 1152 »Ex
757 1086 871 1176 quibus
886 1085 1115 1152 manifestum
1130 1095 1192 1160 eat,
1204 1107 1253 1150 noa

213 1192 316 1263 solum
330 1193 589 1286 prophetationes
603 1193 871 1274 Patriarcharum‚
883 1194 1065 1262 sedetiam
1079 1207 1192 1284 partus
1204 1193 1253 1260 ne

213 1307 321 1374 beccae
345 1305 547 1396 prophetiam
573 1305 668 1373 fuisse
689 1307 826 1374 duorum
851 1304 1085 1396 populorum
1117 1318 1152 1370 et
1171 1326 1253 1370 nn·

214 1417 345 1505 quidem
359 1439 428 1484 esse
443 1418 612 1507 majorem,
629 1415 764 1484 alterum
779 1441 855 1486 vero
870 1417 1063 1490 minorem
1084 1427 1121 1482 et
1135 1413 1251 1481 aiterum

214 1525 345 1614 quidem
359 1527 418 1593 sub
435 1525 573 1602 servitio,
590 1523 725 1593 alterum
740 1539 846 1594 autem
858 1525 1002 1594 liberum
1010 1519 1023 1600 ξ
1046 1525 1150 1592 unius
1164 1537 1252 1591 autem

215 1647 249 1702 et
258 1635 403 1725 ejusdem
414 1636 521 1727 patris.
533 1635 622 1704 Unus
632 1648 666 1702 et
677 1636 762 1703 idem
772 1635 858 1704 Deus
869 1647 983 1704 noster
997 1647 1036 1702 et
1051 1633 1199 1710 illorum,
1209 1635 1252 1723 qai

216 1756 265 1813 est
279 1746 508 1814 absconsorum
523 1741 679 1836 cognitor,
696 1746 750 1834 qui
765 1747 826 1813 scit
841 1747 947 1812 omnia
965 1755 1157 1834 antequam
1171 1744 1249 1816 fian:

217 1866 250 1923 et
270 1867 401 1945 propter
421 1854 485 1923 hoc
511 1854 593 1934 dixit
613 1880 622 1921 :
645 1881 658 1916 ι
680 1854 780 1923 Jacob
804 1853 911 1932 dilexi,
938 1856 1032 1922 Esau
1059 1867 1175 1921 antem
1191 1855 1250 1920 oh'o

218 1995 232 2030 a
247 1966 343 2036 habui
359 1967 383 2033 ⁸.
401 1995 415 2031 ι

262 2075 319 2144 111.
338 2077 457 2167 Siquis
473 2089 581 2145 autem
599 2088 633 2145 et
647 2088 735 2145 actus
750 2078 803 2167 qui
818 2089 893 2145 sunt
908 2075 1015 2145 Jacob
1032 2076 1196 2152 addiscat,
1213 2077 1246 2141 in

220 2186 324 2253 reniet
332 2210 387 2253 eos
399 2211 464 2255 non
474 2188 597 2264 inanes.
609 2187 666 2254 sed
672 2185 782 2277 plenos
789 2186 1040 2277 dispositionum
1054 2208 1065 2252 ε
1081 2199 1116 2252 et
1123 2185 1250 2275 inprimis

218 2297 251 2364 in
269 2297 433 2363 nativitate
447 2298 531 2385 ejus,
548 2295 816 2385 quemadmodum
831 2293 1052 2384 apprehendit
1073 2293 1248 2362 caimnenm

217 2404 334 2480 fratris,
349 2415 383 2472 et
397 2405 499 2472 Jacob
516 2418 647 2472 vocatus
666 2417 727 2481 eat,
745 2405 854 2480 idest,
872 2401 1121 2494 supplantator:
1137 2417 1248 2478 mans.

218 2525 251 2580 ct
262 2513 315 2604 qai
324 2537 389 2580 non
399 2527 542 2589 temtum
556 2513 656 2604 ligans
664 2513 772 2602 pedes,
782 2512 837 2579 sed
848 2514 904 2602 qui
912 2535 976 2579 non
987 2511 1132 2604 ligatur3
1142 2515 1249 2584 luctam

218 2637 253 2716 et
268 2623 412 2699 sinaeum
437 2636 547 2691 tenens
566 2625 600 2690 in
619 2645 717 2690 manu
734 2620 920 2690 calcaneum
933 2619 1130 2702 adversarii,
1151 2625 1184 2691 id
1200 2639 1247 2700 eet,

105 2818 107 2821 .
222 2733 387 2808 victoriam
400 2733 423 2801 ⁴.
435 2735 486 2802 hd
495 2733 653 2802 hocenim
662 2733 1027 2812 nascebaturDominus,
1040 2739 1142 2827 cujus
1152 2750 1249 2828 typum

220 2848 432 2938 generationis
438 2849 620 2938 prestabat,
634 2847 674 2912 de
681 2870 745 2935 quo
752 2857 785 2913 et
795 2845 934 2914 «loannes
946 2848 980 2914 in
991 2847 1190 2940 Apocalypsi
1197 2852 1247 2915 sit:

229 2983 243 3019 ι
257 2957 360 3025 Exivit
370 2957 513 3033 vincens,
524 2969 561 3022 ut
572 2957 712 3023 vinceret
725 2955 747 3021 ⁸.
761 2983 776 3019 ι
789 2955 911 3023 Deinde
922 2971 1031 3025 nutem
1046 2961 1245 3051 primogenita

221 3065 392 3157 accipiens,
400 3066 529 3156 quando
536 3067 723 3155 vituperavit
731 3087 768 3132 ea
777 3066 874 3133 frater
883 3067 953 3156 ejus
963 3090 971 3133 ε
983 3071 1244 3158 quemadmodum

220 3189 253 3242 et
272 3161 379 3267 junior
399 3169 536 3266 populus
560 3199 635 3242 eum
656 3175 904 3266 primogenitum
929 3176 1096 3246 Christum
1126 3183 1244 3270 accepit.

223 3307 298 3354 cum
313 3309 387 3352 eum
402 3284 519 3376 repulit
533 3283 668 3375 populus
683 3297 776 3352 aetate
789 3287 983 3376 provectior,
1000 3287 1115 3357 dicens
1133 3315 1141 3356 ι
1163 3321 1176 3352 ι
1190 3293 1245 3360 h'nn

222 3395 405 3464 »habemus
420 3418 540 3486 regem,
558 3395 618 3462 nisi
632 3394 789 3463 Gaesarem
806 3394 828 3463 ².
847 3423 859 3458 ι
876 3397 913 3463 in
926 3396 1056 3465 Christo
1071 3414 1182 3468 autem
1193 3403 1248 3468 uni-

221 3527 312 3571 versa
328 3505 508 3574 benedictio
527 3529 534 3571 ι
550 3517 584 3571 et
598 3519 728 3597 propter
742 3507 1061 3577 hochenedictiones
1075 3511 1190 3599 prioris
1204 3537 1246 3602 pe

223 3614 290 3704 puli
312 3638 331 3680 a
350 3615 442 3683 Patre
461 3615 619 3707 subripuit
639 3617 794 3707 posterior
815 3615 963 3706 populus,
984 3619 1245 3706 quemadmodum

223 3722 324 3793 Jacoh
338 3725 466 3793 abstulit
477 3726 733 3796 benedictionem
743 3725 840 3815 hujus
851 3725 943 3792 Esaii.
961 3723 1014 3793 Ob
1023 3747 1121 3817 quam
1133 3749 1245 3796 musam

256 3872 265 3907 ¹
279 3873 351 3923 Rom.
363 3891 397 3934 ιι,
411 3891 439 3925 ιο
448 3885 473 3926 ct
483 3894 555 3942 seqq.
566 3905 595 3916 -
605 3873 688 3927 'Gon
701 3893 758 3936 aar,
772 3878 809 3927 23.
821 3876 870 3914 -³
883 3877 957 3927 Rom.
968 3893 1004 3936 rx,
1020 3878 1057 3928 ιδ.
1068 3907 1099 3919 -
1111 3879 1190 3930 ‘Gem
1200 3893 1243 3936 ιιι,

225 3957 263 4010 2⁵.
275 3959 325 3997 -⁵
339 3959 417 4024 Apoc.
433 3962 760 4022 v1,a.-⁶Gon.nv‚5a.
775 3963 974 4024 -⁷Joaa.111‚
991 3965 1029 4012 ι5.
