2688 4626
253 201 310 266 atis
547 215 660 259 sancrr
683 215 803 258 unsrun
826 212 979 260 nauatam

246 335 436 418 patrantem,
452 334 484 388 et
498 318 571 388 liliis
586 333 749 389 carentem
763 322 905 397 ebrium
919 336 952 390 et
965 321 1153 411 Tbycsteas
1175 343 1277 392 coems,

232 435 334 524 ‘quaa
346 433 502 520 Erinnyea
517 432 693 504 struebant.
712 431 761 500 Ac
778 429 901 499 Procne
915 433 1057 500 ad'bunc
1074 454 1190 518 usqne
1211 431 1280 494 dien

248 556 383 634 pennata
403 541 516 632 gemin
535 551 569 604 et
582 539 678 627 hujus
696 563 786 606 soror
801 540 1001 608 Atheniensis
1017 553 1095 630 post
1119 541 1279 606 abscissam

247 651 387 741 linguam
407 651 577 716 stridorem
592 648 763 737 quemdam
785 649 861 714 edit.
882 648 962 715 Nam
983 648 1177 738 OEdipodis
1196 659 1281 712 trans

247 761 326 828 fixos
341 758 448 826 fibulis
470 760 567 849 pedes
586 756 663 847 quid
678 758 791 824 attinet
806 759 947 824 referre?
966 771 999 824 ct
1018 759 1088 825 Laii
1108 757 1280 828 oedemet

248 895 323 953 cum
337 881 438 936 matre
449 867 541 932 initas
553 867 691 955 ntrptias,
703 877 735 931 et
747 867 908 953 quomodo
923 866 1036 932 lintres
1051 867 1131 954 ejus
1148 863 1242 932 simul
1255 889 1282 928 sc

249 979 304 1046 salii
319 979 438 1046 mutuis
454 974 637 1042 vulneribus
652 975 882 1042 occubuerint?

292 1089 345 1157 lV.
370 1088 499 1156 Vestras
518 1086 615 1152 ctiam
640 1098 814 1152 conventus
836 1089 1046 1177 panegyricos
1075 1089 1157 1154 odio
1180 1111 1281 1178 prose-
1323 1062 1325 1136 l

249 1223 338 1288 quor.
358 1200 407 1265 lbi
426 1197 512 1262 enirn
526 1196 614 1262 luxui
637 1197 829 1262 immensum
846 1197 879 1262 in
895 1199 1029 1263 modum
1045 1212 1081 1265 et
1102 1199 1207 1266 multo
1221 1198 1278 1286 pla·

249 1331 344 1394 quam
362 1305 403 1396 ad
422 1306 612 1380 satietatem,
630 1303 838 1394 indulgetur:
857 1305 900 1370 ibi
923 1318 997 1370 sunt
1020 1307 1166 1373 artilicio
1183 1309 1275 1394 exspui

249 1417 309 1481 sito
325 1415 416 1480 lactas
431 1413 529 1488 tibiae,
547 1435 617 1500 quse
633 1412 676 1477 ad
690 1425 796 1478 motus
811 1413 955 1490 incitant,
977 1414 1091 1502 quales
1106 1429 1185 1482 sunt
1197 1429 1274 1480 nstra

250 1524 444 1614 percitorum
464 1546 471 1587 :
493 1534 526 1588 et
550 1523 716 1588 unctiones
734 1521 867 1589 curiosae
886 1545 924 1588 ac
943 1547 1204 1612 supervacanea,
1218 1549 1271 1611 por

250 1634 419 1724 unguentis
435 1632 530 1707 fiunt,
546 1633 634 1720 quod
647 1644 679 1697 ct
695 1631 734 1696 dc
750 1631 877 1698 corollis
893 1633 955 1700 dici
974 1643 1084 1722 potest
1103 1637 1209 1724 quibus
1222 1658 1265 1698 α-

250 1747 315 1835 pita
339 1743 558 1808 redimiuntur.
583 1741 630 1807 Ac
649 1753 738 1806 tanto
754 1740 910 1807 malorum
926 1765 1043 1808 acervo
1064 1743 1256 1810 remeantum

252 1853 530 1923 circumscribitis:
546 1850 759 1941 impleturque
775 1854 862 1918 robis
878 1876 981 1928 mens,
995 1855 1074 1920 dum
1093 1877 1159 1944 pne
1171 1855 1259 1918 ianm-

251 1967 391 2056 perantia
418 1978 451 2030 et
475 1963 649 2054 petulantia
669 1965 700 2031 iu
728 1963 925 2031 Bacchicam
951 1967 1129 2053 quemdam
1150 1969 1267 2032 furorem
1324 1934 1325 1961 i

250 2076 482 2166 prorumpitis:
503 2074 587 2141 unde
612 2076 707 2140 etiam
734 2075 866 2140 rabiosis
890 2076 935 2139 uti
958 2077 1179 2142 concubitibus
1198 2071 1267 2140 soliti

252 2185 335 2266 estis.
351 2185 490 2249 Dixerim
502 2194 610 2248 autem
621 2181 784 2248 nobishoc
795 2205 921 2270 qnoque
936 2205 944 2245 :
957 2182 1045 2261 Quid
1057 2195 1101 2258 tn,
1113 2207 1177 2248 cnm
1191 2181 1268 2246 Gras-

254 2315 310 2358 cus
328 2292 381 2366 sis,
399 2289 464 2354 filio
480 2302 537 2355 too
554 2312 735 2364 succenses,
752 2289 776 2354 si
793 2290 907 2355 lovem
925 2289 1067 2366 imitans,
1084 2291 1133 2356 tibi
1144 2287 1258 2354 insidia-

253 2413 318 2476 tur,
334 2411 367 2465 et
385 2399 510 2487 nuptias
530 2411 599 2464 tuas
620 2399 741 2464 furatus
760 2400 832 2464 est?
847 2399 913 2465 Cur
925 2400 1014 2466 hunc
1035 2425 1104 2466 csse
1119 2399 1264 2465 intuitorum

255 2509 386 2576 censes?
397 2521 430 2572 at
442 2506 486 2573 illi
500 2507 612 2574 similia
631 2519 867 2597 perpetrantem
886 2511 1053 2575 veneraris.
1076 2510 1141 2575 Cur
1155 2505 1263 2574 itemdr

253 2644 350 2686 uxore
368 2630 422 2684 tua
437 2616 628 2708 expostulas,
648 2617 735 2706 qnod
749 2618 929 2706 petulanter
943 2621 1027 2686 vivat
1044 2633 1078 2685 ct
1099 2617 1258 2687 libidinose?

253 2742 284 2794 at
300 2727 456 2798 Venerem
475 2726 600 2815 templis
621 2727 794 2792 honorasti.
819 2729 882 2802 Ac,
902 2729 1059 2816 siquidem
1082 2729 1144 2794 ista
1163 2732 1196 2794 ab
1211 2725 1262 2790 iliis

256 2837 338 2902 dicta
354 2849 471 2912 essent,
485 2834 646 2902 accusatio
658 2857 745 2898 mera
762 2857 830 2900 esse
846 2834 909 2900 risa
921 2835 1064 2910 luissent,
1078 2861 1116 2904 ac
1133 2861 1196 2903 non
1206 2837 1266 2904 rari-

254 2960 301 3012 tas
322 2970 329 3010 :
348 2945 404 3010 sed
419 2959 530 3011 contra
546 2955 648 3035 poetae
664 2944 758 3009 vestri
774 2944 843 3011 hee
860 2958 991 3021 cauum,
1007 2946 1078 3014 baec
1092 2945 1267 3014 clamanter

255 3077 324 3144 quae
340 3053 425 3142 apud
439 3077 494 3118 vos
510 3065 584 3118 sunt
597 3053 745 3120 historiae.

300 3165 338 3233 V.
360 3164 512 3232 Accedite
532 3165 564 3230 in
584 3176 747 3253 posterum
770 3165 886 3243 Greci,
903 3180 934 3232 et
950 3169 1112 3256 sapientiae
1126 3173 1277 3260 incompa-

257 3276 364 3344 rabilis
382 3275 552 3366 partIcipcs
571 3288 671 3340 estote
690 3300 697 3340 :
717 3297 755 3342 ac
771 3276 883 3342 divinis
901 3278 1102 3345 sermonibus
1120 3279 1275 3348 docemini,
1324 3266 1325 3289 ¹

256 3400 288 3452 et
304 3388 386 3476 regis
402 3385 599 3475 corruptioni
616 3409 680 3450 non
700 3386 828 3451 obnoxii
843 3387 989 3453 notitiam
1004 3387 1108 3476 capita
1124 3413 1131 3453 :
1145 3389 1267 3455 minime

256 3521 319 3584 que
335 3495 447 3561 heroes
464 3497 539 3562 istos
555 3489 729 3583 agnoscite,
750 3495 804 3583 qui
821 3495 922 3561 caedcs
937 3508 1064 3583 patrant
1078 3498 1112 3562 in
1127 3498 1279 3565 hominnm

258 3606 361 3669 turba.
381 3599 494 3670 Noster
505 3606 591 3670 enim
607 3603 659 3671 ille
675 3608 866 3694 insuperator,
882 3603 1023 3673 Verbum
1037 3606 1195 3684 (livinum,
1207 3607 1281 3696 quod

257 3712 349 3778 nobis
371 3712 496 3778 assidue
518 3726 644 3803 praeest,
668 3737 732 3780 non
753 3714 819 3779 vult
841 3715 981 3803 corporis
1005 3718 1242 3790 strenuitatem,
1259 3727 1281 3780 ct

259 3842 363 3908 neque
374 3818 463 3887 faciei
479 3819 764 3910 pulchritudinem,
780 3845 884 3911 neque
901 3821 1072 3902 nobilitatis
1087 3824 1187 3894 elatos
1203 3825 1282 3916 spiri-
