2688 4626
466 288 617 334 reomau
640 287 746 333 rarus.
1053 263 1113 346 245

91 395 241 486 »lignum
258 398 349 486 ‘quod
368 395 549 486 plantatum
568 410 617 463 est
640 417 731 464 secus
759 397 911 462 decursus
938 417 1113 483 aquarum:

91 533 107 568 s
120 506 208 594 quod
221 507 364 574 frontum
377 529 473 572 suum
489 505 578 572 dabit
587 507 620 572 in
630 517 774 596 tempora
785 527 853 570 auo.
871 507 914 570 Et
927 503 1036 570 felium
1050 506 1117 593 ejus

91 641 107 674 ι
120 637 189 680 non
204 614 345 680 defluet:
367 626 401 679 et
419 615 525 680 omnia
545 635 752 702 quocumque
766 611 873 687 saciet,
889 613 1122 700 prosperabun-

94 751 110 784 ι
123 734 188 786 our.
208 722 279 788 Non
298 723 344 788 sio
361 722 463 812 impii,
480 744 546 788 non
565 722 632 787 sio:
654 721 710 787 sed
728 731 878 807 tanquam
891 717 1007 807 pulvis,
1026 739 1121 806 quem
1152 709 1159 718 ’

97 857 113 890 ι
127 830 257 918 projicit
270 841 380 896 vontus
394 853 413 895 a
428 830 506 895 ineis
522 841 622 894 terrm.
641 827 716 894 ideo
729 849 795 892 non
810 839 976 915 resurgent
989 825 1077 914 impii
1089 828 1121 892 in

99 965 115 999 ι
131 937 263 1025 judicio,
278 961 380 1026 nsque
394 951 575 1034 pensatores
588 939 621 1003 in
636 935 766 1003 consilio
777 937 944 1024 justornm.
960 936 1121 1022 Quoniam

98 1075 114 1110 s
128 1047 217 1112 novit
229 1047 383 1112 Dominus
399 1048 479 1112 viam
493 1048 666 1134 justorum
689 1055 722 1110 et
735 1045 793 1110 iter
806 1045 977 1133 impiorum
990 1045 1117 1133 peribis.

96 1184 113 1217 ι
126 1155 236 1234 Quare
249 1155 448 1222 fremuerunt
458 1167 577 1244 gentos,
592 1166 625 1220 et
635 1153 745 1243 populi
760 1155 900 1220 meditati
911 1145 985 1220 sunt
994 1156 1123 1222 inania?

99 1291 115 1324 ι
129 1261 301 1329 Astiterunt
312 1287 402 1352 reges
412 1273 505 1328 terrm
517 1286 527 1327 :
539 1275 572 1328 et
582 1262 741 1350 principes
752 1275 968 1328 convenerunt
978 1263 1010 1328 iu
1021 1285 1122 1330 unum
1180 1268 1203 1328 '.

100 1370 274 1436 »adversus
288 1371 474 1445 Dominum,
490 1381 523 1435 et
532 1369 682 1434 adsersus
693 1368 857 1433 Christum
868 1370 951 1457 ojus,
963 1369 1119 1436 dieentes:

98 1508 115 1541 ι
127 1479 349 1567 Dirumpamus
362 1475 489 1545 vincula
503 1499 629 1552 eorum,
648 1485 681 1541 ot
698 1477 904 1564 projiciamus
921 1497 940 1541 a
960 1475 1052 1542 nobis
1071 1479 1124 1565 ju·
1149 1519 1153 1526 ·

99 1616 115 1650 s
128 1611 204 1677 gum
214 1589 365 1678 ipsorum.
380 1587 446 1666 Qui
457 1587 623 1652 habitatin
637 1583 739 1662 ooelis,
754 1585 899 1651 irridebit
912 1607 968 1652 eos
981 1600 990 1649 ὲ
1012 1597 1046 1652 at
1059 1588 1126 1654 Do-

100 1697 235 1764 »minus
249 1698 457 1764 subsannabit
470 1719 536 1761 eos.
552 1694 646 1760 Tunc
655 1693 804 1782 loquetur
818 1694 860 1760 ad
873 1717 928 1760 eos
942 1697 975 1762 in
989 1695 1036 1761 ira
1051 1719 1125 1762 sna:

101 1818 165 1870 sot
178 1807 212 1871 iu
228 1805 337 1870 surore
354 1825 413 1869 suo
428 1802 631 1869 conturbabit
647 1823 713 1866 eos.
730 1801 798 1890 Ego
817 1811 924 1867 autem
941 1805 1129 1869 constitutus

104 1941 120 1974 ι
135 1935 208 1978 sum
221 1935 278 1978 rex
291 1914 332 1978 ab
347 1933 400 1986 ao,
416 1932 512 1998 super
524 1909 602 1975 Sion
612 1918 755 1984 montem
770 1919 915 1976 sanctum
925 1912 1006 2000 ejus,
1021 1901 1130 2000 praedi·

108 2049 125 2083 ι
138 2043 215 2086 onus
231 2030 427 2108 praeseptum
442 2018 579 2084 Domini.
602 2017 757 2084 Dominus
775 2017 853 2083 dixit
873 2019 914 2085 ad
934 2043 1007 2088 me:
1031 2021 1128 2088 Filius

107 2155 124 2189 ι
137 2149 230 2192 maus
240 2149 274 2192 ss
285 2139 322 2190 tu
337 2147 417 2214 :ego
426 2123 522 2191 hodie
533 2124 627 2213 genui
639 2135 678 2189 te.
692 2121 816 2188 Postula
827 2146 919 2203 eme,
932 2139 965 2192 et
976 2126 1058 2195 dubo
1070 2129 1129 2194 tibi

105 2247 245 2324 ‚gentos
264 2234 480 2300 hereditatem
499 2244 599 2308 tuam,
619 2245 653 2298 at
669 2231 897 2321 possessionem
918 2248 1007 2301 tuam
1023 2237 1129 2302 termi-

102 2373 119 2407 ι
134 2367 193 2412 nos
207 2355 308 2410 terrm.
325 2341 426 2431 Reges
437 2363 492 2408 eos
502 2342 535 2408 iu
545 2341 630 2430 virga
648 2341 768 2406 semea:
787 2334 938 2430 tanquam
952 2365 1025 2410 vasa
1040 2345 1128 2435 figuli

104 2482 121 2515 ι
135 2452 310 2541 confringes
321 2473 385 2518 eos.
396 2453 437 2518 Et
447 2473 534 2517 nune
546 2473 636 2540 reges
645 2449 827 2541 intelligito:
840 2455 1009 2520 erudimini
1016 2479 1127 2521 omnes

107 2591 123 2624 ι
138 2563 191 2651 qui
203 2561 346 2650 judicatis
356 2573 484 2627 terram.
503 2559 624 2627 Ser-aito
638 2561 776 2628 Domino
792 2561 826 2626 in
839 2561 953 2630 timore
967 2587 975 2628 ε
988 2563 1130 2630 etexsui-
1264 2625 1269 2637 ,

104 2701 120 2734 ι
133 2672 234 2738 tateei
245 2693 318 2738 oum
325 2683 474 2736 tremore.
486 2669 724 2758 Apprehendito
734 2669 945 2759 disciplinam,
961 2673 1130 2760 nequando

104 2811 119 2844 ι
134 2782 287 2847 irascatur
300 2781 467 2855 Dominus,
483 2791 517 2844 et
529 2779 671 2867 pereatis.
681 2779 722 2842 de
735 2781 785 2845 via
799 2781 893 2867 jusu.
913 2779 996 2844 Cum
1007 2802 1131 2845 exarsa-

105 2921 119 2953 »
134 2892 175 2957 rit
190 2892 223 2956 in
237 2891 326 2957 bravi
341 2891 387 2955 ira
400 2891 492 2978 ojus:
508 2890 593 2954 beuti
604 2911 716 2955 omnes
731 2890 787 2974 qui
802 2887 969 2955 confidunt
980 2889 1012 2954 in
1028 2890 1095 2956 ω’.
1111 2921 1124 2952 ι

150 2999 236 3065 XLI.
256 2998 305 3065 Ao
319 3021 426 3063 rursus
441 2998 475 3061 iu
489 2996 549 3062 alia
562 2996 730 3084 prophetin
748 3017 805 3084 per
818 2996 966 3064 eumdem
981 2999 1133 3066 Davidem

109 3106 280 3174 ostendeus
291 3105 425 3194 Spiritus
435 3105 642 3193 propheticus
654 3105 817 3171 Christum
826 3117 898 3194 post
905 3107 1008 3174 omnis
1019 3108 1136 3198 suppli-

112 3214 201 3279 nium
215 3223 416 3299 regnaturum
430 3235 510 3288 osse,
526 3213 572 3278 sic
589 3213 694 3278 satur:
712 3213 868 3280 «cantate
881 3214 1019 3282 Domino
1033 3218 1135 3283 omnis
1199 3245 1201 3248 ·

111 3332 242 3395 stem,
261 3329 294 3382 et
312 3319 493 3384 aununtiate
512 3320 551 3386 de
568 3321 620 3386 die
638 3322 671 3386 in
689 3321 773 3388 diem
791 3320 927 3388 salutare
942 3324 1023 3412 ejus.
1044 3325 1136 3406 Quo-

109 3462 126 3496 »
142 3432 230 3496 niam
243 3450 377 3516 mugnus
390 3428 542 3494 Dominus
556 3439 589 3494 at
605 3427 771 3496 laudabilis
786 3433 900 3496 nimis:
919 3433 1066 3500 terribilis
1080 3461 1136 3502 su-

110 3563 196 3632 uper
210 3561 324 3604 omnes
339 3538 425 3604 deos.
449 3537 607 3617 Quoniam
621 3561 731 3606 omnes
750 3539 793 3604 dii
812 3543 952 3629 gentium
969 3543 1132 3615 simulacra

110 3681 124 3714 s
139 3649 371 3716 demoniorum
383 3657 474 3719 sunu
488 3647 572 3713 Deus
583 3660 690 3712 autem
702 3646 798 3715 coelos
808 3649 892 3718 iecit.
907 3651 1011 3720 Gloria
1020 3669 1052 3722 et
1063 3656 1132 3724 iaus

111 3761 171 3827 »io
185 3755 359 3848 conspectu
370 3757 453 3846 ejus,
462 3767 495 3822 et
503 3755 656 3823 fortitudo
667 3767 699 3823 et
709 3756 851 3848 gloriatio
865 3761 898 3828 in
907 3760 978 3828 loeo
989 3767 1133 3833 sanctifi-

145 3885 155 3919 ¹
168 3884 261 3935 Passim
270 3883 296 3932 iu
307 3883 374 3934 aaa

906 3975 954 4039 ιθ.
