2640 4622
261 212 409 258 rimosus
434 211 494 256 oon
518 209 680 256 raranoun
702 209 816 253 sonno.
986 196 1049 278 4¹7

4 321 93 404 quia
112 318 214 386 Filius
225 331 285 395 est,
302 342 362 385 nec
376 319 448 406 quia
460 317 561 389 sortis,
577 337 636 382 nec
650 315 875 403 quiasapiens,
893 317 1008 382 servari
1021 339 1055 384 se

4 449 115 514 posse
136 427 214 492 dicit
220 451 230 501 ;
253 427 310 492 sed
329 439 364 492 ut
380 436 463 492 esset
480 422 707 512 impeccabilis,
727 423 997 512 quemadmodum
1012 425 1056 491 nit

4 535 131 601 Esaias
153 557 310 602 eum-nec
331 557 407 600 voce
428 545 520 600 tonus
539 531 704 621 peccasse¹
731 531 950 620 (iniquitatem
970 535 1056 602 enim

4 667 87 708 non
109 643 201 719 fecit,
217 666 278 711 nec
298 642 407 708 dolum
421 665 475 707 oro
495 641 687 730 commisit),
710 640 777 708 sine
798 642 866 708 Deo
885 644 1005 710 servari
1022 666 1057 710 se

4 775 89 816 non
104 757 200 839 posse
215 749 369 824 deelarat;
387 749 547 837 quomodo
563 772 617 814 vos
636 747 749 825 etalii,
770 751 824 836 qui
843 751 910 816 sine
929 749 980 818 illa
1000 774 1057 842 ope

8 860 165 928 salutem
182 863 379 952 exspectatis,
399 884 464 928 non
483 884 500 926 a
519 860 750 949 vobismetipsis
767 883 823 928 vos
841 861 944 951 decipi
966 864 1056 952 cogi·
1170 899 1172 904 ,

8 969 121 1034 tatis?

68 1078 155 1146 0111.
180 1079 259 1158 Quae
279 1080 393 1146 deinde
412 1081 444 1144 in
463 1067 775 1167 psdlmodicuntur:
800 1078 984 1156 «Quoniam
1001 1059 1079 1146 aa

8 1213 26 1247 a
45 1184 176 1252 bulatio
196 1187 339 1276 pronima
358 1183 511 1274 est,'quia
530 1209 595 1252 non
614 1198 661 1251 est
680 1185 735 1272 qui
754 1184 883 1273 adjuvet
901 1207 963 1251 me.
988 1186 1055 1254 Gir
1127 1181 1130 1198 '

13 1321 29 1352 ι
50 1294 290 1360 cumdederunt
304 1319 355 1360 me
370 1293 459 1360 vituli
477 1293 590 1360 multi:
616 1293 698 1360 tauri
711 1293 845 1382 pingues
864 1293 1057 1362 obsederunt

12 1427 29 1462 s
48 1423 116 1464 me.
138 1401 341 1489 Aperuerunt
358 1423 519 1490 superma
535 1424 570 1468 os
586 1422 691 1476 ouum,
711 1400 792 1466 sicut
810 1397 861 1466 leo
880 1402 1005 1488 rapiens
1023 1415 1057 1468 et

12 1537 28 1570 a
48 1508 190 1597 rugiens.
215 1507 310 1574 Velut
329 1533 409 1598 aqua
430 1509 530 1576 affusa
550 1520 624 1575 sunt
642 1520 675 1574 et
692 1507 839 1596 dissipata
859 1509 966 1574 omnia
985 1533 1055 1579 ossa

14 1643 30 1675 o
50 1635 124 1679 mea
134 1613 186 1692 ²,»
209 1615 352 1682 similiter
369 1637 482 1682 eorum
505 1639 575 1704 qua
598 1614 644 1682 illi
661 1628 848 1692 evenerunt,
871 1618 1054 1684 vaticinium

14 1723 94 1788 suit.
111 1725 184 1803 Qua
196 1727 281 1791 enim
292 1736 386 1792 noete
400 1749 440 1790 ex
454 1735 563 1791 monte
574 1723 737 1792 Olivarum
747 1726 780 1790 in
790 1747 866 1792 eum
881 1726 1053 1803 irruerunt,

17 1853 106 1916 quos
127 1854 167 1895 ex
184 1829 303 1918 populo
321 1843 425 1895 vestro
442 1829 589 1896 Pharisaei
607 1843 640 1894 et
661 1829 780 1896 Scribae
798 1852 856 1918 pro
875 1853 930 1895 sua
945 1833 978 1896 in
997 1833 1055 1898 do-

20 1938 132 2004 cendo
148 1939 337 2004 auctoritate
355 1939 594 2012 summiserunt,
615 1937 894 2004 circumdederunt
907 1961 982 2006 eum
997 1940 1055 2016 illi,

23 2057 64 2110 ut
83 2043 417 2134 appellatsscriptura,
438 2042 524 2110 ocuti
542 2055 723 2133 cornupeta
737 2057 770 2110 et
783 2058 973 2132 praemature
987 2048 1054 2112 exi-

22 2153 109 2218 tiosi.
129 2151 342 2227 tundentem,
360 2151 887 2242 Touripingaeoobcoderuntme,
906 2175 959 2220 eos
971 2157 1053 2243 ipsos

21 2262 260 2350 praenuntiabat
280 2261 335 2347 qui
356 2259 467 2324 eadem
486 2282 525 2326 ac
545 2258 633 2325 vitrdi
646 2258 802 2335 iecerunt,
828 2283 903 2328 oum
923 2263 964 2331 ad
984 2285 1055 2328 me-

23 2369 139 2456 gistros
154 2379 274 2434 vestros
288 2367 445 2432 adductus
458 2377 527 2431 est:
546 2389 624 2454 quos
638 2365 766 2453 quidem
782 2378 817 2431 ut
831 2378 938 2433 tauros
948 2365 1055 2457 Scrip-

24 2490 99 2541 tura
115 2475 268 2562 designat,
288 2475 360 2564 quia
378 2485 486 2538 tauros
503 2475 536 2538 in
554 2496 647 2539 causa
667 2496 734 2538 essa
753 2473 869 2540 seimus
893 2496 951 2542 cur
971 2477 1054 2543 exis-

24 2595 97 2650 tant
119 2579 217 2650 vituli.
249 2581 527 2662 Quemadmodum
549 2603 624 2669 ergo
649 2571 731 2646 tauri
753 2578 926 2648 vitrdorum
948 2596 1054 2670 patres

26 2704 113 2767 sunt,
134 2692 179 2758 sie
196 2692 337 2779 magistri
356 2693 452 2758 vestri
471 2689 542 2756 filiis
561 2691 626 2756 suis
644 2702 790 2754 auctores
808 2689 951 2766 fuerunt,
972 2702 1008 2756 ut
1022 2693 1055 2758 in

26 2809 169 2866 montem
184 2796 348 2864 Olivarum
362 2797 477 2888 egressi
496 2819 571 2861 aum
590 2796 899 2884 comprehenderent
915 2808 948 2861 et
963 2798 1004 2862 ad
1022 2823 1056 2864 sa

27 2906 232 2972 adducerent.
258 2905 341 2972 tttud
361 2905 470 2978 etiam,
496 2903 585 2984 Quia
607 2925 676 2966 noo
697 2918 743 2968 aot
764 2902 823 2986 qai
843 2901 992 2990 adjuvet,
1022 2904 1056 2970 id

30 3013 117 3099 quod
130 3012 309 3076 factumest
323 3012 529 3076 demonstrat.
548 3009 629 3075 Nam
643 3032 684 3074 ne
697 3030 779 3092 unus
793 3008 922 3096 quidem
936 3034 975 3076 ex
988 3033 1056 3078 om·

32 3121 125 3186 nibus
145 3119 326 3184 hominibus
349 3141 443 3207 opem
465 3117 509 3184 illi
535 3129 571 3184 ut
593 3117 754 3184 innocenti
775 3116 858 3184 tulit.
887 3119 928 3186 Et
952 3118 1052 3198 illud:

32 3229 242 3316 Aperccrunt
256 3250 350 3316 cuper
364 3249 417 3292 ota
430 3251 464 3294 or
476 3249 574 3294 ouum
585 3228 670 3294 sicot
685 3226 891 3318 carogum,
909 3251 984 3296 eum
999 3229 1056 3298 de-

33 3338 131 3425 signat
145 3336 199 3424 qui
212 3347 282 3402 tum
295 3335 479 3402 Judaeorum
492 3359 547 3402 rer
560 3348 641 3412 eret,
657 3335 797 3402 Herodes
811 3348 843 3402 et
857 3337 923 3424 ipse
938 3337 1054 3413 dictas,

35 3466 193 3511 successor
209 3441 291 3508 illius
307 3444 440 3510 Herodis
458 3445 525 3530 qui,
545 3465 620 3510 cum
639 3443 730 3509 Jesus
752 3454 844 3510 natus
865 3456 925 3519 ast,
945 3467 1055 3510 omnes

37 3555 161 3620 insontes
177 3553 261 3620 circa
276 3551 354 3621 illud
375 3565 497 3641 tempus
517 3550 694 3618 Bethlecmi
708 3565 797 3619 natos
813 3553 952 3630 eontulit,
970 3553 1054 3640 quod

36 3665 241 3754 suspicaretur
259 3687 333 3730 cum
352 3664 384 3728 in
403 3663 466 3742 hoc
480 3683 615 3730 numero
633 3683 860 3751 prorsusessc,
884 3661 923 3728 de
938 3683 1055 3749 queas
1091 3659 1096 3666 ’

69 3793 147 3842 *Euat
159 3812 212 3854 ιιιι,
222 3811 246 3859 9.
258 3793 381 3844 -21‘sat
397 3808 450 3853 xxi,
465 3808 502 3842 ta.

120 3898 138 3940 ι.
726 3853 729 3856 ’
835 3898 873 3958 ²7
