2808 4688
225 287 260 328 ta
562 285 698 330 eluctus
722 285 899 336 Bfflllssss,

217 408 299 465 »est
324 392 553 464 declaratum.
574 396 634 463 Ait
656 395 794 490 quippe
818 395 1027 490 Scriptura:
1052 398 1119 464 Et
1149 401 1234 464 erit
1260 401 1299 464 in

217 505 437 572 »novissimis
460 499 599 585 diebus,
623 499 740 570 tradet
761 503 935 568 Dominus
959 525 1038 572 oves
1053 507 1239 598 pascui,
1261 518 1299 570 et

213 640 234 676 ν»
246 606 403 695 caulam,
421 623 457 677 et
473 611 595 678 turreio
612 630 754 691 eorum,
775 607 811 674 in
829 610 988 677 exitium.
1006 605 1110 701 (Jer.
1137 631 1177 678 c.
1203 632 1297 692 xxv,
1390 640 1391 667 i

217 731 284 787 »et
316 720 363 785 Is.
398 714 458 809 v.)
492 722 612 809 Atque
636 714 789 809 contigit
813 709 1139 807 quemadmodum
1178 713 1296 783 locu·

217 853 234 888 s
246 838 305 892 tus
328 836 382 892 est
397 823 585 907 Dominus.
606 823 817 911 Quaeramus
831 821 957 915 itaque
971 843 1017 889 an
1031 833 1171 892 exstet
1188 835 1294 892 tem-

217 955 234 990 »
247 926 349 1022 plum
369 927 446 996 Dei.
468 927 633 1011 Exsistit;
655 922 953 1021 quandoquidem
977 927 1146 1022 ipsemet
1175 950 1223 996 se
1245 925 1292 994 il·

218 1027 312 1098 »lud
337 1026 452 1100 facere
478 1052 520 1099 ac
550 1027 723 1125 perficere
750 1027 913 1101 testatur.
944 1033 1138 1127 Scriptum
1176 1033 1289 1102 enirn

217 1165 235 1200 »
248 1150 322 1205 est:
338 1140 387 1205 Et
402 1140 485 1221 erit,
498 1131 724 1205 hebdomada
738 1135 913 1233 completa
925 1137 1185 1233 aedficabnar
1196 1163 1290 1209 ma-

219 1241 375 1337 »gnfice
402 1239 570 1336 templum
598 1245 684 1327 Dei,
710 1247 746 1310 in
777 1249 919 1312 nomme
947 1247 1105 1316 Domini.
1146 1245 1283 1341 (Dan.

218 1373 298 1436 nur,
321 1363 356 1419 et
372 1351 437 1443 Ag.
462 1346 522 1442 ιι.)
545 1340 696 1418 Invenio
719 1351 841 1444 igitur,
862 1348 962 1446 quod
989 1353 1183 1449 templum
1218 1381 1284 1426 ex-

220 1454 353 1522 »sistit
386 1455 466 1543 Qua
497 1455 635 1524 ratione
667 1477 753 1550 ergo
778 1452 1014 1524 aedificabitur
1040 1459 1078 1526 in
1103 1462 1280 1530 nomine

220 1587 238 1622 >2
252 1557 417 1627 Domini?
430 1561 575 1628 Discite.
595 1563 800 1655 Antequam
815 1563 894 1630 Deo
915 1559 1166 1654 crederemus,
1190 1581 1280 1638 erat

220 1693 237 1728 ι)
250 1661 368 1733 cordis
385 1666 498 1733 nostri
515 1662 741 1734 domicilium
755 1669 981 1762 corruptioni
1000 1666 1213 1741 obnoxium
1235 1685 1276 1740 et
1388 1626 1391 1737 l

212 1795 238 1845 n
251 1764 447 1851 imbecille,
466 1765 509 1836 ad
528 1765 679 1838 modum
701 1765 828 1865 templi
846 1791 929 1840 vere
945 1792 1011 1866 per
1028 1794 1159 1842 manus
1176 1773 1273 1842 aedi-
1386 1817 1388 1841 ³

222 1868 371 1940 silenti:
397 1870 546 1967 plenum
571 1872 751 1967 siquidem
770 1887 847 1942 erat
871 1871 1054 1944 idolorum
1079 1877 1204 1965 cultu,
1229 1890 1270 1947 et

223 2003 240 2038 n
252 1989 328 2044 erat
348 1971 477 2044 domus
501 1974 780 2060 daemoniorum,
802 1976 903 2070 quod
922 1976 1054 2048 faceret
1070 2005 1267 2077 quaecum-

223 2090 240 2145 ὅ)
252 2102 323 2175 que
339 2083 417 2150 Deo
435 2085 615 2151 contraria
629 2096 724 2152 sunt.
738 2078 986 2151 AEdificabitur
999 2097 1116 2154 autern
1131 2090 1168 2156 in
1187 2083 1263 2156 no-

188 2273 196 2294 ·
223 2217 239 2253 s
250 2190 348 2256 mine
365 2189 523 2259 Domini.
542 2187 744 2276 Attendite3
759 2203 801 2258 ut
818 2187 993 2284 templum
1013 2193 1151 2259 Domini
1171 2214 1256 2260 ma-

224 2295 383 2392 ngnitice
412 2295 620 2368 aedificetur.
653 2300 735 2388 Quo
763 2294 896 2366 modo?
925 2299 1078 2380 Discite3
1104 2310 1251 2394 accepta
1385 2318 1388 2397 q

225 2407 462 2476 »remissione
486 2419 732 2503 peccatorum,
758 2420 795 2476 et
822 2428 885 2501 spe
911 2404 1094 2475 habitatu
1118 2429 1253 2476 nomen
1385 2399 1386 2411 ¹

125 2576 137 2599 ⁶
215 2537 241 2574 n>
255 2511 420 2596 Domini,
438 2509 522 2581 facti
541 2535 665 2581 sumus
684 2513 783 2596 novi,
800 2515 930 2581 iterum
945 2510 991 2580 ab
1004 2517 1143 2608 integro
1158 2536 1255 2582 crea·

226 2621 307 2688 sti:
330 2641 441 2713 quare
463 2622 500 2688 in
524 2616 707 2688 domicilio
727 2633 852 2688 nostro
875 2641 957 2688 vere
981 2622 1078 2688 Deus
1101 2623 1256 2701 exsistit3

225 2725 395 2797 »habitat
415 2729 454 2797 in
473 2725 589 2798 nobis.
611 2729 693 2817 Quo
717 2723 850 2795 modo?
871 2724 1031 2795 Verbum
1053 2726 1130 2820 ejus
1155 2725 1257 2820 fidei,

225 2866 242 2901 s
254 2839 392 2907 vocatio
402 2836 479 2929 ejus
489 2836 746 2931 promissionis,
756 2835 930 2930 sapientia
939 2830 1256 2926 justificationum,

225 2971 242 3006 »
256 2939 422 3011 mandata
434 2942 623 3012 doctrinm:
640 2943 716 3038 ipse
729 2943 765 3010 in
778 2939 884 3010 nobis
898 2939 1111 3036 prophetat,
1125 2941 1203 3036 ipse
1216 2943 1256 3009 in

225 3047 359 3118 »nobis
381 3047 576 3135 inhabitat,
600 3051 708 3118 morti
729 3045 881 3118 addictis
899 3044 1006 3116 nobis
1028 3051 1143 3144 aperit
1162 3045 1257 3119 fores

227 3184 241 3217 s
257 3153 394 3251 templi,
413 3155 537 3241 idest,
556 3178 615 3242 os;
636 3153 742 3224 nobis
760 3154 822 3224 dat
840 3155 1112 3251 poenitentiam,
1131 3158 1256 3251 sicque

227 3260 455 3333 »introduxit
479 3266 517 3333 in
546 3262 724 3359 templum
752 3263 1016 3357 incorruptum.
1049 3264 1170 3351 Quare
1193 3263 1257 3357 qui

228 3401 243 3434 n
256 3375 355 3466 cupit
370 3398 445 3444 esse
462 3371 598 3459 salvus,
619 3397 693 3442 non
710 3371 947 3440 inhominem
963 3371 1123 3466 respicit,
1145 3367 1256 3439 sedin

227 3507 244 3542 »
257 3503 339 3548 eurn
358 3483 423 3573 qui
441 3483 477 3549 in
496 3480 642 3550 homine
662 3476 799 3547 habitat
818 3493 927 3572 atque
946 3474 1128 3572 loquitur;
1147 3475 1259 3546 adrni-

229 3581 471 3678 »rans'quod
499 3608 701 3681 nunquam,
732 3605 851 3677 neque
882 3580 1038 3651 audierit
1067 3604 1150 3649 eum
1175 3581 1261 3650 talia
1383 3607 1388 3735 q

138 3750 147 3763 ,
228 3685 365 3757 »verba
386 3712 448 3758 ore
471 3686 698 3775 fundentem,
723 3711 843 3785 neque
867 3691 944 3783 ipse
969 3685 1093 3756 audire
1119 3682 1260 3756 deside·

229 3825 244 3860 n
258 3797 396 3864 raverit.
423 3801 500 3865 Hoc
526 3810 579 3865 cst
603 3795 777 3892 templum
805 3794 963 3904 spiritale
991 3795 1150 3864 Domino
1172 3817 1260 3864 cou-

232 3931 250 3968 s
261 3915 447 3972 structum.
463 3931 479 3967 n

232 4106 235 4112 ,
282 4014 323 4078 In
338 4014 535 4104 posteriore
551 4025 665 4108 parte,
680 4037 742 4083 seu
759 4011 1006 4100 conclusione,
1023 4033 1131 4108 qnam
1146 4023 1259 4080 totam

1382 4313 1392 4397 p

1048 4397 1384 4658 „A
