2710 4662
443 283 559 328 sineri
582 279 710 325 ronarn.
946 256 953 271 '
1031 255 1088 318 ιι5

33 401 65 452 rt
82 388 186 454 ferrat
201 387 319 478 legem
330 389 371 456 de
387 389 545 456 serrendo
561 387 745 476 virginitate,
757 383 844 450 etde
855 385 1090 450 contemnendis

34 494 157 562 divitiis
173 517 218 563 ac
235 494 380 570 deliciis,
398 508 433 562 et
449 493 519 562 aliis
534 517 604 585 quae
618 507 689 560 sunt
703 493 736 560 in
750 493 815 558 vita
827 491 985 580 jucundas
1000 492 1093 580 quod-

34 625 101 687 que
124 615 179 670 est
202 603 362 672 omnium
385 603 619 693 gravissimum,
641 601 727 691 quod
745 624 812 669 non
829 611 974 690 oporteat
987 613 1098 690 putare

36 732 111 800 osse
125 707 238 787 Deos,
254 722 293 775 et
308 709 427 777 nullam
443 712 668 802 imperatorum
685 710 865 778 ducendam
880 710 1046 776 rationem.

89 815 150 882 lv.
170 818 257 885 Haec
277 831 445 908 postquam
459 819 577 885 audivit
596 816 760 906 Trajanus,
781 818 899 885 Sancto
918 819 1026 884 statim
1043 843 1096 887 er·
1137 851 1146 865 =

45 923 185 1000 cessito,
206 949 288 992 cum
305 949 363 992 nna
382 927 477 992 etiam
497 927 620 992 adesset
634 938 781 992 senatus:
807 925 898 992 Tune
913 949 960 1002 es,
977 926 1092 1015 inquit,

46 1033 105 1120 qui
122 1033 245 1100 diceris
262 1023 481 1124 Theophorus3
499 1037 552 1124 qui
566 1047 670 1102 nostra
681 1037 767 1123 jussa
783 1033 970 1112 ludificaris,
983 1047 1015 1101 et
1027 1057 1095 1100 om·

48 1163 124 1205 nem
143 1143 268 1208 evertis
284 1142 500 1216 Antiochiam
519 1166 691 1232 omnesque
711 1143 799 1209 ducis
820 1155 892 1232 post
913 1141 1090 1218 Christum,

44 1246 98 1332 qui
116 1267 135 1310 a
152 1257 187 1311 te
206 1247 418 1336 praedicatur:
436 1259 468 1312 et
482 1270 543 1316 nec
557 1247 625 1312 solo
640 1246 770 1336 quidem
781 1248 865 1314 Deos
881 1248 1019 1337 ‹lignmis
1030 1271 1088 1316 no·

43 1354 155 1419 nnnei
166 1355 307 1422 Divinus
321 1368 428 1422 autem
441 1356 595 1445 ignatius,
610 1357 678 1446 ugo
693 1379 777 1432 sum,
795 1355 909 1444 inquit.
929 1355 987 1422 ille
1001 1380 1087 1432 vero,

43 1463 83 1528 Et
92 1464 172 1551 quid
180 1465 243 1535 sihi
252 1462 1088 1554 vult,interrogavit,iiludTheophorusiCuimartyr,

45 1573 111 1650 Qui
127 1572 313 1650 Christum,
329 1573 446 1663 inquit,
462 1572 650 1640 circumfert
662 1573 696 1637 in
711 1573 827 1640 anima.
843 1574 1021 1660 Imperator
1035 1596 1092 1638 au-

48 1693 116 1748 tom
128 1679 204 1747 :Tu
215 1704 297 1770 ergo
305 1682 471 1748 Christum
478 1683 516 1752 in
525 1683 628 1770 teipso
640 1680 850 1747 circumfers?
862 1681 970 1758 Certe,
983 1683 1092 1770 inquit.

52 1787 226 1877 Scriptum
236 1800 289 1854 est
303 1790 412 1854 enim:
428 1788 600 1856 Habitoho
611 1790 649 1851 in
659 1789 704 1853 eis
715 1805 746 1854 ct
757 1787 998 1856 inambulabo&
1015 1789 1099 1869 Quid

60 1921 137 1962 vero
152 1921 229 1972 nos,
248 1920 317 1963 non
332 1899 479 1964 videmur
492 1899 552 1964 tihi
565 1898 706 1964 Deorum
722 1898 843 1964 assidue
858 1899 1048 1977 meminisse,
1061 1922 1099 1966 ac

62 2027 121 2070 eos
132 2027 265 2094 semper
278 2006 426 2072 munima
439 2007 652 2084 circumferre,
665 2031 780 2096 eosque
790 2007 941 2076 inducere
951 2009 992 2074 ad
1004 2031 1094 2098 opem

64 2113 234 2180 serendam
252 2126 363 2180 contre
378 2115 494 2192 hostes,
511 2139 647 2184 necnon
657 2139 715 2206 per
729 2141 782 2184 eos
792 2117 898 2186 omnia
909 2117 1011 2186 facere
1022 2144 1091 2208 quae

61 2233 135 2286 sunt
148 2243 189 2286 ex
206 2223 310 2288 enimi
323 2223 500 2290 sententia?
513 2223 716 2312 Respondens
733 2239 839 2292 eutem
855 2228 977 2294 divinus
995 2227 1090 2318 Igna-

58 2332 143 2394 tius:
165 2331 229 2396 Hei
244 2331 347 2396 mihi!
368 2332 481 2419 inquit,
497 2333 662 2400 simulacra
684 2333 847 2413 Gentium,
868 2359 887 2402 o
904 2337 1089 2427 imperator,

55 2437 136 2502 Deos
150 2437 310 2504 nominas.
332 2437 416 2504 Unus
427 2439 512 2506 enim
522 2440 608 2506 Deus
619 2465 724 2519 verus,
736 2444 791 2530 qui
806 2443 893 2522 coeii,
909 2457 1016 2521 terres,
1027 2469 1093 2512 ma-

58 2545 110 2619 ris,
125 2557 155 2610 et
169 2547 318 2612 omnium
333 2569 403 2634 quae
421 2559 493 2614 sunt
510 2548 542 2613 in
557 2549 645 2638 ipsis,
656 2563 705 2614 est
719 2562 856 2616 creator.
876 2551 965 2617 Unus
982 2553 1095 2619 Chris-

58 2667 104 2717 tos
116 2651 220 2731 Jesus,
236 2655 299 2722 Dei
319 2653 417 2722 Filius
432 2657 624 2746 unigenitus,
641 2659 735 2746 cujus
749 2660 841 2748 regni
857 2682 922 2725 non
941 2670 990 2725 est
1007 2659 1094 2725 finis.

55 2761 155 2840 Quem
178 2764 204 2829 si
223 2775 260 2830 tu
281 2777 485 2853 agnosceres,
504 2789 524 2832 o
541 2767 726 2856 imperator,
745 2779 779 2833 et
800 2789 942 2858 purpura
965 2769 1044 2855 ipsa,
1063 2781 1098 2834 et

56 2874 207 2949 dedomo,
229 2887 264 2942 et
282 2875 422 2944 thronus
443 2876 560 2966 regius,
580 2876 639 2942 tihi
657 2875 800 2944 firmiora
822 2887 928 2942 essent
948 2888 981 2941 et
1002 2876 1095 2968 longe

55 2980 217 3052 stohiliorn.

94 3091 129 3157 V.
148 3093 337 3184 Imperator
351 3111 426 3160 tero
441 3119 449 3160 :
467 3095 543 3162 Haec
560 3095 661 3161 multa
676 3096 848 3160 mittemus.
867 3093 916 3160 Tu
930 3107 1050 3169 autem,
1067 3096 1096 3161 si

56 3198 138 3278 selis,
149 3198 427 3290 inquit,olgmiti,
437 3225 515 3270 meae
527 3204 676 3292 potentias
684 3226 753 3269 rem
761 3203 864 3270 secere
872 3205 1096 3294 gratissimam,

54 3321 82 3372 et
99 3310 143 3374 de
160 3309 410 3376 caeteroreierri
427 3310 459 3376 in
475 3334 643 3378 numerum
664 3335 811 3378 meorum
829 3311 1021 3384 amicorum,
1036 3310 1098 3376 hac

56 3430 163 3486 mente
179 3429 321 3491 mutate,
339 3417 406 3483 Diis
424 3421 591 3512 nobiscum
610 3419 753 3487 sacrifica
774 3445 782 3485 :
802 3432 836 3486 et
851 3421 958 3486 statim
969 3415 1096 3505 (sciant

58 3526 102 3590 isti
118 3529 254 3618 omnes)
276 3539 310 3592 te
325 3527 432 3615 magni
452 3526 540 3594 Jovis
558 3529 750 3598 constituam
769 3529 964 3617 pontificem,
983 3542 1014 3596 et
1034 3553 1092 3618 pa-

62 3645 137 3701 trem
151 3637 333 3704 nominabo
352 3647 491 3704 senatus.
507 3635 558 3704 Ad
569 3637 639 3705 haec
649 3636 856 3728 Theophorus
869 3664 878 3706 :
891 3639 1013 3708 Gratias
1025 3641 1092 3730 qui-

64 3743 128 3810 dem
139 3749 299 3835 praehere,
312 3773 331 3815 o
344 3751 532 3840 imperator,
546 3751 827 3841 omnibusquidem
842 3733 889 3820 est
899 3752 1087 3844 pulchrum:

94 3869 101 3902 ¹
113 3885 124 3916 ²
136 3871 196 3922 Cor.
209 3889 246 3932 rr,
259 3875 295 3926 so.

147 3979 214 4033 nr,
622 4038 629 4050 .
895 3974 915 4038 3
