2684 4638
256 295 320 376 554
570 311 683 360 ssncrr
707 303 824 358 sanant
844 313 904 357 aaa.
931 314 968 358 nr

251 425 400 522 possibile
415 429 515 494 visum
530 437 590 502 cst,
606 428 671 514 jam
683 449 748 492 non
763 437 811 493 ost
825 427 940 492 omnia
953 423 1102 492 Pleroma
1120 425 1288 516 ipsorum:

251 564 317 610 non
332 545 378 609 est
392 559 467 627 ergo
486 547 574 602 extra
591 535 660 602 harc
679 548 765 601 tanto
782 535 933 602 conditio.

297 645 434 716 Abstulit
448 656 585 711 autema
598 645 690 710 nobis
706 644 915 710 dissensiones
927 665 1041 710 omnes
1056 645 1128 734 ipso
1139 642 1289 720 loannes,

252 757 360 824 dicens
378 778 386 821 s
404 780 418 817 s
434 756 470 821 ln
485 754 548 832 boc
563 753 684 822 mundo
699 764 780 827 erat,
798 764 830 818 ct
843 753 986 820 mundus
996 775 1056 842 per
1070 755 1184 843 ipsum
1195 753 1287 820 lactm

251 878 336 941 rest,
351 875 384 932 et
398 865 538 958 mundus
550 887 625 930 eum
636 887 700 930 non
713 861 871 952 cognovit.
887 864 924 930 ln
936 887 992 928 sua
1004 864 1137 953 propria
1152 865 1250 939 venit,
1261 879 1287 929 et

250 1007 263 1040 a
279 977 326 1043 sui
337 995 489 1076 eumnon
499 973 719 1065 receperunt¹.
735 1003 749 1036 a
762 972 949 1039 Secundum
958 985 1068 1039 autem
1079 971 1285 1050 Marcionem,

250 1097 283 1153 et
298 1109 352 1152 cos
373 1045 430 1174 qdi
444 1082 561 1150 similes
581 1096 654 1150 sunt
669 1084 711 1158 ei,
729 1102 832 1170 neque
855 1081 995 1148 mundns
1014 1105 1074 1171 per
1091 1105 1175 1148 eum
1194 1083 1285 1150 nnus

251 1206 311 1271 cst,
331 1217 435 1286 neque
457 1195 489 1260 in
508 1214 562 1260 sua
578 1193 677 1268 venit,
698 1193 807 1258 sedin
831 1189 942 1258 aliena.
970 1189 1163 1258 &cundum
1188 1205 1284 1258 autam

250 1307 406 1396 quosdam
421 1304 659 1380 Gnosticorum,
673 1305 713 1369 ab
728 1300 856 1391 Angelis
872 1301 974 1368 lactus
992 1314 1039 1368 eat
1055 1304 1117 1369 iata
1137 1305 1281 1378 mundns,

251 1427 284 1480 et
299 1435 364 1479 non
380 1432 437 1502 per
452 1411 593 1479 Verbum
605 1410 678 1477 Dei.
697 1409 883 1476 Secundum
897 1421 1004 1476 autam
1026 1401 1083 1478 eos
1101 1414 1162 1502 qui
1182 1428 1279 1480 sunta

250 1521 431 1597 Valentino,
445 1522 560 1586 iterum
576 1542 640 1585 non
656 1542 714 1608 per
727 1541 801 1584 eum
816 1518 917 1585 sactus
928 1529 990 1595 cst,
1004 1521 1060 1586 sed
1072 1545 1135 1610 per
1145 1523 1282 1589 Deminr

251 1657 337 1724 gum.
356 1631 416 1700 llic
431 1629 517 1697 enim
532 1631 724 1719 operabatur
738 1627 958 1695 similitudines
970 1626 1049 1695 tales
1065 1630 1153 1708 lteri,
1167 1633 1213 1698 ad
1226 1634 1280 1699 imi

249 1744 403 1810 tationem
417 1762 529 1808 eoram
540 1763 611 1831 quae
622 1753 696 1806 sunt
707 1761 847 1814 sursum,
863 1739 1142 1828 quemadmodum
1154 1744 1277 1810 dicant:

250 1851 442 1942 Demiurgus
467 1863 575 1918 autem
602 1847 789 1939 perficiebat
812 1845 1053 1916 fabricationem
1081 1851 1279 1918 conditionis

192 1945 198 1952 ¹
251 1963 410 2030 Emissum
429 1961 515 2027 enim
531 1959 641 2026 dicunt
654 1954 729 2024 cum
744 1958 878 2060 efflatas
892 1959 1080 2037 Dominum,
1093 1973 1128 2026 ct
1144 1961 1281 2030 Deminr

252 2095 328 2164 gum
350 2073 420 2161 ejus
442 2069 655 2159 dispositionis
684 2091 755 2157 quas
778 2079 828 2134 est
847 2059 1025 2136 bacundum
1053 2071 1277 2146 conditionem,

251 2206 310 2274 per
324 2203 420 2270 quem
436 2181 523 2245 hune
537 2177 695 2244 mundum
710 2178 830 2243 lactum
841 2176 972 2244 volunt:
987 2201 1062 2244 oum
1078 2179 1279 2271 Euangeliou

250 2293 418 2361 manifeste
434 2293 531 2368 dicat,
553 2291 705 2378 quoniam
726 2311 783 2380 per
799 2288 955 2365 Verbum,
969 2291 1059 2380 quod
1075 2293 1110 2358 in
1131 2295 1281 2382 principio

250 2415 319 2472 erut
332 2403 418 2492 apud
428 2401 545 2476 Deum,
557 2401 662 2466 omnia
675 2411 749 2466 sunt
760 2399 840 2466 facta
853 2420 862 2464 s
878 2401 988 2488 quoda
998 2399 1158 2478 Verbum,
1168 2403 1277 2492 inquit,

151 2553 164 2582 ι
251 2545 264 2580 r
281 2537 355 2583 caro
369 2513 490 2578 iactum
504 2523 564 2588 est,
581 2523 613 2576 et
628 2511 813 2577 inhabitavit
828 2512 861 2576 in
876 2510 998 2577 nobis².
1017 2539 1030 2575 s

296 2623 480 2691 Secundum
495 2632 602 2686 autem
617 2617 701 2696 illos,
718 2643 820 2708 neque
834 2618 976 2687 Verbum
992 2643 1068 2688 caro
1083 2621 1210 2690 factum
1226 2635 1274 2694 est,

250 2757 354 2824 neque
370 2732 526 2808 Christus,
544 2755 647 2820 neque
662 2731 716 2820 qui
729 2755 768 2796 en
779 2730 926 2798 omnibus
936 2729 1039 2797 sactus
1051 2743 1113 2808 est,
1126 2731 1270 2800 Salvator.

249 2847 377 2912 Etenim
392 2843 535 2911 Verbum
548 2854 582 2907 et
598 2841 759 2907 Christum
775 2863 834 2906 nec
850 2840 1012 2906 advenisse
1027 2841 1060 2907 in
1083 2840 1177 2910 hunc
1193 2865 1276 2909 mnn-

136 2993 138 3000 ·
251 2955 329 3022 dum
345 2953 476 3020 volunt:
492 2951 688 3018 Salvatorem
699 2975 774 3016 vero
789 2971 853 3016 non
864 2949 1078 3028 incarnatum,
1094 2973 1276 3042 nequepas·

251 3091 341 3141 sums
364 3046 565 3133 descendisse
581 3075 689 3128 autem
708 3061 796 3149 quasi
816 3059 999 3128 columbam
1019 3062 1052 3127 in
1074 3083 1152 3128 eum
1177 3064 1279 3130 lasum

251 3179 306 3270 qui
322 3177 424 3245 lactus
440 3185 522 3241 esset
536 3197 575 3239 ex
590 3173 805 3261 dispositione,
821 3181 854 3236 et
870 3193 945 3237 oum
960 3173 1184 3239 annuntiasset
1198 3175 1281 3239 inco-

250 3291 375 3384 gnitum
388 3287 528 3360 Patrem,
541 3285 657 3349 iterum
668 3281 845 3350 ascendisse
855 3282 888 3349 in
905 3281 1060 3349 Pleroma.
1077 3283 1283 3351 lucaruatum

251 3409 361 3466 autem
380 3405 412 3463 et
426 3415 555 3486 passum
570 3391 699 3481 quidam
713 3391 842 3479 quidem
860 3413 934 3456 eum
953 3392 1009 3479 qui
1024 3415 1063 3458 ex
1077 3393 1283 3482 dispositione

252 3509 306 3587 sit,
325 3507 437 3574 dicunt
451 3505 573 3578 lesum,
589 3523 685 3591 quem
705 3523 762 3589 per
780 3497 910 3565 lllariam
929 3501 1041 3568 dicunt
1060 3506 1282 3592 pertransisse,

252 3619 341 3710 quasi
353 3639 467 3708 aquam
479 3639 537 3705 per
548 3615 678 3716 tubums
689 3608 741 3676 alii
752 3631 826 3676 vero
838 3609 1000 3701 Demiurgi
1011 3609 1127 3687 filium,
1141 3613 1174 3679 in
1187 3635 1283 3702 quem

250 3729 449 3806 descendisse
471 3745 545 3792 eum
564 3723 675 3790 lesum
695 3720 749 3809 qui
764 3743 803 3785 ex
822 3719 1026 3809 dispositione
1048 3721 1098 3788 sit.
1125 3720 1190 3789 lllii
1213 3747 1283 3789 rur-

250 3861 321 3906 sum
336 3838 446 3905 Jesum
462 3837 589 3927 quidem
605 3856 644 3899 ex
658 3831 777 3922 Josepb
788 3841 821 3897 et
835 3830 932 3898 illaria
944 3844 1055 3898 natum
1066 3833 1194 3910 dieunt,
1209 3846 1241 3901 et
1253 3833 1282 3900 in

282 3971 379 4022 ¹loen.
392 3990 410 4031 r,
425 3985 461 4030 ιο,
475 3964 641 4019 11.-²1ttd.
658 3963 694 4020 rt.
