2688 4626
248 273 311 342 noo
546 297 659 340 ssscrs
681 297 800 340 susrrnr
823 297 982 342 ussurus

245 431 343 498 »qun
369 406 508 474 nescium
533 429 599 472 uon
624 427 676 472 me
701 404 880 470 existimem
902 405 1025 472 scire.»
1047 405 1159 474 Nemo
1185 419 1283 472 autern

245 515 403 584 existimet
424 513 591 580 Socratem
613 514 714 580 ironia
733 513 875 602 quedam
898 513 1144 602 ignorationem
1172 537 1239 605 pre
1256 541 1281 582 se

246 626 342 702 serre,
362 649 401 692 en
418 625 505 715 quod
523 625 566 689 ita
582 647 615 688 sn
635 642 744 712 gerere
763 622 797 688 iu
816 619 984 711 colloquiis
999 621 1118 690 soient.
1141 625 1279 690 Extrem

246 737 333 804 enim
353 737 448 802 verbe
471 732 661 806 defensionis
675 754 772 820 quam
785 731 820 796 in
839 753 1005 798 carcerem
1019 731 1140 798 abiens
1155 753 1280 820 pronun

246 847 347 920 tinuit,
367 855 555 934 argumento
576 855 662 918 sunt,
687 842 768 908 serio
788 839 881 908 illum
900 853 935 908 et
955 863 1032 906 vere
1055 841 1278 930 ignorationem

245 978 314 1020 esse
334 955 527 1021 consessum.
547 951 603 1019 Sic
617 952 703 1018 enim
719 950 882 1040 loquitur:
900 949 990 1016 «Sed
1009 951 1082 1039 jam
1098 964 1228 1041 tempus
1245 967 1280 1020 est

245 1075 310 1126 sut
328 1065 492 1138 abeamus,
514 1085 574 1150 ego
592 1061 721 1148 quidem
735 1061 924 1136 moriturus,
944 1083 1001 1126 vos
1021 1073 1139 1128 autem
1154 1063 1261 1128 victnd
1271 1089 1277 1126 ι

246 1201 259 1234 ι
275 1172 338 1236 utri
353 1183 460 1236 autom
475 1169 516 1234 ad
531 1168 663 1234 meliora
682 1167 939 1257 proficiscuntur,
956 1169 1086 1236 nemini
1103 1183 1217 1236 notum
1231 1173 1278 1238 nis'

247 1283 352 1348 »Dee
368 1281 544 1347 »Socrates
562 1281 624 1348 hee
643 1280 754 1347 ultime
775 1304 854 1347 voce
872 1282 905 1347 in
925 1281 1103 1371 Areopago
1124 1284 1233 1348 eanissa
1251 1285 1275 1348 in

249 1415 412 1460 carcerem
426 1391 517 1468 abiit,
535 1389 592 1457 soii
608 1391 677 1457 Deo
693 1415 802 1458 rerum
816 1392 908 1458 nobis
926 1391 1118 1480 ignotam
1136 1394 1273 1484 cognitio

198 1569 208 1576 ,
249 1527 324 1570 nem
342 1503 496 1568 tribuens.
522 1502 586 1581 Qui
606 1513 714 1568 nutem
733 1517 806 1595 post
823 1523 898 1568 eum
918 1501 1020 1568 exorti
1042 1515 1138 1578 sunt,
1157 1525 1227 1570 crans
1243 1527 1274 1568 ne

173 1671 183 1680 .
249 1626 375 1680 terrene
391 1613 521 1702 quidem
534 1614 716 1702 cognitione
727 1614 850 1703 assequi
865 1613 1058 1702 potuissent,
1076 1613 1215 1680 coeioetin
1225 1617 1272 1680 eii

249 1722 411 1810 explorate
426 1745 495 1787 esse
509 1721 641 1811 professi
658 1732 745 1798 sunt,
761 1733 912 1810 tunquam
931 1744 969 1787 ea
988 1719 1099 1788 oculis
1118 1723 1181 1788 suis
1192 1723 1269 1788 stess-

251 1845 333 1898 sent.
352 1831 408 1898 Sic
423 1829 621 1906 Aristoteles,
634 1832 722 1919 quusi
739 1833 917 1898 accuratius
932 1854 1030 1920 quam
1045 1829 1142 1898 Pisto
1155 1831 1266 1899 miritis

251 1942 392 2016 vidisset,
412 1963 477 2005 non
497 1952 532 2004 ut
551 1941 609 2005 iste
629 1941 662 2005 iu
677 1940 769 2029 ignee
786 1940 961 2008 substantia
984 1939 1049 2025 (ite
1062 1942 1156 2008 enim
1168 1939 1270 2008 Platoni

252 2052 373 2138 visum)
391 2049 448 2114 sed
463 2049 496 2115 in
508 2049 618 2136 quinto
629 2049 769 2114 aethereo
779 2048 939 2115 elemento
948 2048 1141 2116 Dcumesse
1150 2071 1275 2139 pronum

252 2159 350 2224 tinuit.
371 2160 413 2224 Et
428 2159 481 2246 qui
500 2158 599 2224 fidem
613 2158 672 2224 sibi
688 2157 736 2223 his
753 2157 905 2224 derebus
922 2159 964 2224 ob
981 2170 1158 2246 spectatum
1171 2171 1205 2224 et
1216 2155 1276 2223 ete

251 2293 328 2358 gans
342 2269 469 2336 dicendi
482 2293 580 2358 genus
593 2269 703 2336 heberi
718 2268 871 2357 postulet,
884 2269 969 2334 idem
980 2291 1060 2336 cnm
1071 2269 1173 2356 Euripi
1182 2266 1274 2332 ctet-

251 2380 345 2447 cidici
357 2391 504 2446 naturam
517 2381 703 2469 investigere
715 2403 780 2447 non
790 2392 909 2469 posset,
926 2377 1066 2446 collecto
1074 2377 1266 2444 exdedeonre

251 2503 284 2556 et
304 2489 475 2579 ignominia
491 2489 600 2556 dolore
620 2489 785 2578 perculsus
800 2491 896 2556 vitam
911 2487 1053 2579 reliquit.
1075 2487 1168 2556 Nemo
1179 2487 1275 2577 igitur

252 2623 292 2664 ex
306 2599 356 2667 his
366 2599 420 2687 qui
432 2599 559 2688 sepiunt
573 2597 709 2664 salutem
719 2621 810 2664 suam
823 2599 940 2664 hormn
955 2598 1126 2664 hominnm
1138 2593 1276 2684 donner

252 2707 305 2772 tiae
325 2707 529 2795 posthabentr
555 2706 612 2772 sed
631 2729 724 2771 aures
743 2729 815 2772 suas
834 2707 1013 2772 secundum
1030 2718 1173 2772 veteoem
1191 2705 1270 2770 uisse

254 2818 334 2884 riem
349 2825 422 2884 cere
433 2819 600 2892 obturans,
616 2818 790 2906 perniciem
805 2841 844 2884 ex
857 2817 906 2883 his
918 2818 1077 2884 sirenibus
1091 2817 1229 2882 suaviter
1238 2817 1277 2880 in

253 2937 428 2990 sectantem
444 2925 551 3012 fugiet.
573 2925 719 2991 Praedicti
734 2927 821 2992 enim
836 2926 1020 3013 scriptores,
1039 2927 1122 2992 dum
1137 2925 1277 2994 sermonis

254 3035 440 3100 suavitatem
459 3033 555 3101 veluti
573 3035 745 3122 quemdam
765 3057 871 3100 escam
893 3035 1110 3124 praetendunt,
1135 3035 1278 3102 multura

253 3166 327 3210 vera
342 3141 492 3231 religione
508 3143 667 3208 abducere
683 3156 853 3219 conentur,
872 3144 1031 3210 imitentes
1045 3168 1123 3210 eum
1141 3147 1195 3234 qui
1210 3143 1284 3212 mni

253 3252 423 3320 titudinem
443 3251 577 3318 deorum
595 3252 715 3340 primos
734 3251 878 3318 homines
897 3253 1012 3318 docere
1035 3275 1135 3319 ausus
1153 3267 1214 3320 est.
1235 3255 1287 3320 His

253 3375 367 3430 auctor
385 3359 474 3426 vobis
494 3381 565 3425 sum
585 3383 626 3425 ne
647 3361 878 3448 obsequamini,
901 3361 958 3426 sed
977 3362 1084 3450 potius
1105 3375 1287 3430 sannorum

253 3471 422 3539 hominum
442 3469 597 3535 vaticiniis
620 3492 749 3558 opernm
768 3472 859 3538 detis.
882 3471 938 3538 Sin
957 3483 1065 3537 autem
1086 3474 1216 3562 pigritie
1236 3487 1288 3540 aut

255 3583 382 3669 antiqua
401 3583 561 3670 majorum
578 3582 758 3669 superstitio
778 3595 960 3649 sanctorum
978 3583 1121 3650 virorum
1142 3585 1289 3651 vaticinia

205 3745 208 3752 .
254 3688 359 3777 legere
372 3691 534 3777 prohibet,
549 3715 589 3758 ex
604 3692 719 3779 quibus
732 3693 855 3758 discere
869 3694 999 3782 potestis
1011 3717 1114 3759 unum
1130 3717 1172 3763 ec
1186 3693 1290 3760 solum

253 3819 323 3863 esse
336 3798 453 3873 Deum,
470 3801 557 3886 quod
572 3799 701 3888 quidem
718 3801 857 3890 primam
873 3815 921 3868 est
935 3825 1017 3868 verae
1034 3801 1198 3892 religionis
1212 3804 1291 3870 insi-

254 3927 333 3996 gne3
348 3905 458 3974 saltem
470 3907 498 3972 ei
511 3910 565 3996 qui
578 3933 632 3976 vos
648 3911 751 4000 primo
767 3910 1002 3979 multitudinem
1019 3911 1156 3980 deorum
1169 3915 1292 3982 docue-
