<?xml version="1.0" encoding="UTF-8"?>
<!DOCTYPE html PUBLIC "-//W3C//DTD XHTML 1.0 Transitional//EN"
    "http://www.w3.org/TR/xhtml1/DTD/xhtml1-transitional.dtd">
<html xmlns="http://www.w3.org/1999/xhtml" xml:lang="en" lang="en">
 <head>
  <title>
</title>
<meta http-equiv="Content-Type" content="text/html;charset=utf-8" />
  <meta name='ocr-system' content='tesseract 3.04.00' />
  <meta name='ocr-capabilities' content='ocr_page ocr_carea ocr_par ocr_line ocrx_word'/>
</head>
<body>
  <div class='ocr_page' id='page_1' title='image "./collectioselect02guilgoog_0550.png"; bbox 0 0 2630 4614; ppageno 0'>
   <div class='ocr_carea' id='block_1_1' title="bbox 320 225 1028 302">
    <p class='ocr_par' dir='ltr' id='par_1_1' title="bbox 320 225 1028 302">
     <span class='ocr_line' id='line_1_1' title="bbox 320 225 1028 302; baseline -0.008 -10"><span class='ocrx_word' id='word_1_1' title='bbox 320 249 440 293; x_wconf 80' lang='lat' dir='ltr'><strong>nonnas</strong></span> <span class='ocrx_word' id='word_1_2' title='bbox 464 247 583 292; x_wconf 71' lang='lat' dir='ltr'><strong>caecos</strong></span> <span class='ocrx_word' id='word_1_3' title='bbox 606 247 731 290; x_wconf 81' lang='lat' dir='ltr'><strong>enarro.</strong></span> <span class='ocrx_word' id='word_1_4' title='bbox 992 225 1028 302; x_wconf 76' lang='lat' dir='ltr'><strong>Aa</strong></span> 
     </span>
    </p>
   </div>
   <div class='ocr_carea' id='block_1_2' title="bbox 13 351 1047 3902">
    <p class='ocr_par' dir='ltr' id='par_1_2' title="bbox 33 351 1034 445">
     <span class='ocr_line' id='line_1_2' title="bbox 33 351 1034 445; baseline -0.003 -25"><span class='ocrx_word' id='word_1_5' title='bbox 33 358 117 431; x_wconf 84' lang='lat' dir='ltr'><strong>venit,</strong></span> <span class='ocrx_word' id='word_1_6' title='bbox 133 357 261 422; x_wconf 82' lang='lat' dir='ltr'><strong>Ariataeo</strong></span> <span class='ocrx_word' id='word_1_7' title='bbox 276 357 486 423; x_wconf 88' lang='lat' dir='ltr'><strong>Proconnesio</strong></span> <span class='ocrx_word' id='word_1_8' title='bbox 505 358 558 444; x_wconf 91' lang='lat' dir='ltr'><strong>qui</strong></span> <span class='ocrx_word' id='word_1_9' title='bbox 577 358 699 445; x_wconf 81' lang='lat' dir='ltr'><strong>scripsit</strong></span> <span class='ocrx_word' id='word_1_10' title='bbox 714 355 899 443; x_wconf 78' lang='lat' dir='ltr'><strong>Arimaspis,</strong></span> <span class='ocrx_word' id='word_1_11' title='bbox 919 351 1034 419; x_wconf 89' lang='lat' dir='ltr'><strong>Asbolo</strong></span> 
     </span>
    </p>

    <p class='ocr_par' dir='ltr' id='par_1_3' title="bbox 31 461 1034 555">
     <span class='ocr_line' id='line_1_3' title="bbox 31 461 1034 555; baseline -0.003 -26"><span class='ocrx_word' id='word_1_12' title='bbox 31 465 189 542; x_wconf 75' lang='lat' dir='ltr'><strong>Centauro,</strong></span> <span class='ocrx_word' id='word_1_13' title='bbox 203 466 329 541; x_wconf 89' lang='lat' dir='ltr'><strong>lsatide,</strong></span> <span class='ocrx_word' id='word_1_14' title='bbox 342 467 505 541; x_wconf 89' lang='lat' dir='ltr'><strong>Drimone,</strong></span> <span class='ocrx_word' id='word_1_15' title='bbox 518 465 661 531; x_wconf 89' lang='lat' dir='ltr'><strong>Eumiclo</strong></span> <span class='ocrx_word' id='word_1_16' title='bbox 674 465 802 555; x_wconf 89' lang='lat' dir='ltr'><strong>Cyprio,</strong></span> <span class='ocrx_word' id='word_1_17' title='bbox 820 464 905 528; x_wconf 86' lang='lat' dir='ltr'><strong>Horo</strong></span> <span class='ocrx_word' id='word_1_18' title='bbox 917 461 1034 536; x_wconf 85' lang='lat' dir='ltr'><strong>Samio,</strong></span> 
     </span>
    </p>

    <p class='ocr_par' dir='ltr' id='par_1_4' title="bbox 28 569 1032 659">
     <span class='ocr_line' id='line_1_4' title="bbox 28 569 1032 659; baseline -0.003 -25"><span class='ocrx_word' id='word_1_19' title='bbox 28 571 224 636; x_wconf 88' lang='lat' dir='ltr'><strong>Prosnautide</strong></span> <span class='ocrx_word' id='word_1_20' title='bbox 236 571 429 638; x_wconf 83' lang='lat' dir='ltr'><strong>Atheniensi.</strong></span> <span class='ocrx_word' id='word_1_21' title='bbox 445 571 524 638; x_wconf 90' lang='lat' dir='ltr'><strong>Nam</strong></span> <span class='ocrx_word' id='word_1_22' title='bbox 536 572 630 638; x_wconf 84' lang='lat' dir='ltr'><strong>Linus</strong></span> <span class='ocrx_word' id='word_1_23' title='bbox 642 569 784 638; x_wconf 89' lang='lat' dir='ltr'><strong>Herculis</strong></span> <span class='ocrx_word' id='word_1_24' title='bbox 797 570 943 659; x_wconf 89' lang='lat' dir='ltr'><strong>magister</strong></span> <span class='ocrx_word' id='word_1_25' title='bbox 955 569 1013 632; x_wconf 86' lang='lat' dir='ltr'><strong>fuit</strong></span> <span class='ocrx_word' id='word_1_26' title='bbox 1025 590 1032 630; x_wconf 92' lang='lat'><strong>:</strong></span> 
     </span>
    </p>

    <p class='ocr_par' dir='ltr' id='par_1_5' title="bbox 29 679 1038 769">
     <span class='ocr_line' id='line_1_5' title="bbox 29 679 1038 769; baseline -0.004 -24"><span class='ocrx_word' id='word_1_27' title='bbox 29 681 170 747; x_wconf 89' lang='lat' dir='ltr'><strong>llcrcules</strong></span> <span class='ocrx_word' id='word_1_28' title='bbox 185 696 293 748; x_wconf 89' lang='lat' dir='ltr'><strong>autem</strong></span> <span class='ocrx_word' id='word_1_29' title='bbox 307 706 369 747; x_wconf 90' lang='lat' dir='ltr'><strong>una</strong></span> <span class='ocrx_word' id='word_1_30' title='bbox 385 693 475 748; x_wconf 73' lang='lat' dir='ltr'><strong>aetate</strong></span> <span class='ocrx_word' id='word_1_31' title='bbox 493 681 612 747; x_wconf 91' lang='lat' dir='ltr'><strong>bellum</strong></span> <span class='ocrx_word' id='word_1_32' title='bbox 631 680 802 769; x_wconf 88' lang='lat' dir='ltr'><strong>Trojannm</strong></span> <span class='ocrx_word' id='word_1_33' title='bbox 817 679 987 753; x_wconf 74' lang='lat' dir='ltr'><strong>antecedit,</strong></span> <span class='ocrx_word' id='word_1_34' title='bbox 1002 690 1038 741; x_wconf 92' lang='lat' dir='ltr'><strong>ut</strong></span> 
     </span>
    </p>

    <p class='ocr_par' dir='ltr' id='par_1_6' title="bbox 29 777 1038 881">
     <span class='ocr_line' id='line_1_6' title="bbox 29 777 1038 881; baseline -0.006 -24"><span class='ocrx_word' id='word_1_35' title='bbox 29 791 152 880; x_wconf 91' lang='lat' dir='ltr'><strong>planum</strong></span> <span class='ocrx_word' id='word_1_36' title='bbox 162 777 209 858; x_wconf 82' lang='lat' dir='ltr'><strong>est</strong></span> <span class='ocrx_word' id='word_1_37' title='bbox 219 817 258 858; x_wconf 87' lang='lat' dir='ltr'><strong>ex</strong></span> <span class='ocrx_word' id='word_1_38' title='bbox 271 794 339 881; x_wconf 89' lang='lat' dir='ltr'><strong>ejus</strong></span> <span class='ocrx_word' id='word_1_39' title='bbox 355 791 420 858; x_wconf 89' lang='lat' dir='ltr'><strong>filio</strong></span> <span class='ocrx_word' id='word_1_40' title='bbox 434 792 629 881; x_wconf 85' lang='lat' dir='ltr'><strong>Tlepolemo,</strong></span> <span class='ocrx_word' id='word_1_41' title='bbox 643 792 695 880; x_wconf 92' lang='lat' dir='ltr'><strong>qui</strong></span> <span class='ocrx_word' id='word_1_42' title='bbox 707 792 852 856; x_wconf 82' lang='lat' dir='ltr'><strong>adversus</strong></span> <span class='ocrx_word' id='word_1_43' title='bbox 864 789 956 856; x_wconf 92' lang='lat' dir='ltr'><strong>llium</strong></span> <span class='ocrx_word' id='word_1_44' title='bbox 967 810 1038 874; x_wconf 92' lang='lat' dir='ltr'><strong>pro-</strong></span> 
     </span>
    </p>

    <p class='ocr_par' dir='ltr' id='par_1_7' title="bbox 30 898 1036 992">
     <span class='ocr_line' id='line_1_7' title="bbox 30 898 1036 992; baseline -0.003 -27"><span class='ocrx_word' id='word_1_45' title='bbox 30 903 123 968; x_wconf 83' lang='lat' dir='ltr'><strong>iectus</strong></span> <span class='ocrx_word' id='word_1_46' title='bbox 140 915 197 968; x_wconf 90' lang='lat' dir='ltr'><strong>est.</strong></span> <span class='ocrx_word' id='word_1_47' title='bbox 215 903 361 992; x_wconf 83' lang='lat' dir='ltr'><strong>Orpheus</strong></span> <span class='ocrx_word' id='word_1_48' title='bbox 376 917 481 970; x_wconf 88' lang='lat' dir='ltr'><strong>nutem</strong></span> <span class='ocrx_word' id='word_1_49' title='bbox 496 903 624 971; x_wconf 87' lang='lat' dir='ltr'><strong>Herculi</strong></span> <span class='ocrx_word' id='word_1_50' title='bbox 640 902 787 989; x_wconf 74' lang='lat' dir='ltr'><strong>aequalis:</strong></span> <span class='ocrx_word' id='word_1_51' title='bbox 807 925 879 966; x_wconf 89' lang='lat' dir='ltr'><strong>nam</strong></span> <span class='ocrx_word' id='word_1_52' title='bbox 894 923 963 989; x_wconf 82' lang='lat' dir='ltr'><strong>quae</strong></span> <span class='ocrx_word' id='word_1_53' title='bbox 980 898 1036 963; x_wconf 91' lang='lat' dir='ltr'><strong>sub</strong></span> 
     </span>
    </p>

    <p class='ocr_par' dir='ltr' id='par_1_8' title="bbox 29 1007 1038 1096">
     <span class='ocr_line' id='line_1_8' title="bbox 29 1007 1038 1096; baseline -0.002 -22"><span class='ocrx_word' id='word_1_54' title='bbox 29 1009 105 1075; x_wconf 93' lang='lat' dir='ltr'><strong>illius</strong></span> <span class='ocrx_word' id='word_1_55' title='bbox 118 1012 246 1076; x_wconf 85' lang='lat' dir='ltr'><strong>nomine</strong></span> <span class='ocrx_word' id='word_1_56' title='bbox 265 1011 420 1087; x_wconf 88' lang='lat' dir='ltr'><strong>feruntur,</strong></span> <span class='ocrx_word' id='word_1_57' title='bbox 436 1035 473 1076; x_wconf 92' lang='lat' dir='ltr'><strong>ea</strong></span> <span class='ocrx_word' id='word_1_58' title='bbox 491 1015 530 1077; x_wconf 91' lang='lat' dir='ltr'><strong>ab</strong></span> <span class='ocrx_word' id='word_1_59' title='bbox 548 1011 753 1077; x_wconf 89' lang='lat' dir='ltr'><strong>Onomaerito</strong></span> <span class='ocrx_word' id='word_1_60' title='bbox 770 1007 964 1084; x_wconf 82' lang='lat' dir='ltr'><strong>Atheniensi,</strong></span> <span class='ocrx_word' id='word_1_61' title='bbox 984 1009 1038 1096; x_wconf 93' lang='lat' dir='ltr'><strong>qui</strong></span> 
     </span>
    </p>

    <p class='ocr_par' dir='ltr' id='par_1_9' title="bbox 13 1118 1047 3902">
     <span class='ocr_line' id='line_1_9' title="bbox 26 1118 1039 1211; baseline -0.004 -25"><span class='ocrx_word' id='word_1_62' title='bbox 26 1121 222 1187; x_wconf 85' lang='lat' dir='ltr'><strong>Pisistratidis</strong></span> <span class='ocrx_word' id='word_1_63' title='bbox 245 1125 447 1211; x_wconf 76' lang='lat' dir='ltr'><strong>regnantibus</strong></span> <span class='ocrx_word' id='word_1_64' title='bbox 473 1123 556 1189; x_wconf 90' lang='lat' dir='ltr'><strong>circa</strong></span> <span class='ocrx_word' id='word_1_65' title='bbox 580 1120 799 1209; x_wconf 84' lang='lat' dir='ltr'><strong>Olympiadem</strong></span> <span class='ocrx_word' id='word_1_66' title='bbox 821 1118 1039 1207; x_wconf 86' lang='lat' dir='ltr'><strong>quinquagesi-</strong></span> 
     </span>
     <span class='ocr_line' id='line_1_10' title="bbox 27 1225 1039 1320; baseline -0.007 -24"><span class='ocrx_word' id='word_1_67' title='bbox 27 1255 109 1296; x_wconf 89' lang='lat' dir='ltr'><strong>mam</strong></span> <span class='ocrx_word' id='word_1_68' title='bbox 127 1231 270 1320; x_wconf 84' lang='lat' dir='ltr'><strong>degebat,</strong></span> <span class='ocrx_word' id='word_1_69' title='bbox 292 1232 463 1320; x_wconf 85' lang='lat' dir='ltr'><strong>composita</strong></span> <span class='ocrx_word' id='word_1_70' title='bbox 483 1230 708 1296; x_wconf 89' lang='lat' dir='ltr'><strong>existimantur.</strong></span> <span class='ocrx_word' id='word_1_71' title='bbox 732 1228 850 1316; x_wconf 87' lang='lat' dir='ltr'><strong>Orphei</strong></span> <span class='ocrx_word' id='word_1_72' title='bbox 870 1225 1039 1315; x_wconf 91' lang='lat' dir='ltr'><strong>discipulus</strong></span> 
     </span>
     <span class='ocr_line' id='line_1_11' title="bbox 28 1332 1038 1428; baseline -0.003 -26"><span class='ocrx_word' id='word_1_73' title='bbox 28 1339 84 1404; x_wconf 86' lang='lat' dir='ltr'><strong>luit</strong></span> <span class='ocrx_word' id='word_1_74' title='bbox 97 1339 249 1406; x_wconf 85' lang='lat' dir='ltr'><strong>hlusaeus:</strong></span> <span class='ocrx_word' id='word_1_75' title='bbox 270 1339 427 1428; x_wconf 88' lang='lat' dir='ltr'><strong>Amphion</strong></span> <span class='ocrx_word' id='word_1_76' title='bbox 438 1351 557 1414; x_wconf 88' lang='lat' dir='ltr'><strong>autem,</strong></span> <span class='ocrx_word' id='word_1_77' title='bbox 571 1362 644 1404; x_wconf 90' lang='lat' dir='ltr'><strong>eum</strong></span> <span class='ocrx_word' id='word_1_78' title='bbox 655 1338 777 1404; x_wconf 87' lang='lat' dir='ltr'><strong>duabus</strong></span> <span class='ocrx_word' id='word_1_79' title='bbox 792 1337 935 1400; x_wconf 67' lang='lat' dir='ltr'><strong>aetatibus</strong></span> <span class='ocrx_word' id='word_1_80' title='bbox 947 1332 1038 1399; x_wconf 89' lang='lat' dir='ltr'><strong>lliaca</strong></span> 
     </span>
     <span class='ocr_line' id='line_1_12' title="bbox 27 1439 1041 1535; baseline -0.009 -23"><span class='ocrx_word' id='word_1_81' title='bbox 27 1447 203 1522; x_wconf 89' lang='lat' dir='ltr'><strong>antecedat,</strong></span> <span class='ocrx_word' id='word_1_82' title='bbox 218 1444 307 1535; x_wconf 92' lang='lat' dir='ltr'><strong>plura</strong></span> <span class='ocrx_word' id='word_1_83' title='bbox 318 1446 457 1512; x_wconf 87' lang='lat' dir='ltr'><strong>discendi</strong></span> <span class='ocrx_word' id='word_1_84' title='bbox 469 1445 590 1533; x_wconf 90' lang='lat' dir='ltr'><strong>cupidis</strong></span> <span class='ocrx_word' id='word_1_85' title='bbox 601 1444 741 1532; x_wconf 84' lang='lat' dir='ltr'><strong>prolerre</strong></span> <span class='ocrx_word' id='word_1_86' title='bbox 755 1441 911 1531; x_wconf 87' lang='lat' dir='ltr'><strong>prohibet.</strong></span> <span class='ocrx_word' id='word_1_87' title='bbox 930 1439 1041 1504; x_wconf 86' lang='lat' dir='ltr'><strong>Demo</strong></span> 
     </span>
     <span class='ocr_line' id='line_1_13' title="bbox 26 1547 1037 1640; baseline -0.009 -23"><span class='ocrx_word' id='word_1_88' title='bbox 26 1553 121 1617; x_wconf 92' lang='lat' dir='ltr'><strong>docus</strong></span> <span class='ocrx_word' id='word_1_89' title='bbox 144 1563 176 1617; x_wconf 92' lang='lat' dir='ltr'><strong>et</strong></span> <span class='ocrx_word' id='word_1_90' title='bbox 197 1551 344 1617; x_wconf 88' lang='lat' dir='ltr'><strong>Phemius</strong></span> <span class='ocrx_word' id='word_1_91' title='bbox 366 1553 460 1640; x_wconf 93' lang='lat' dir='ltr'><strong>ipsius</strong></span> <span class='ocrx_word' id='word_1_92' title='bbox 482 1550 555 1617; x_wconf 88' lang='lat' dir='ltr'><strong>belli</strong></span> <span class='ocrx_word' id='word_1_93' title='bbox 577 1549 705 1638; x_wconf 88' lang='lat' dir='ltr'><strong>Trojani</strong></span> <span class='ocrx_word' id='word_1_94' title='bbox 726 1562 866 1636; x_wconf 92' lang='lat' dir='ltr'><strong>tempore</strong></span> <span class='ocrx_word' id='word_1_95' title='bbox 887 1547 1037 1612; x_wconf 88' lang='lat' dir='ltr'><strong>suerunt:</strong></span> 
     </span>
     <span class='ocr_line' id='line_1_14' title="bbox 24 1652 1043 1749; baseline -0.009 -22"><span class='ocrx_word' id='word_1_96' title='bbox 24 1674 91 1728; x_wconf 88' lang='lat' dir='ltr'><strong>erat</strong></span> <span class='ocrx_word' id='word_1_97' title='bbox 105 1663 189 1726; x_wconf 87' lang='lat' dir='ltr'><strong>enim</strong></span> <span class='ocrx_word' id='word_1_98' title='bbox 204 1659 281 1726; x_wconf 89' lang='lat' dir='ltr'><strong>alter</strong></span> <span class='ocrx_word' id='word_1_99' title='bbox 295 1661 379 1749; x_wconf 91' lang='lat' dir='ltr'><strong>apud</strong></span> <span class='ocrx_word' id='word_1_100' title='bbox 393 1661 522 1734; x_wconf 89' lang='lat' dir='ltr'><strong>Proeos,</strong></span> <span class='ocrx_word' id='word_1_101' title='bbox 538 1657 616 1725; x_wconf 84' lang='lat' dir='ltr'><strong>alter</strong></span> <span class='ocrx_word' id='word_1_102' title='bbox 630 1660 715 1748; x_wconf 90' lang='lat' dir='ltr'><strong>apud</strong></span> <span class='ocrx_word' id='word_1_103' title='bbox 728 1657 883 1723; x_wconf 83' lang='lat' dir='ltr'><strong>Phaeaces.</strong></span> <span class='ocrx_word' id='word_1_104' title='bbox 902 1652 1043 1741; x_wconf 89' lang='lat' dir='ltr'><strong>Thamy-</strong></span> 
     </span>
     <span class='ocr_line' id='line_1_15' title="bbox 24 1764 1043 1853; baseline -0.008 -19"><span class='ocrx_word' id='word_1_105' title='bbox 24 1771 67 1834; x_wconf 90' lang='lat' dir='ltr'><strong>ris</strong></span> <span class='ocrx_word' id='word_1_106' title='bbox 81 1781 114 1834; x_wconf 88' lang='lat' dir='ltr'><strong>et</strong></span> <span class='ocrx_word' id='word_1_107' title='bbox 128 1768 327 1836; x_wconf 86' lang='lat' dir='ltr'><strong>Philammon</strong></span> <span class='ocrx_word' id='word_1_108' title='bbox 342 1791 406 1832; x_wconf 88' lang='lat' dir='ltr'><strong>nen</strong></span> <span class='ocrx_word' id='word_1_109' title='bbox 418 1767 518 1833; x_wconf 93' lang='lat' dir='ltr'><strong>multo</strong></span> <span class='ocrx_word' id='word_1_110' title='bbox 533 1768 581 1832; x_wconf 92' lang='lat' dir='ltr'><strong>his</strong></span> <span class='ocrx_word' id='word_1_111' title='bbox 592 1768 782 1853; x_wconf 87' lang='lat' dir='ltr'><strong>antiquiores</strong></span> <span class='ocrx_word' id='word_1_112' title='bbox 794 1777 876 1831; x_wconf 90' lang='lat' dir='ltr'><strong>sunt.</strong></span> <span class='ocrx_word' id='word_1_113' title='bbox 895 1764 993 1852; x_wconf 92' lang='lat' dir='ltr'><strong>lgitur</strong></span> <span class='ocrx_word' id='word_1_114' title='bbox 1004 1764 1043 1828; x_wconf 91' lang='lat' dir='ltr'><strong>de</strong></span> 
     </span>
     <span class='ocr_line' id='line_1_16' title="bbox 25 1871 1043 1965; baseline -0.01 -20"><span class='ocrx_word' id='word_1_115' title='bbox 25 1878 146 1965; x_wconf 89' lang='lat' dir='ltr'><strong>seriptis</strong></span> <span class='ocrx_word' id='word_1_116' title='bbox 167 1877 208 1940; x_wconf 90' lang='lat' dir='ltr'><strong>ad</strong></span> <span class='ocrx_word' id='word_1_117' title='bbox 229 1899 483 1964; x_wconf 88' lang='lat' dir='ltr'><strong>unamquamque</strong></span> <span class='ocrx_word' id='word_1_118' title='bbox 503 1876 679 1942; x_wconf 87' lang='lat' dir='ltr'><strong>doctrinam</strong></span> <span class='ocrx_word' id='word_1_119' title='bbox 699 1874 924 1964; x_wconf 85' lang='lat' dir='ltr'><strong>spectantibus,</strong></span> <span class='ocrx_word' id='word_1_120' title='bbox 946 1895 983 1937; x_wconf 89' lang='lat' dir='ltr'><strong>ac</strong></span> <span class='ocrx_word' id='word_1_121' title='bbox 1004 1871 1043 1936; x_wconf 89' lang='lat' dir='ltr'><strong>de</strong></span> 
     </span>
     <span class='ocr_line' id='line_1_17' title="bbox 26 1980 1042 2073; baseline -0.006 -23"><span class='ocrx_word' id='word_1_122' title='bbox 26 1984 221 2073; x_wconf 89' lang='lat' dir='ltr'><strong>temporibus</strong></span> <span class='ocrx_word' id='word_1_123' title='bbox 241 1996 273 2049; x_wconf 91' lang='lat' dir='ltr'><strong>et</strong></span> <span class='ocrx_word' id='word_1_124' title='bbox 295 1995 474 2071; x_wconf 88' lang='lat' dir='ltr'><strong>temporum</strong></span> <span class='ocrx_word' id='word_1_125' title='bbox 497 1983 718 2072; x_wconf 88' lang='lat' dir='ltr'><strong>descriptione,</strong></span> <span class='ocrx_word' id='word_1_126' title='bbox 742 1984 876 2049; x_wconf 88' lang='lat' dir='ltr'><strong>arbitror</strong></span> <span class='ocrx_word' id='word_1_127' title='bbox 896 2004 947 2047; x_wconf 89' lang='lat' dir='ltr'><strong>me</strong></span> <span class='ocrx_word' id='word_1_128' title='bbox 971 1980 1042 2045; x_wconf 87' lang='lat' dir='ltr'><strong>satis</strong></span> 
     </span>
     <span class='ocr_line' id='line_1_18' title="bbox 25 2093 1043 2184; baseline -0.008 -24"><span class='ocrx_word' id='word_1_129' title='bbox 25 2093 124 2160; x_wconf 87' lang='lat' dir='ltr'><strong>multa</strong></span> <span class='ocrx_word' id='word_1_130' title='bbox 140 2118 235 2182; x_wconf 91' lang='lat' dir='ltr'><strong>quam</strong></span> <span class='ocrx_word' id='word_1_131' title='bbox 250 2095 483 2161; x_wconf 85' lang='lat' dir='ltr'><strong>accuratissime</strong></span> <span class='ocrx_word' id='word_1_132' title='bbox 500 2094 667 2184; x_wconf 85' lang='lat' dir='ltr'><strong>scripsisse.</strong></span> <span class='ocrx_word' id='word_1_133' title='bbox 686 2093 749 2158; x_wconf 86' lang='lat' dir='ltr'><strong>Sed</strong></span> <span class='ocrx_word' id='word_1_134' title='bbox 764 2103 799 2157; x_wconf 88' lang='lat' dir='ltr'><strong>ut</strong></span> <span class='ocrx_word' id='word_1_135' title='bbox 813 2115 849 2157; x_wconf 89' lang='lat' dir='ltr'><strong>ca</strong></span> <span class='ocrx_word' id='word_1_136' title='bbox 864 2093 959 2158; x_wconf 88' lang='lat' dir='ltr'><strong>etiam</strong></span> <span class='ocrx_word' id='word_1_137' title='bbox 974 2113 1043 2177; x_wconf 77' lang='lat' dir='ltr'><strong>qum</strong></span> 
     </span>
     <span class='ocr_line' id='line_1_19' title="bbox 24 2201 1044 2293; baseline -0.007 -23"><span class='ocrx_word' id='word_1_138' title='bbox 24 2206 177 2271; x_wconf 89' lang='lat' dir='ltr'><strong>haetenus</strong></span> <span class='ocrx_word' id='word_1_139' title='bbox 199 2217 367 2293; x_wconf 88' lang='lat' dir='ltr'><strong>supersunt</strong></span> <span class='ocrx_word' id='word_1_140' title='bbox 386 2203 577 2293; x_wconf 85' lang='lat' dir='ltr'><strong>expleamus,</strong></span> <span class='ocrx_word' id='word_1_141' title='bbox 600 2203 704 2270; x_wconf 86' lang='lat' dir='ltr'><strong>adhuc</strong></span> <span class='ocrx_word' id='word_1_142' title='bbox 722 2215 755 2269; x_wconf 87' lang='lat' dir='ltr'><strong>et</strong></span> <span class='ocrx_word' id='word_1_143' title='bbox 772 2203 810 2268; x_wconf 91' lang='lat' dir='ltr'><strong>de</strong></span> <span class='ocrx_word' id='word_1_144' title='bbox 831 2204 866 2268; x_wconf 87' lang='lat' dir='ltr'><strong>iis</strong></span> <span class='ocrx_word' id='word_1_145' title='bbox 888 2202 941 2290; x_wconf 89' lang='lat' dir='ltr'><strong>qui</strong></span> <span class='ocrx_word' id='word_1_146' title='bbox 961 2201 1044 2265; x_wconf 83' lang='lat' dir='ltr'><strong>exis-</strong></span> 
     </span>
     <span class='ocr_line' id='line_1_20' title="bbox 22 2309 1041 2401; baseline -0.007 -22"><span class='ocrx_word' id='word_1_147' title='bbox 22 2314 124 2379; x_wconf 89' lang='lat' dir='ltr'><strong>timati</strong></span> <span class='ocrx_word' id='word_1_148' title='bbox 145 2325 219 2378; x_wconf 90' lang='lat' dir='ltr'><strong>sunt</strong></span> <span class='ocrx_word' id='word_1_149' title='bbox 239 2313 405 2401; x_wconf 87' lang='lat' dir='ltr'><strong>sapientes,</strong></span> <span class='ocrx_word' id='word_1_150' title='bbox 429 2313 726 2380; x_wconf 84' lang='lat' dir='ltr'><strong>demonstrationem</strong></span> <span class='ocrx_word' id='word_1_151' title='bbox 747 2312 919 2378; x_wconf 84' lang='lat' dir='ltr'><strong>instituam.</strong></span> <span class='ocrx_word' id='word_1_152' title='bbox 943 2309 1041 2374; x_wconf 88' lang='lat' dir='ltr'><strong>lllinos</strong></span> 
     </span>
     <span class='ocr_line' id='line_1_21' title="bbox 23 2419 1043 2513; baseline -0.005 -25"><span class='ocrx_word' id='word_1_153' title='bbox 23 2425 122 2496; x_wconf 87' lang='lat' dir='ltr'><strong>enim,</strong></span> <span class='ocrx_word' id='word_1_154' title='bbox 140 2423 195 2510; x_wconf 91' lang='lat' dir='ltr'><strong>qui</strong></span> <span class='ocrx_word' id='word_1_155' title='bbox 209 2423 338 2488; x_wconf 91' lang='lat' dir='ltr'><strong>inomni</strong></span> <span class='ocrx_word' id='word_1_156' title='bbox 352 2423 508 2512; x_wconf 81' lang='lat' dir='ltr'><strong>sapientiae</strong></span> <span class='ocrx_word' id='word_1_157' title='bbox 520 2447 646 2512; x_wconf 89' lang='lat' dir='ltr'><strong>genere,</strong></span> <span class='ocrx_word' id='word_1_158' title='bbox 662 2447 699 2490; x_wconf 87' lang='lat' dir='ltr'><strong>ac</strong></span> <span class='ocrx_word' id='word_1_159' title='bbox 710 2424 876 2513; x_wconf 87' lang='lat' dir='ltr'><strong>prudentia</strong></span> <span class='ocrx_word' id='word_1_160' title='bbox 891 2434 923 2486; x_wconf 91' lang='lat' dir='ltr'><strong>et</strong></span> <span class='ocrx_word' id='word_1_161' title='bbox 938 2419 1043 2509; x_wconf 88' lang='lat' dir='ltr'><strong>legum</strong></span> 
     </span>
     <span class='ocr_line' id='line_1_22' title="bbox 21 2528 1042 2618; baseline -0.004 -23"><span class='ocrx_word' id='word_1_162' title='bbox 21 2530 223 2595; x_wconf 88' lang='lat' dir='ltr'><strong>institutione</strong></span> <span class='ocrx_word' id='word_1_163' title='bbox 241 2531 397 2618; x_wconf 77' lang='lat' dir='ltr'><strong>praeivisse</strong></span> <span class='ocrx_word' id='word_1_164' title='bbox 418 2531 611 2597; x_wconf 85' lang='lat' dir='ltr'><strong>existimatus</strong></span> <span class='ocrx_word' id='word_1_165' title='bbox 632 2544 691 2606; x_wconf 90' lang='lat' dir='ltr'><strong>est,</strong></span> <span class='ocrx_word' id='word_1_166' title='bbox 715 2533 772 2597; x_wconf 91' lang='lat' dir='ltr'><strong>sub</strong></span> <span class='ocrx_word' id='word_1_167' title='bbox 795 2532 923 2618; x_wconf 87' lang='lat' dir='ltr'><strong>Lynceo</strong></span> <span class='ocrx_word' id='word_1_168' title='bbox 944 2528 1042 2594; x_wconf 90' lang='lat' dir='ltr'><strong>Danai</strong></span> 
     </span>
     <span class='ocr_line' id='line_1_23' title="bbox 20 2639 1043 2729; baseline -0.004 -25"><span class='ocrx_word' id='word_1_169' title='bbox 20 2661 208 2706; x_wconf 85' lang='lat' dir='ltr'><strong>successore</strong></span> <span class='ocrx_word' id='word_1_170' title='bbox 223 2640 336 2714; x_wconf 84' lang='lat' dir='ltr'><strong>extitit,</strong></span> <span class='ocrx_word' id='word_1_171' title='bbox 356 2640 520 2705; x_wconf 88' lang='lat' dir='ltr'><strong>undecima</strong></span> <span class='ocrx_word' id='word_1_172' title='bbox 541 2652 611 2729; x_wconf 87' lang='lat' dir='ltr'><strong>post</strong></span> <span class='ocrx_word' id='word_1_173' title='bbox 626 2641 778 2706; x_wconf 89' lang='lat' dir='ltr'><strong>Inachum</strong></span> <span class='ocrx_word' id='word_1_174' title='bbox 797 2653 896 2705; x_wconf 76' lang='lat' dir='ltr'><strong>aetate.</strong></span> <span class='ocrx_word' id='word_1_175' title='bbox 922 2639 1043 2724; x_wconf 89' lang='lat' dir='ltr'><strong>Lycur-</strong></span> 
     </span>
     <span class='ocr_line' id='line_1_24' title="bbox 20 2747 1044 2838; baseline -0.004 -24"><span class='ocrx_word' id='word_1_176' title='bbox 20 2772 94 2838; x_wconf 88' lang='lat' dir='ltr'><strong>gus,</strong></span> <span class='ocrx_word' id='word_1_177' title='bbox 118 2747 220 2816; x_wconf 90' lang='lat' dir='ltr'><strong>multo</strong></span> <span class='ocrx_word' id='word_1_178' title='bbox 241 2762 312 2836; x_wconf 89' lang='lat' dir='ltr'><strong>post</strong></span> <span class='ocrx_word' id='word_1_179' title='bbox 331 2763 458 2838; x_wconf 90' lang='lat' dir='ltr'><strong>captum</strong></span> <span class='ocrx_word' id='word_1_180' title='bbox 481 2749 574 2815; x_wconf 90' lang='lat' dir='ltr'><strong>llium</strong></span> <span class='ocrx_word' id='word_1_181' title='bbox 593 2763 698 2824; x_wconf 80' lang='lat' dir='ltr'><strong>natus,</strong></span> <span class='ocrx_word' id='word_1_182' title='bbox 720 2750 808 2815; x_wconf 88' lang='lat' dir='ltr'><strong>annis</strong></span> <span class='ocrx_word' id='word_1_183' title='bbox 827 2761 955 2814; x_wconf 90' lang='lat' dir='ltr'><strong>centum</strong></span> <span class='ocrx_word' id='word_1_184' title='bbox 972 2757 1044 2811; x_wconf 89' lang='lat' dir='ltr'><strong>ante</strong></span> 
     </span>
     <span class='ocr_line' id='line_1_25' title="bbox 20 2855 1041 2945; baseline -0.005 -22"><span class='ocrx_word' id='word_1_185' title='bbox 20 2856 227 2945; x_wconf 85' lang='lat' dir='ltr'><strong>Olympiades</strong></span> <span class='ocrx_word' id='word_1_186' title='bbox 247 2857 490 2923; x_wconf 87' lang='lat' dir='ltr'><strong>Laeedaemoniis</strong></span> <span class='ocrx_word' id='word_1_187' title='bbox 512 2855 593 2944; x_wconf 82' lang='lat' dir='ltr'><strong>leges</strong></span> <span class='ocrx_word' id='word_1_188' title='bbox 616 2858 799 2944; x_wconf 73' lang='lat' dir='ltr'><strong>praescribit.</strong></span> <span class='ocrx_word' id='word_1_189' title='bbox 829 2856 932 2921; x_wconf 91' lang='lat' dir='ltr'><strong>Draco</strong></span> <span class='ocrx_word' id='word_1_190' title='bbox 959 2857 1041 2920; x_wconf 91' lang='lat' dir='ltr'><strong>circa</strong></span> 
     </span>
     <span class='ocr_line' id='line_1_26' title="bbox 19 2962 1042 3052; baseline -0.001 -23"><span class='ocrx_word' id='word_1_191' title='bbox 19 2965 218 3052; x_wconf 79' lang='lat' dir='ltr'><strong>trigesimam</strong></span> <span class='ocrx_word' id='word_1_192' title='bbox 232 2988 348 3030; x_wconf 89' lang='lat' dir='ltr'><strong>nonam</strong></span> <span class='ocrx_word' id='word_1_193' title='bbox 365 2965 587 3052; x_wconf 85' lang='lat' dir='ltr'><strong>Olympiadem</strong></span> <span class='ocrx_word' id='word_1_194' title='bbox 604 2966 760 3052; x_wconf 87' lang='lat' dir='ltr'><strong>reperitur</strong></span> <span class='ocrx_word' id='word_1_195' title='bbox 775 2965 927 3036; x_wconf 87' lang='lat' dir='ltr'><strong>extitisse;</strong></span> <span class='ocrx_word' id='word_1_196' title='bbox 947 2962 1042 3029; x_wconf 89' lang='lat' dir='ltr'><strong>Solon</strong></span> 
     </span>
     <span class='ocr_line' id='line_1_27' title="bbox 21 3071 1044 3162; baseline 0.003 -28"><span class='ocrx_word' id='word_1_197' title='bbox 21 3072 111 3135; x_wconf 89' lang='lat' dir='ltr'><strong>circa</strong></span> <span class='ocrx_word' id='word_1_198' title='bbox 125 3071 396 3158; x_wconf 76' lang='lat' dir='ltr'><strong>quadragesimam</strong></span> <span class='ocrx_word' id='word_1_199' title='bbox 410 3084 553 3137; x_wconf 83' lang='lat' dir='ltr'><strong>octavam</strong></span> <span class='ocrx_word' id='word_1_200' title='bbox 561 3095 572 3143; x_wconf 71' lang='lat' dir='ltr'><strong>a</strong></span> <span class='ocrx_word' id='word_1_201' title='bbox 587 3071 779 3160; x_wconf 85' lang='lat' dir='ltr'><strong>Pythagoras</strong></span> <span class='ocrx_word' id='word_1_202' title='bbox 796 3073 878 3138; x_wconf 88' lang='lat' dir='ltr'><strong>circa</strong></span> <span class='ocrx_word' id='word_1_203' title='bbox 896 3073 1044 3162; x_wconf 80' lang='lat' dir='ltr'><strong>sexagesi-</strong></span> 
     </span>
     <span class='ocr_line' id='line_1_28' title="bbox 20 3165 1046 3269; baseline -0.001 -24"><span class='ocrx_word' id='word_1_204' title='bbox 20 3201 114 3245; x_wconf 91' lang='lat' dir='ltr'><strong>mam</strong></span> <span class='ocrx_word' id='word_1_205' title='bbox 128 3178 309 3244; x_wconf 87' lang='lat' dir='ltr'><strong>secundam.</strong></span> <span class='ocrx_word' id='word_1_206' title='bbox 335 3165 535 3268; x_wconf 87' lang='lat' dir='ltr'><strong>Olympiades</strong></span> <span class='ocrx_word' id='word_1_207' title='bbox 552 3189 658 3244; x_wconf 88' lang='lat' dir='ltr'><strong>autem</strong></span> <span class='ocrx_word' id='word_1_208' title='bbox 675 3180 763 3245; x_wconf 88' lang='lat' dir='ltr'><strong>annis</strong></span> <span class='ocrx_word' id='word_1_209' title='bbox 778 3193 849 3269; x_wconf 91' lang='lat' dir='ltr'><strong>post</strong></span> <span class='ocrx_word' id='word_1_210' title='bbox 865 3179 958 3246; x_wconf 89' lang='lat' dir='ltr'><strong>lliaca</strong></span> <span class='ocrx_word' id='word_1_211' title='bbox 974 3203 1046 3267; x_wconf 91' lang='lat' dir='ltr'><strong>sep-</strong></span> 
     </span>
     <span class='ocr_line' id='line_1_29' title="bbox 20 3284 1046 3375; baseline -0.001 -23"><span class='ocrx_word' id='word_1_212' title='bbox 20 3301 91 3352; x_wconf 86' lang='lat' dir='ltr'><strong>tem</strong></span> <span class='ocrx_word' id='word_1_213' title='bbox 112 3296 147 3352; x_wconf 88' lang='lat' dir='ltr'><strong>et</strong></span> <span class='ocrx_word' id='word_1_214' title='bbox 167 3284 400 3375; x_wconf 80' lang='lat' dir='ltr'><strong>quadringentis</strong></span> <span class='ocrx_word' id='word_1_215' title='bbox 420 3287 576 3352; x_wconf 88' lang='lat' dir='ltr'><strong>institutas</strong></span> <span class='ocrx_word' id='word_1_216' title='bbox 600 3287 889 3355; x_wconf 86' lang='lat' dir='ltr'><strong>demonstravimus.</strong></span> <span class='ocrx_word' id='word_1_217' title='bbox 915 3289 979 3354; x_wconf 88' lang='lat' dir='ltr'><strong>Sed</strong></span> <span class='ocrx_word' id='word_1_218' title='bbox 998 3288 1046 3352; x_wconf 91' lang='lat' dir='ltr'><strong>his</strong></span> 
     </span>
     <span class='ocr_line' id='line_1_30' title="bbox 18 3395 1047 3488; baseline 0 -26"><span class='ocrx_word' id='word_1_219' title='bbox 18 3400 67 3463; x_wconf 86' lang='lat' dir='ltr'><strong>ita</strong></span> <span class='ocrx_word' id='word_1_220' title='bbox 83 3395 319 3471; x_wconf 86' lang='lat' dir='ltr'><strong>demonstratis,</strong></span> <span class='ocrx_word' id='word_1_221' title='bbox 340 3419 404 3462; x_wconf 93' lang='lat' dir='ltr'><strong>non</strong></span> <span class='ocrx_word' id='word_1_222' title='bbox 422 3398 487 3485; x_wconf 90' lang='lat' dir='ltr'><strong>jam</strong></span> <span class='ocrx_word' id='word_1_223' title='bbox 505 3395 602 3463; x_wconf 90' lang='lat' dir='ltr'><strong>multa</strong></span> <span class='ocrx_word' id='word_1_224' title='bbox 622 3399 707 3462; x_wconf 88' lang='lat' dir='ltr'><strong>etde</strong></span> <span class='ocrx_word' id='word_1_225' title='bbox 726 3411 846 3488; x_wconf 88' lang='lat' dir='ltr'><strong>septem</strong></span> <span class='ocrx_word' id='word_1_226' title='bbox 861 3399 1047 3487; x_wconf 88' lang='lat' dir='ltr'><strong>sapientium</strong></span> 
     </span>
     <span class='ocr_line' id='line_1_31' title="bbox 17 3505 1046 3596; baseline 0.003 -25"><span class='ocrx_word' id='word_1_227' title='bbox 17 3518 119 3572; x_wconf 80' lang='lat' dir='ltr'><strong>aetate</strong></span> <span class='ocrx_word' id='word_1_228' title='bbox 134 3505 360 3570; x_wconf 90' lang='lat' dir='ltr'><strong>adscribamus.</strong></span> <span class='ocrx_word' id='word_1_229' title='bbox 380 3506 458 3572; x_wconf 89' lang='lat' dir='ltr'><strong>Nam</strong></span> <span class='ocrx_word' id='word_1_230' title='bbox 472 3507 673 3574; x_wconf 86' lang='lat' dir='ltr'><strong>cumbarum</strong></span> <span class='ocrx_word' id='word_1_231' title='bbox 688 3508 920 3596; x_wconf 87' lang='lat' dir='ltr'><strong>antiquissimus</strong></span> <span class='ocrx_word' id='word_1_232' title='bbox 934 3506 1046 3574; x_wconf 88' lang='lat' dir='ltr'><strong>Thales</strong></span> 
     </span>
     <span class='ocr_line' id='line_1_32' title="bbox 16 3614 1047 3710; baseline 0.001 -26"><span class='ocrx_word' id='word_1_233' title='bbox 16 3618 111 3684; x_wconf 87' lang='lat' dir='ltr'><strong>cirea</strong></span> <span class='ocrx_word' id='word_1_234' title='bbox 124 3614 347 3704; x_wconf 84' lang='lat' dir='ltr'><strong>Olympiadem</strong></span> <span class='ocrx_word' id='word_1_235' title='bbox 358 3617 647 3710; x_wconf 84' lang='lat' dir='ltr'><strong>quinquagesimam</strong></span> <span class='ocrx_word' id='word_1_236' title='bbox 657 3618 812 3696; x_wconf 85' lang='lat' dir='ltr'><strong>floruerit,</strong></span> <span class='ocrx_word' id='word_1_237' title='bbox 825 3643 862 3684; x_wconf 91' lang='lat' dir='ltr'><strong>ea</strong></span> <span class='ocrx_word' id='word_1_238' title='bbox 873 3619 968 3684; x_wconf 90' lang='lat' dir='ltr'><strong>etiam</strong></span> <span class='ocrx_word' id='word_1_239' title='bbox 978 3644 1047 3707; x_wconf 72' lang='lat' dir='ltr'><strong>quae</strong></span> 
     </span>
     <span class='ocr_line' id='line_1_33' title="bbox 15 3728 1046 3819; baseline 0.001 -25"><span class='ocrx_word' id='word_1_240' title='bbox 15 3729 65 3794; x_wconf 91' lang='lat' dir='ltr'><strong>ad</strong></span> <span class='ocrx_word' id='word_1_241' title='bbox 82 3729 223 3795; x_wconf 80' lang='lat' dir='ltr'><strong>minores</strong></span> <span class='ocrx_word' id='word_1_242' title='bbox 236 3739 311 3795; x_wconf 93' lang='lat' dir='ltr'><strong>natu</strong></span> <span class='ocrx_word' id='word_1_243' title='bbox 323 3729 495 3817; x_wconf 86' lang='lat' dir='ltr'><strong>pertinent,</strong></span> <span class='ocrx_word' id='word_1_244' title='bbox 512 3728 577 3795; x_wconf 86' lang='lat' dir='ltr'><strong>lare</strong></span> <span class='ocrx_word' id='word_1_245' title='bbox 591 3753 608 3794; x_wconf 89' lang='lat' dir='ltr'><strong>a</strong></span> <span class='ocrx_word' id='word_1_246' title='bbox 624 3730 714 3796; x_wconf 90' lang='lat' dir='ltr'><strong>nobis</strong></span> <span class='ocrx_word' id='word_1_247' title='bbox 730 3731 951 3819; x_wconf 75' lang='lat' dir='ltr'><strong>compendiose</strong></span> <span class='ocrx_word' id='word_1_248' title='bbox 965 3730 1046 3798; x_wconf 89' lang='lat' dir='ltr'><strong>dicta</strong></span> 
     </span>
     <span class='ocr_line' id='line_1_34' title="bbox 13 3848 109 3902; baseline -0.021 0"><span class='ocrx_word' id='word_1_249' title='bbox 13 3848 109 3902; x_wconf 87' lang='lat' dir='ltr'><strong>sunt.</strong></span> 
     </span>
    </p>
   </div>
   <div class='ocr_carea' id='block_1_3' title="bbox 0 0 1320 4614">
    <p class='ocr_par' dir='ltr' id='par_1_10' title="bbox 0 0 1320 4614">
     <span class='ocr_line' id='line_1_35' title="bbox 0 0 1320 4614; baseline 0 3"><span class='ocrx_word' id='word_1_250' title='bbox 0 0 1320 4614; x_wconf 95' lang='lat' dir='ltr'><strong> </strong></span> 
     </span>
    </p>
   </div>
  </div>
 </body>
</html>
