2606 4620
284 244 348 325 490
563 259 745 306 usarraruu
766 263 880 306 asueri
905 262 1034 306 rornrsr

283 387 366 433 nura
380 387 413 432 ae
426 363 640 438 readiness,
654 365 751 432 iratus
762 366 859 452 jadex
872 389 948 432 eum
957 367 1000 430 ad
1009 363 1128 430 bestias
1139 363 1262 432 damnaria

281 472 434 539 Postridie
445 471 540 558 igitur
552 493 700 540 unacum
714 470 820 538 Attalo
837 472 996 560 ingressus
1006 483 1071 544 est,
1091 493 1164 536 nam
1177 481 1204 534 et
1216 471 1264 532 hm

281 601 407 668 praeses,
423 577 592 666 gratificari
606 579 725 668 populo
739 580 883 654 studens,
899 581 1009 646 bestiis
1026 599 1157 643 narsum
1172 578 1262 640 tradid-

282 695 339 754 iat·
366 687 470 753 Amba
491 687 596 774 itaque
619 710 694 752 cum
719 687 824 752 omnia
847 700 1085 754 tormentorum
1106 707 1212 772 genera
1228 709 1261 770 qs

280 795 429 860 adsersus
443 794 526 882 ipsos
544 796 719 883 excogitata
737 795 872 870 fuerant,
892 796 925 860 in
941 793 1180 882 amphitheatro
1195 813 1262 877 par:-

281 901 464 973 curriaaent,
479 901 679 988 maximoque
694 902 867 968 certamine
878 899 1041 990 perfuncti
1053 911 1173 971 essent,
1184 899 1255 960 trole

280 1009 384 1098 gladio
402 1010 543 1098 percussi
559 1023 641 1076 sant.
669 1013 710 1076 Et
731 1009 909 1077 Alexander
927 1010 1060 1096 quidem
1083 1029 1148 1074 nec
1164 1007 1257 1093 ἰπςωῑ

282 1139 433 1203 unquam,
450 1141 510 1183 nec
525 1139 636 1184 rocem
650 1115 748 1184 ullam
764 1117 910 1206 protulits
928 1117 986 1182 sed
1006 1114 1147 1181 interius
1160 1125 1263 1178 mem·-

281 1243 314 1288 se
335 1221 466 1288 collecte
491 1221 732 1312 colloquebatur
747 1247 821 1292 cum
841 1225 918 1290 Deo.
942 1223 1071 1289 Attalus
1094 1243 1174 1286 vero
1188 1243 1256 1284 eon1

252 1349 255 1356 ’
281 1329 379 1395 ferrea
392 1332 541 1397 cathedra
552 1331 724 1398 collocatus
737 1333 874 1420 undique
886 1329 1079 1404 torreretur,
1088 1341 1123 1392 et
1135 1330 1261 1396 ambus:

280 1441 395 1524 corpus
418 1438 561 1503 nidorem
585 1439 803 1528 gravissimum
825 1436 1004 1510 exhalaret,
1026 1435 1148 1500 Latino
1170 1457 1266 1498 ser-uzu

280 1542 432 1632 populum
447 1545 624 1612 allocutus:
642 1573 654 1606 s
669 1549 730 1622 En,
748 1548 861 1632 inquit,
874 1547 936 1610 hoc
954 1545 1092 1610 demum
1107 1555 1159 1608 est
1173 1543 1268 1606 hom·

281 1673 418 1715 »vorare
439 1653 527 1738 quod
548 1654 647 1740 agitis.
675 1653 738 1720 Nos
760 1675 834 1718 vero
857 1674 960 1739 neque
981 1651 1136 1716 homines
1159 1671 1264 1714 sorana

281 1781 411 1845 »neque
439 1758 569 1824 omnino
590 1760 764 1846 quidquam
790 1758 863 1824 mali
891 1757 1035 1822 facimus.
1063 1783 1078 1817 s
1101 1757 1271 1840 lnterroga:

280 1864 375 1928 etiem
391 1865 475 1952 quod
492 1887 608 1930 nomen
623 1863 681 1930 Dei
696 1879 777 1930 esset
794 1887 803 1928 τ
821 1865 946 1938 «Deus,
969 1863 1088 1950 inquit,
1112 1886 1223 1928 nomen
1237 1883 1268 1924 a:

281 1972 405 2036 »habet
420 1971 550 2058 perinde
565 1993 603 2036 ac
617 1993 674 2034 nos
689 1969 848 2034 mortales.
867 1997 880 2030 s
1013 1969 1018 1978 '

323 2075 410 2142 XIV.
425 2076 499 2141 Post
510 2076 567 2140 hos
578 2098 700 2150 omnes,
712 2074 823 2139 ultimo
837 2076 964 2139 tandem
976 2073 1264 2161 spectaculorund·

280 2181 433 2247 Blandina
454 2203 562 2248 rursus
582 2177 666 2244 illata
687 2191 736 2244 est
758 2201 819 2242 una
842 2201 916 2243 cum
938 2179 1076 2243 Pontico
1100 2177 1271 2244 adohoesa

281 2289 462 2376 quindecim
477 2290 603 2354 circiter
620 2311 721 2353 annos
737 2299 822 2352 nato.
849 2288 912 2368 Qui
933 2289 1029 2354 etiam
1055 2291 1271 2375 quotidianus

280 2396 452 2463 introducti
470 2397 606 2471 fuerant,
630 2409 666 2461 ut
690 2396 884 2484 reliquorum
907 2397 1069 2462 cruciatus
1091 2397 1276 2462 intuentur:

280 2500 445 2586 edictisque
461 2524 519 2588 per
538 2498 704 2566 simulacra
727 2498 892 2588 gentilium
905 2499 1024 2586 jurare,
1042 2517 1127 2566 cum
1152 2503 1184 2566 ia
1201 2501 1291 2585 paq-s

280 2608 339 2673 sito
354 2617 533 2674 constantes
547 2618 781 2696 permanerent,
803 2606 939 2694 deosque
961 2606 1093 2672 illorum
1117 2607 1212 2673 nihili
1230 2605 1281 2668 lec·

281 2729 363 2792 rent,
374 2728 479 2781 tantus
491 2717 524 2780 in
536 2739 589 2780 eos
607 2716 720 2780 exarsit
731 2713 942 2780 multitudinis
953 2715 1054 2789 suror,
1069 2727 1107 2779 ut
1121 2739 1188 2782 nec
1198 2728 1283 2777 aesss:

281 2824 369 2910 pueri
381 2823 615 2896 miserarentur,
626 2845 685 2889 nec
696 2819 837 2886 mulieris
848 2845 957 2887 saxum
969 2821 1033 2887 ulla
1044 2839 1268 2912 pmsequcreut

281 2932 464 2996 reverentia.
488 2931 618 2996 Cunctis
640 2931 735 3016 igitur
757 2909 948 3001 cruciatibus
968 2945 1022 2996 eos
1043 2953 1185 3008 vexare,
1210 2953 1279 3014 sep

282 3038 386 3102 omnia
397 3059 562 3124 pinnarum
574 3059 689 3126 genera
701 3037 917 3124 circumagere
933 3050 1116 3125 caeperunt,
1132 3041 1246 3126 jurare
1255 3035 1290 3087 u,

282 3147 415 3211 subinde
434 3143 668 3232 compellentes.
689 3145 856 3231 Nunquam
872 3157 979 3210 tamen
1000 3145 1032 3209 id
1047 3147 1145 3232 quod
1161 3146 1282 3210 volebas

282 3253 434 3346 perlicere
450 3252 625 3318 valuerunt.
649 3253 728 3320 Num
745 3253 893 3319 Ponticus
914 3253 1043 3339 quidem
1059 3257 1194 3318 sororis
1213 3253 1290 3318 ems

281 3359 453 3438 tortionibus
467 3363 626 3437 incitatus,
643 3364 685 3427 ita
699 3373 735 3425 ut
750 3362 880 3450 gentiles
898 3383 1025 3449 quoque
1042 3363 1155 3449 ipsam
1171 3385 1246 3430 esse
1262 3383 1291 3424 oa

283 3484 396 3536 nerent
405 3467 474 3558 quse
489 3491 623 3558 puerum
637 3471 819 3537 hortaretur
837 3483 869 3536 et
885 3470 1104 3547 confirmaret,
1118 3484 1251 3538 cuncta
1264 3493 1291 3532 se

285 3573 375 3664 plicia
395 3598 546 3664 generoso
567 3601 746 3666 perpessus,
765 3581 903 3644 animam
928 3576 1096 3644 exhalavit.
1124 3581 1240 3644 Beata
1262 3601 1288 3638 u·

285 3683 451 3760 Blandina,
467 3688 608 3752 omnium
623 3700 793 3774 postrema,
811 3699 961 3773 tanquam
981 3683 1098 3752 nobilis
1113 3701 1251 3760 mater,
1268 3709 1291 3768 q
