2636 4648
215 271 282 350 486
537 291 648 338 ssucrr
671 291 787 336 rasum
810 293 871 337 urs.
898 291 932 336 rr

217 415 250 468 et
278 398 494 468 haereditatem
520 411 636 468 snnetae
664 397 862 468 Hierusalem
891 397 1241 492 praeeranguliaum,at

217 510 434 600 proenuntians
465 510 617 600 quonism
646 507 679 577 'tn
709 519 833 576 tantum
859 508 959 577 lromo
988 508 1131 600 diligens
1159 509 1242 574 llum

218 618 377 710 proficiet,
395 628 431 684 ut
444 618 540 685 etiem
553 617 659 685 videat
672 618 788 694 Deum,
803 629 836 682 et
850 619 960 684 audiat
974 641 1169 686 sermonem
1182 621 1240 708 ejus,

218 739 251 796 et
265 753 304 796 ex
318 727 427 795 auditu
440 726 572 817 loquelae
587 728 658 817 ejus
677 727 710 794 in
728 738 854 794 tantum
869 727 1064 818 glorificari,
1088 729 1137 795 nti
1153 730 1239 822 relip

218 861 283 905 non
303 837 423 927 possint
443 835 610 905 intendere
630 837 663 903 in
680 836 794 905 faciem
811 837 917 928 gloriae
936 840 1026 930 ejus,
1049 840 1243 928 quemadmo

211 941 298 1014 'dun
316 944 438 1014 dictum
453 957 536 1011 esta
554 941 706 1011 Daniele:
725 944 886 1025 Quoniam
901 943 1152 1037 «intelligentes
1165 948 1246 1038 fulge

220 1054 329 1120 rbunt
353 1053 625 1143 quemadmodum
653 1051 780 1120 claritas
809 1053 1022 1131 firmamenti,
1050 1068 1089 1122 et
1116 1079 1136 1122 e
1162 1057 1247 1124 multi

218 1165 339 1254 ›justia
362 1164 446 1235 sicut
466 1161 564 1230 stelle
586 1162 618 1230 iu
640 1161 768 1242 sucula,
792 1174 825 1229 et
846 1165 1018 1233 adhuc¹.r
1041 1165 1247 1251 Quemadmr

219 1275 297 1343 dum
318 1273 414 1366 igitur
433 1271 642 1350 ostendimus,
665 1273 691 1340 ai
713 1274 784 1362 quia
804 1272 886 1366 legat
906 1273 1106 1366 Scripturas
1133 1276 1247 1363 (acum

219 1383 378 1452 Dominus
397 1382 445 1450 sie
459 1380 607 1452 disseruit
621 1379 782 1471 discipulis
797 1393 869 1472 post
883 1385 1167 1454 resurrectionem
1180 1409 1247 1452 amn

220 1490 397 1569 amortuis,
410 1513 449 1558 ex
459 1491 534 1581 ipsis
543 1489 718 1580 scripturis
732 1491 902 1560 osteudens
915 1492 962 1558 eis
978 1494 1145 1581 quonism
1160 1517 1248 1584 «opos

222 1631 235 1664 ι
251 1603 339 1670 tabu
359 1600 424 1692 pati
444 1599 619 1698 Christum,
642 1611 676 1666 et
694 1599 814 1667 intrare
829 1601 865 1668 in
884 1599 1026 1691 gloriam
1047 1625 1159 1680 suam,
1182 1617 1210 1669 et
1225 1605 1249 1669 in

221 1706 378 1776 »nemim
398 1707 467 1796 ejus
487 1705 706 1773 remissionem
723 1718 929 1796 peccatorum
949 1707 1132 1796 praedicari
1150 1711 1181 1776 in
1199 1721 1249 1778 tots

223 1812 425 1901 ‚nundo²)‚
444 1825 477 1880 et
491 1811 553 1880 erit
566 1824 805 1880 consummatus
820 1812 1015 1903 discipulus,
1032 1828 1070 1882 et
1087 1817 1197 1886 similis
1207 1845 1249 1910 ps

224 1921 413 2001 nilamnion,
428 1921 482 2012 qui
498 1921 539 1990 de
553 1921 702 1990 thesauro
717 1945 775 1987 suo
789 1921 910 2011 profert
923 1946 1009 1991 nova
1026 1937 1064 1991 et
1078 1940 1196 1994 veter-s.

269 2036 311 2103 ll.
330 2035 533 2124 Quapropter
547 2031 593 2101 eis
611 2055 681 2120 quse
700 2030 733 2099 in
748 2029 889 2100 Ecclesia
904 2045 980 2100 sunt
994 2037 1199 2127 presbyteris
1211 2040 1249 2105 cl

227 2144 338 2213 audire
356 2153 482 2233 oportet
499 2143 548 2210 lais
566 2141 621 2232 qui
639 2142 871 2212 successionem
885 2143 1009 2213 habent
1033 2149 1078 2214 ab
1101 2148 1251 2239 Apostolu

226 2255 310 2324 sicut
334 2251 548 2326 ostendimus:
571 2251 626 2341 qui
646 2273 721 2319 cum
741 2251 939 2342 episcopatus
958 2251 1173 2324 successione
1191 2258 1254 2324 ὼ-

225 2363 322 2433 risms
338 2361 476 2431 veritatis
491 2373 629 2440 certum,
648 2361 824 2430 secuudum
841 2362 997 2453 placitum
1013 2365 1125 2434 Petris
1139 2391 1255 2458 aecepe-

223 2484 322 2541 runt:
340 2469 478 2562 reliquos
491 2493 581 2548 vero,
596 2471 652 2560 qui
666 2471 823 2538 absistunt
833 2495 852 2538 a
862 2473 1034 2564 principali
1051 2480 1255 2552 successione,

223 2593 258 2650 et
277 2601 480 2672 quocumque
498 2577 570 2647 loco
589 2577 756 2670 colligunt,
774 2591 937 2670 suspectos
951 2582 1094 2662 habere,
1117 2585 1171 2654 rel
1183 2589 1257 2678 quasi

226 2693 405 2767 haereticos.
420 2701 454 2756 et
468 2687 558 2756 malae
573 2689 736 2756 sententie
741 2714 752 2765 3
770 2687 819 2756 rel
834 2692 923 2780 quasi
935 2693 1143 2773 scindentes,
1158 2709 1191 2764 et
1204 2696 1259 2762 elr-

227 2815 290 2880 tos,
311 2811 344 2866 et
363 2798 423 2866 sibi
442 2795 603 2886 placentes
609 2819 620 2870 s
643 2806 699 2864 aut
718 2800 828 2865 rursus
849 2809 885 2864 ut
902 2797 1111 2889 hypocritas,
1135 2815 1260 2892 quaestus

227 2908 327 3003 gratie
344 2921 377 2974 at
391 2929 478 2974 rane
495 2903 603 2996 gloriar
617 2905 681 2973 hoc
695 2918 872 2995 operantes.
895 2907 1017 2976 Omnes
1033 2925 1154 2980 autem
1168 2913 1202 2982 lri
1215 2913 1261 2981 de·

228 3019 376 3088 ciderunt
389 3039 407 3082 a
422 3013 564 3082 veritate.
584 3013 625 3080 Iit
640 3013 780 3082 haeretici
796 3015 924 3104 quidam
939 3017 1086 3087 alienum
1102 3022 1213 3114 ignem
1226 3025 1261 3088 ri

225 3135 364 3201 serentes
382 3124 425 3191 sd
441 3122 540 3190 altare
557 3123 629 3200 Ilei,
648 3123 758 3202 idest,
777 3123 895 3194 alienas
909 3126 1088 3208 doctrinas,
1111 3155 1132 3197 a
1154 3132 1262 3200 eoelasti

229 3241 302 3330 igne
322 3237 565 3311 comburentur,
585 3233 857 3324 quemadmodum
872 3236 982 3305 Nadab
997 3251 1031 3305 et
1044 3239 1195 3310 stiunt
1212 3244 1266 3324 Qui

229 3371 305 3416 vero
329 3356 502 3436 exsurgam
524 3356 635 3412 contra
656 3343 834 3423 veritatem,
859 3356 892 3412 et
917 3345 1034 3414 alteros
1058 3349 1267 3419 adhortantur

232 3458 383 3525 adversus
400 3451 577 3522 Ecclesiam
594 3451 667 3529 Dei,
686 3465 852 3523 remanent
868 3453 954 3544 apud
971 3455 1107 3534 inferos,
1124 3461 1266 3552 rorsgirrr

231 3580 324 3633 torrae
347 3562 503 3654 absorpti,
526 3559 796 3651 quemadmodum
819 3563 873 3652 qui
893 3563 979 3630 cirea
1001 3563 1126 3645 Chore,
1148 3567 1267 3636 Dathau

230 3689 263 3744 et
290 3672 447 3742 Abiron‘.
475 3671 539 3753 Qui
562 3682 670 3740 nutem
695 3671 844 3740 scindunt
872 3686 905 3740 et
932 3689 1085 3763 separant
1117 3678 1265 3745 unitsteu

263 3825 350 3876 anso.
368 3799 416 3886 nr,
434 3821 596 3875 s.-¹nue.
615 3839 683 3883 xxa,
708 3823 749 3886 se,
769 3823 809 3888 ⁴7·
822 3823 873 3863 -¹
886 3825 970 3876 nevar.
991 3841 1018 3888 ι,
1047 3843 1070 3888 ι,
1098 3831 1262 3882 n-asu..

231 3931 283 3974 xrs,
294 3911 335 3961 33.
