2710 4662
37 217 350 240 mmfflfflmm
354 219 380 238 u
384 217 583 238 *Hm
587 217 1010 260 ffltstlflmwmm
1015 220 1093 240 ἱὶἈὶ

407 383 779 501 APPENDIX.

515 647 682 662 *-

109 796 273 872 Eodem
290 798 361 873 fere
375 815 534 899 tempore
547 825 623 896 quo
637 812 789 872 mortem
799 824 925 899 passus
938 816 993 874 est
1003 807 1105 899 Igna·

60 908 162 992 tius,
188 921 373 979 venerunt
390 908 538 1003 Trojano
554 909 686 1004 scripta
708 931 730 977 a
748 907 865 979 Plinio
880 923 917 980 et
931 908 1010 980 aliis
1028 933 1102 980 rne-

62 1012 308 1106 gistratihus,
320 1016 383 1112 qui
397 1015 550 1110 permoti
564 1009 795 1083 multitudine
807 1037 875 1110 pro
888 1012 961 1084 fide
972 1013 1103 1086 Christi

61 1121 394 1217 interemptorum,
417 1123 621 1217 imperatori
641 1116 846 1191 referebant
861 1143 899 1191 se
917 1118 1010 1190 nihil
1026 1142 1101 1190 sce·

59 1221 146 1292 leris
171 1224 214 1292 in
246 1225 301 1295 eis
329 1223 618 1323 deprehendisse.
648 1225 838 1320 Tradimus,
870 1224 927 1296 his
954 1223 1101 1306 auditis,

59 1339 109 1410 et,
118 1325 230 1419 juxta
243 1326 422 1422 quosdam
436 1327 646 1415 historicos,
661 1329 843 1424 poenitens
854 1324 900 1397 de
913 1327 956 1396 iis
970 1350 1050 1422 quae
1063 1328 1102 1415 in

57 1435 251 1527 ignatium
272 1439 485 1532 ingesserat3
504 1434 685 1506 famosum
703 1458 811 1504 suum
831 1433 878 1504 de
892 1432 1103 1504 Christianis

62 1533 232 1606 edictum
251 1543 456 1638 proposuit,
468 1563 546 1635 quo
561 1538 687 1610 saltem
703 1540 828 1608 mitior
844 1534 940 1606 facta
956 1549 1010 1605 est
1028 1557 1105 1630 per-

66 1643 223 1712 secutio.
246 1643 340 1714 Inde
361 1647 574 1741 putavimus
597 1666 663 1730 nos
683 1640 883 1726 lectoribus
901 1652 1107 1737 pergratum

70 1739 257 1830 facturos,
276 1749 306 1815 si
323 1747 393 1816 has
407 1747 550 1840 litteras
563 1759 600 1815 et
612 1745 826 1839 rescriptum
840 1744 1108 1838 imperatorium

75 1845 143 1916 hie
156 1847 485 1946 subjungeremus,
501 1864 545 1920 ut
560 1848 741 1934 breviora,
755 1852 805 1918 sic
823 1851 1022 1943 cognitione
1039 1846 1107 1915 uti·

81 1952 234 2032 lissima.

470 2118 722 2194 tinnitum,

357 2293 540 2336 PALAESTINAE
555 2293 653 2336 tntu
668 2293 823 2346 rustum,

118 2455 168 2529 tn
185 2456 396 2531 terrenum
415 2455 711 2530 thennn‘ronnu,
730 2455 782 2510 nn
802 2451 1059 2520 cuetsrunls,

472 2631 705 2712 BELATIO.

148 2847 326 2926 Imperatori
339 2845 547 2919 invictissimo,
563 2843 671 2906 cesari
684 2841 879 2928 divinissimo,
889 2836 1023 2914 Trajano.

112 3005 342 3074 Dertrronrns
364 3029 437 3072 sum
456 3007 619 3095 puniendo
639 3017 672 3078 et
692 3003 769 3074 neni·
782 3000 936 3066 tredendo
956 2995 1100 3064 Gulilaeos

78 3113 144 3199 (qui
159 3115 253 3180 nohis
267 3116 405 3198 veniunt
419 3115 478 3179 suh
493 3113 622 3179 nomine
638 3110 907 3196 Christianorum)
925 3104 1108 3171 seeundum.

77 3233 175 3286 restra
190 3224 353 3288 mandute.
372 3221 421 3286 llti
443 3245 518 3288 vero
540 3203 746 3292 non'oessant
760 3219 802 3292 ed
821 3217 942 3286 cedem
963 3235 1031 3288 ww
1045 3233 1102 3297 1³⁸·

78 3329 224 3394 tesecere.
243 3330 287 3394 Et
310 3328 383 3394 linet
402 3342 466 3396 tem
486 3327 759 3418 adhortationibus
779 3347 876 3412 quam
901 3317 1102 3392 minismul-

82 3449 145 3500 tum
159 3435 388 3511 loboraverim,
404 3449 441 3500 ut
455 3437 608 3523 dogmatis
624 3433 708 3500 illius
722 3455 790 3498 esse
803 3455 837 3496 se
849 3429 1039 3518 professores
1053 3425 1102 3494 in-

84 3544 181 3612 dicere
208 3545 288 3628 mihi
316 3569 381 3611 non
402 3544 574 3620 auderent,
597 3541 851 3632 persecutionem
881 3551 984 3606 tanen
1006 3538 1097 3626 pessi,

89 3677 144 3718 non
158 3655 337 3743 quieseunt.
356 3653 437 3733 Quae
450 3651 549 3741 igitur
562 3649 695 3738 imperio
711 3660 813 3716 restro
827 3649 888 3734 visu
899 3647 1025 3722 fuerint,
1037 3645 1100 3712 edi-

93 3784 156 3828 eere
166 3763 244 3831 ruihi
260 3764 408 3854 dignetur
418 3762 567 3850 Mejestns
582 3771 694 3826 vestro.
