2516 4636
8 287 13 332 Ι
329 323 453 370 coarat
476 321 628 370 nanneno.
937 299 999 366 505

8 423 128 511 bium,
143 441 316 522 postquem
331 431 502 500 commixta
514 431 555 498 sit
569 430 708 521 corpori,
724 440 757 495 et
768 429 801 494 in
816 427 999 496 uuiversum

8 535 140 610 ibrum
164 543 316 632 dispersa,
336 553 623 615 commemoratum
641 539 742 606 multo
758 539 858 628 magis
873 537 1000 606 illorum

8 649 274 728 ''misceretunin
286 653 401 741 quibus
413 652 609 740 temporibus
619 651 713 718 tantis
724 661 760 716 et
768 649 915 716 universo
925 671 1005 738 prae·

8 763 48 830 ’ω
62 763 143 830 vites
160 759 276 828 saeeuio
289 761 456 828 immorata
468 771 525 828 est.

8 871 42 936 wcl
60 871 152 945 heo,
170 868 273 946 Plato,
289 881 378 934 vetus
395 867 446 936 ille
461 867 675 943 Atheniensis,
691 869 745 956 qui
756 879 789 933 et
799 867 921 958 primus
933 891 1003 936 seu·

10 981 88 1044 iam
103 979 192 1045 hanc
206 979 395 1054 introduxit,
412 1001 487 1044 cum
500 997 652 1043 excursare
663 1001 728 1044 uun
742 990 859 1066 posset,
875 975 1005 1043 oblivio-

8 1086 150 1152 tnduxit
161 1084 327 1175 poculum,
344 1097 458 1175 putens
470 1109 504 1152 se
520 1107 577 1174 per
592 1084 654 1151 boo
666 1085 808 1174 aporiam
819 1084 1002 1173 hujusmodi

8 1215 117 1285 egeret
145 1195 360 1260 ostensionem
383 1195 513 1281 quidem
535 1191 656 1260 nullum
673 1193 803 1292 faciens,
825 1193 1003 1283 dogmatice

8 1329 63 1370 em
77 1303 291 1392 respondeus,
308 1303 458 1393 quoniam
474 1304 670 1370 introeuntes
685 1304 798 1370 anime]
814 1303 845 1368 iu
861 1303 945 1370 bauo
961 1304 1004 1370 vi-

8 1440 38 1492 u,
57 1415 100 1480 ab
117 1438 158 1480 eo
174 1414 228 1501 qui
243 1426 290 1480 est
305 1438 401 1503 super
415 1414 581 1480 introitum
597 1413 756 1490 demone,
770 1412 955 1503 priusquam
971 1416 1004 1481 in

8 1549 97 1614 pore
118 1525 253 1600 intrent,
273 1536 426 1613 potantur
443 1522 612 1592 oblivione.
633 1526 674 1590 Et
692 1523 785 1590 latuit
800 1525 1005 1616 semetipsum

13 1633 146 1700 niteram
168 1633 324 1722 majorem
344 1635 487 1702 incidens
504 1634 656 1723 aporiam.
680 1634 714 1701 Si
734 1637 821 1700 euim
839 1633 1006 1702 oblivionis

13 1741 117 1808 :ulum
134 1753 252 1831 potest,
274 1754 480 1830 posteaquam
494 1743 650 1809 ebibitum
665 1755 726 1820 est,
747 1744 892 1810 omnium
906 1743 1008 1810 sacto-

13 1877 33 1918 n
49 1851 224 1919 obliterare
240 1851 445 1926 memoriam
466 1852 529 1918 hoe
548 1853 652 1942 ipsum
670 1853 756 1918 unde
771 1853 845 1930 seis,
865 1876 884 1918 o
902 1853 1005 1932 Plato,

8 1971 40 2026 *n
63 1962 212 2026 situnne
232 1960 264 2026 in
280 1982 415 2049 corpore
431 1962 535 2026 anima
549 1974 618 2038 tuo,
639 1963 802 2051 quoniam,
826 1963 1010 2053 priusquam

8 2093 130 2158 eorpus
146 2071 297 2146 introeat,
314 2091 331 2134 a
347 2070 492 2136 daemone
507 2081 615 2161 potata
631 2081 679 2163 est
694 2071 859 2140 oblivionis
873 2074 1012 2141 medica·

9 2177 138 2244 sotumi
155 2175 189 2243 Si
205 2179 291 2244 euim
307 2178 498 2255 daemonem,
512 2193 545 2245 et
559 2177 724 2268 poculum,
739 2192 773 2246 et
783 2182 948 2250 introitum
964 2208 1012 2250 re·

8 2288 160 2364 uisceris,
180 2300 212 2354 ot
231 2283 351 2376 reliqua
368 2301 494 2378 oportet
511 2311 682 2378 cognoscas
701 2312 710 2354 τ
733 2291 758 2355 si
775 2303 883 2358 sutem
898 2291 950 2358 illa
967 2294 1011 2382 ig-

13 2423 78 2474 ras,
99 2421 202 2485 neque
223 2398 470 2476 temnamus,
490 2422 593 2487 neque
610 2397 782 2466 artificiose
795 2403 1011 2491 compositum

8 2507 137 2594 divionis
152 2506 316 2598 poculum.

8 2618 176 2684 ¹Adversus
198 2629 304 2684 eutem
320 2639 374 2702 eos
390 2617 443 2706 qui
461 2616 572 2684 dicunt
587 2618 691 2707 ipsum
707 2641 824 2707 corpus
844 2643 911 2686 esse
928 2620 1012 2688 obli-

8 2729 76 2796 ouis
87 2727 369 2803 medicamentum,
380 2740 528 2794 ocourret
538 2728 610 2794 boo.
626 2729 798 2808 Quomodo
808 2731 903 2818 igitur
914 2731 1013 2818 quod-

8 2861 113 2927 rmque
124 2859 180 2926 per
188 2839 391 2927 semetipsam
401 2841 504 2906 enims
515 2839 614 2915 videt,
626 2851 658 2903 et
667 2838 700 2904 in
707 2841 850 2915 somniis,
857 2851 892 2905 et
903 2863 1014 2908 secun-

8 2971 56 3012 um
68 2946 300 3035 cogitationem,
314 2947 430 3012 mentis
441 2946 664 3023 intentionem,
674 2969 808 3036 corpore
816 2950 1013 3040 quiescente,

8 3079 48 3120 sa
58 3052 277 3126 reminiscitur,
295 3066 328 3118 et
343 3056 504 3120 renuntiat
520 3056 693 3143 proximis?
707 3057 771 3124 Sed
782 3081 824 3124 ne
835 3061 965 3147 quidem
975 3085 1014 3130 ee

8 3185 52 3228 uae
66 3159 138 3226 olim
149 3160 253 3249 agnita
265 3173 352 3236 sunt,
369 3173 424 3227 aut
435 3186 492 3251 per
504 3161 626 3242 oeulos,
640 3169 930 3256 autperauditum,
944 3193 1015 3238 nte·

8 3271 123 3337 sinisset
137 3269 239 3336 anima
255 3269 288 3336 iu
303 3292 437 3358 corpore
448 3273 598 3350 existens,
614 3276 641 3341 si
655 3290 738 3344 esset
749 3301 866 3368 corpus
877 3280 993 3352 oblivio
999 3303 1011 3362 3

8 3381 43 3446 ed
57 3375 144 3444 simul
159 3389 254 3468 atque
269 3379 308 3444 ub
326 3378 474 3469 inspectis
489 3381 614 3448 abesset
626 3384 750 3463 oculus,
766 3377 944 3456 auferretur
955 3393 1015 3459 uti*

8 3513 50 3580 ue
68 3500 98 3554 et
114 3511 147 3554 ea
167 3510 237 3578 quae
255 3501 338 3556 esset
354 3489 394 3557 de
412 3491 462 3558 his
480 3494 645 3560 memoria.
672 3497 710 3564 ln
733 3497 801 3587 ipsa
822 3501 909 3568 euim
930 3503 1014 3572 obli-

8 3604 78 3670 ione
97 3600 226 3668 existens
249 3603 354 3670 anima
376 3603 454 3670 nibil
478 3604 566 3672 aliud
588 3629 781 3697 cognoscere
799 3624 936 3701 poterat,
954 3618 1014 3686 uisi

9 3713 89 3780 olum
109 3710 182 3778 illud
201 3712 287 3801 quod
301 3712 333 3780 iu
349 3715 496 3803 praesenti
511 3715 648 3782 videbat.
670 3717 839 3799 Quomodo
858 3730 1015 3795 autemst

8 3825 93 3892 lirina
105 3825 248 3902 disceret,
265 3837 298 3892 et
308 3827 502 3896 meminisset
516 3827 659 3920 ipsorum
670 3832 806 3904 existens
817 3834 849 3903 iu
864 3859 1012 3928 corpore,

8 3935 115 4022 puoudo
130 3935 167 4004 sit
187 3935 241 4021 (ut
257 3935 363 4026 siunt)
385 3936 490 4028 ipsum
509 3963 624 4031 corpus
644 3941 783 4012 oblivio?
800 3945 915 4015 Sedet
932 3947 1014 4017 Pro-
