2646 4628
417 269 540 356 cosrnl
565 311 716 357 annaeus.
1022 315 1082 380 ²77

18 430 51 484 ot
72 418 250 486 mundum
268 420 335 508 ipae
353 419 512 488 videbitur
531 420 653 499 fecisse,
671 423 726 510 qui
741 443 853 492 causus
868 421 1085 490 lubricationis

18 528 99 615 ejus
122 529 331 618 praeparavit.
353 529 443 597 Licet
459 553 519 621 per
535 529 664 622 longam
679 533 915 600 successionem
933 531 1082 600 deorsum

18 635 182 727 Angelos
198 639 306 707 beant
320 640 434 717 factos,
450 638 500 710 vol
511 640 624 708 mundi
639 641 864 710 fabricatorem
875 665 894 707 a
905 643 1010 732 primo
1021 642 1083 710 Pa-

18 758 92 822 tre,
118 749 398 842 quemadmodum
413 749 566 820 Basilides
581 751 642 826 uit;
663 751 868 820 nibilominus
884 752 917 818 id
933 753 1020 842 quod
1034 764 1082 820 est

18 877 132 922 canan
146 879 264 923 eornm
275 881 346 948 quac
361 859 444 928 facta
459 873 546 938 sunt,
563 859 697 928 inillam
711 862 765 950 qui
781 861 924 951 prolator
937 861 997 930 suit
1013 861 1083 930 tulis

20 966 264 1046 successionis,
281 983 447 1038 recurret:
464 972 736 1060 quemadmodum
752 973 784 1039 in
799 995 908 1064 regem
924 975 1082 1042 correctio

22 1075 110 1144 belli
129 1077 285 1157 refertur,
303 1082 358 1170 qui
375 1084 562 1172 praeparavit
577 1105 613 1151 ea
632 1107 704 1172 quae
721 1095 796 1150 aunt
812 1106 906 1151 caum
923 1084 1079 1159 viatoriaer

24 1197 64 1252 et
92 1187 243 1260 conditio
265 1187 363 1279 hujus
381 1191 527 1268 civitatis,
548 1205 604 1258 sut
625 1190 723 1281 bajus
742 1191 860 1282 operis,
879 1193 911 1258 in
930 1215 1005 1259 snm
1027 1193 1081 1282 qui

26 1297 231 1384 praeparasit
256 1321 368 1366 causas
393 1299 435 1366 ud
459 1300 689 1389 perfectionem
709 1325 822 1368 eorum
842 1323 913 1390 que
931 1302 1083 1369 deorsum

28 1403 122 1470 sactu
140 1416 228 1472 sunt.
248 1405 451 1499 Quapropter
462 1432 526 1476 uon
537 1411 604 1500 jam
616 1411 754 1479 securim
765 1411 901 1478 dicimus
913 1413 1084 1479 concidere

30 1512 137 1603 ligna,
155 1513 207 1582 vel
218 1531 339 1585 serram
353 1542 474 1597 secare,
491 1519 547 1586 scd
562 1519 727 1588 bominem
742 1521 913 1590 concidere
926 1532 959 1588 et
974 1545 1083 1590 secare
1137 1541 1142 1548 '

33 1625 218 1692 rectissime
236 1627 306 1715 quis
325 1627 410 1696 dicat
428 1653 504 1697 eum
521 1631 576 1719 qui
592 1632 692 1721 ipsam
707 1631 892 1722 securimet
906 1653 1027 1696 cerrum
1042 1631 1083 1697 ad

34 1735 102 1802 hoc
115 1735 210 1814 feeit,
221 1749 254 1803 ct
268 1736 371 1804 multo
381 1739 469 1828 prius
484 1752 680 1808 armamenta
692 1740 812 1816 omnia,
827 1761 886 1828 per
896 1761 968 1827 que
982 1739 1082 1807 sabri-

36 1856 109 1910 cata
126 1857 205 1914 aunt
219 1848 338 1914 securis
353 1860 388 1915 et
404 1871 502 1914 serra.
521 1847 575 1915 Sic
591 1848 687 1938 igitur
700 1849 796 1938 juste,
818 1848 996 1916 secundum
1010 1847 1083 1914 illo-

37 1977 115 2018 rum
144 1955 315 2032 rationem,
342 1955 436 2023 Pater
465 1957 611 2024 omnium
638 1957 762 2026 dieettu·
787 1957 959 2027 fabricator
984 1957 1083 2048 bujus

40 2064 168 2142 mundi,
186 2076 221 2133 et
236 2089 302 2134 non
318 2066 444 2159 rugeli,
460 2093 566 2160 neque
582 2067 661 2135 aliua
677 2070 748 2158 quis
764 2069 877 2136 muudi
895 2069 1079 2144 lubricatur,
1180 2098 1186 2113 ·

41 2187 159 2264 praeter
178 2173 270 2246 illum
289 2178 344 2267 qui
366 2177 425 2244 luit
447 2177 601 2269 prolator.
623 2191 656 2244 et
673 2179 797 2270 primus
818 2197 913 2246 ceusu
934 2176 1082 2246 factionis

18 2337 21 2378 Ι
42 2285 227 2375 hujusmodi
242 2289 483 2379 properationis
496 2288 642 2355 existens.

18 2441 21 2486 t
88 2394 286 2464 sistorum
304 2397 358 2465 bic
376 2421 481 2464 sermo
501 2397 671 2473 suasorius,
692 2397 757 2468 sise
775 2397 974 2464 seductorius
994 2396 1084 2487 apud

18 2559 21 2600 ,
45 2507 171 2596 eosqui
189 2507 339 2597 ignorant
352 2507 470 2584 Deum,
490 2519 523 2572 et
542 2507 596 2595 qui
610 2507 795 2574 bominibus
814 2505 988 2574 assimilant
1006 2529 1081 2573 eum

18 2679 19 2682 ,
47 2617 204 2704 inopibus,
223 2629 257 2682 et
272 2616 322 2682 bis
340 2617 394 2704 qui
414 2631 480 2682 nou
498 2627 631 2706 possunt
649 2615 755 2683 'statim
775 2615 896 2705 aliquid
914 2629 1080 2704 asperato

49 2725 213 2804 fabricare,
233 2726 290 2793 aed
304 2726 519 2816 indigentibus
534 2724 643 2792 multia
658 2727 783 2816 organis
798 2726 840 2792 sd
854 2748 967 2792 eorum
981 2723 1082 2792 sabri-

18 2891 19 2928 ᾖ
49 2836 228 2904 cntionem:
252 2859 318 2903 non
337 2847 446 2901 autern
469 2832 646 2901 verisimilis
668 2834 701 2900 in
719 2844 824 2900 totum
846 2833 931 2921 apud
950 2855 1005 2900 eos
1025 2835 1083 2924 qni

18 3005 20 3042 Γ
50 2946 153 3012 sciunt
164 2945 314 3035 quoniam
329 2943 446 3010 nullius
458 2943 602 3033 indigens
616 2943 761 3009 omnium
770 2940 869 3019 Deua,
884 2939 991 3010 Verbo
1006 2965 1081 3010 cun-

18 3111 20 3154 p
51 3053 128 3119 didit
141 3053 245 3118 omnia
256 3063 289 3116 et
305 3049 394 3126 lecit,
410 3071 514 3136 neque
529 3046 657 3138 Angelis
669 3047 813 3138 indigens
827 3049 1027 3138 adjutoribus
1038 3053 1079 3117 ad

18 3223 20 3262 3
53 3185 90 3227 ea
108 3183 173 3250 quae
191 3157 289 3233 llunt;
312 3182 418 3248 neque
431 3156 557 3225 Virtute
571 3155 675 3246 aliqua
692 3156 782 3227 valde
798 3157 938 3226 inferiori
953 3161 994 3226 eb
1011 3158 1081 3236 illo‚·

55 3284 86 3337 ot
95 3272 252 3361 ignorante
269 3267 411 3342 Patrem
430 3289 534 3358 neque
550 3267 652 3357 aliqua
668 3265 753 3346 labe,
768 3292 874 3358 neque
888 3269 1078 3360 ignorantia,

18 3443 19 3484 p
56 3389 91 3446 ut
106 3379 131 3446 is
148 3379 198 3468 qui
219 3377 375 3468 inciperet
388 3401 464 3444 eum
479 3399 684 3468 cognoscere,
699 3378 798 3446 bomo
811 3378 923 3446 lieret:
940 3378 997 3445 sed
1012 3379 1079 3468 ipse

18 3555 19 3596 p
57 3490 88 3556 in
105 3487 279 3578 semetipso,
299 3487 475 3557 secundum
491 3487 523 3554 id
541 3489 628 3578 quod
646 3499 695 3556 eat
709 3487 931 3565 inenarrabile,
948 3499 981 3556 et
995 3490 1080 3559 inesa-

18 3669 20 3706 ι
59 3595 212 3688 cogitabile
227 3599 332 3674 nobis,
352 3599 459 3664 omnia
474 3598 701 3688 praedestinans
719 3598 794 3666 lecit
808 3598 1078 3687 quemadmodum

18 3763 20 3818 p
60 3707 161 3782 voluit;
174 3707 322 3774 omnibus
332 3709 585 3785 consonantiam,
596 3721 629 3774 et
640 3708 786 3776 ordinans
795 3719 945 3785 suamet
954 3709 1083 3778 initium

18 3887 20 3902 ,
62 3816 211 3888 creationis
231 3819 370 3895 donans3
390 3817 607 3909 spiritualibus
623 3819 754 3909 quidem
768 3817 963 3908 spiritualem
977 3832 1010 3884 et
1030 3820 1074 3886 in·

18 3903 20 3926 ¹
64 3926 213 4007 visibilem,
233 3940 266 3996 ct
286 3928 563 4020 supercaelestibus
581 3928 755 4006 caelestem,
770 3942 803 3997 et
819 3928 946 4018 Angelis
961 3927 1084 4020 angeli-
