2586 4642
397 364 520 408 curras
544 363 694 409 uunasrs.
995 343 1060 432 dqb

26 495 142 550 oum,
161 473 194 540 in
209 493 307 560 quem
322 469 365 538 iiii
381 469 621 562 delinquebant,
637 483 669 538 et
694 471 838 560 inquom
854 495 940 542 nunc
959 472 1062 541 delin-

24 594 124 648 uunt
136 580 270 671 quidam
280 601 320 648 ex
333 579 382 648 bis
394 581 448 669 qui
464 579 635 648 credidisse
649 579 816 647 sedicunt.
830 582 871 648 Et
882 581 944 650 boc
955 595 1062 650 autem

24 689 217 780 ‚postolum
237 691 270 760 in
290 687 421 780 epistola
436 711 507 777 qun
529 701 578 756 est
597 689 639 756 ad
654 689 851 767 Corinthios,
873 691 1064 759 manifestia-

24 821 97 868 ,me
111 799 306 878 ostendisse,
323 801 485 868 dicentem
501 799 729 868 ssNoloenim
746 823 802 868 ros
821 802 981 892 ignorare,
999 802 1063 870 ira-

35 923 133 988 tres,
150 911 303 1002 quonism
319 921 424 1001 patres
441 911 541 978 nostri
563 933 675 978 omnes
694 913 754 978 sub
771 907 857 979 nube
874 913 1015 990 fuerunt,
1031 925 1064 980 nt

36 1041 170 1090 omnes
182 1022 215 1088 in
230 1021 316 1089 ideae
330 1021 481 1111 baptisati
495 1033 572 1088 aunt
585 1021 619 1087 in
638 1022 737 1098 nube,
748 1033 781 1088 et
799 1023 832 1089 in
847 1024 940 1100 mari,
953 1043 1064 1090 omnes

36 1126 203 1198 eamden
210 1127 518 1220 escamapirituaiem
526 1105 1065 1204 manducaveruntetbmneaeum·

40 1239 132 1306 dem
148 1248 262 1329 potum
277 1237 472 1328 spiritualem
486 1237 639 1306 biberunt
655 1261 664 1303 :
681 1237 834 1306 bdrebant
847 1253 956 1308 autem
978 1229 1085 1308 enim¹

43 1345 661 1438 despirituaiicousequenteeospetra3
671 1350 1066 1436 petraautemeratChris·

43 1469 117 1524 tua.
138 1456 204 1524 Sed
218 1479 283 1524 non
298 1456 332 1523 in
346 1455 492 1548 pluribus
514 1478 628 1524 earum
649 1459 733 1524 bme
751 1458 849 1536 sensit
869 1458 972 1536 Deuss
990 1482 1067 1551 pro-

24 1605 26 1624 ·
44 1569 147 1635 atrati
158 1567 330 1636 suntenim
342 1567 522 1634 indeserta.
533 1567 654 1636 Hooin
665 1567 801 1658 iiqrrrsm
813 1569 912 1637 nostri
925 1569 1066 1648 fueram,

24 1715 28 1738 ›
50 1691 92 1746 ut
106 1701 175 1749 nou
187 1679 285 1746 simus
296 1679 560 1768 concupiscentes
571 1677 742 1756 matorum,
754 1681 1023 1770 quemadmodum
1035 1693 1069 1746 et

24 1819 31 1852 r
49 1787 101 1854 itti
118 1788 369 1877 concupierunts
386 1809 491 1878 neque
505 1785 681 1854 idololatrae
695 1785 774 1866 aitis,
798 1789 1069 1880 quemadmodum

24 1929 35 1962 r
54 1897 192 1988 quidam
203 1919 334 1973 eorum
345 1899 427 1966 sicut
438 1899 592 1990 scriptum
604 1910 652 1965 est
664 1922 673 1964 ε
685 1891 774 1966 Sedit
784 1899 921 1992 populus
932 1899 1070 1968 mandu-

25 2039 38 2072 ι
55 2031 137 2076 care
151 2019 184 2074 et
198 2009 322 2084 bibere,
334 2019 367 2074 et
382 2021 587 2076 surrexerunt
600 2005 721 2076 ludere.
739 2010 849 2100 Neque
861 2009 1068 2086 fornicemur,

26 2148 41 2178 ι
60 2118 149 2184 sicut
163 2117 294 2206 quidam
304 2139 344 2182 ex
358 2113 419 2183 iiiia
434 2115 582 2184 fornicati
598 2130 684 2194 sunt,
696 2129 729 2185 et
740 2129 932 2186 corruerunt
943 2141 1006 2186 una
1019 2119 1070 2186 die
1145 2125 1148 2132 “

28 2227 171 2318 »viginti
190 2228 250 2292 tria
268 2225 377 2294 miliia.
396 2227 464 2295 Nec
486 2239 646 2296 tentemus
662 2227 838 2307 Christum,
860 2229 1073 2320 quemadmo-

30 2369 43 2400 ι
60 2339 142 2404 dum
156 2337 287 2426 quidam
302 2357 415 2404 eorum
430 2349 645 2414 tentaverunt,
661 2349 727 2406 eta
749 2337 951 2430 serpentibus
967 2341 1073 2429 perie-

34 2475 47 2508 ι
64 2456 151 2514 runt.
171 2443 282 2535 Neque
296 2443 581 2524 murmuraveritis,
600 2437 693 2515 sicuti
709 2447 840 2538 quidam
856 2469 968 2516 corum
983 2471 1073 2516 mur-

38 2586 51 2617 ·
68 2565 286 2630 murarerunt,
303 2566 336 2620 et
357 2555 520 2644 periertmt
535 2556 576 2621 ab
590 2557 846 2624 exterminatore.
867 2559 944 2626 Haec
962 2547 1073 2628 'autam

38 2693 51 2726 ι
68 2664 175 2732 omnia
189 2663 223 2730 in
245 2661 347 2753 figure
362 2662 482 2730 fiebant
497 2661 576 2738 iliis:
591 2666 708 2754 scripta
725 2675 922 2732 enatantem
944 2667 985 2734 ad
1005 2689 1075 2735 cor·

39 2775 245 2864 ‚reptionem
270 2785 425 2850 oostmm,
449 2774 483 2840 in
509 2795 590 2864 ques
616 2772 688 2842 [inis
714 2774 904 2843 seculorum
933 2773 1071 2847 devenit.

39 2917 52 2950 ι
70 2885 274 2975 Quapropter
288 2884 342 2974 qui
356 2893 448 2973 putat
462 2907 496 2950 se
511 2895 607 2961 sure,
619 2885 724 2952 rideat
735 2905 776 2951 ne
791 2885 918 2952 cadat¹.
935 2910 948 2950 s

86 2993 139 3062 tv.
157 2994 232 3062 Sine
249 2993 449 3062 dubitatione
463 2993 560 3084 igitur
574 3007 607 3061 ct
622 2995 689 3062 sine
705 2995 958 3063 contradictione
973 3009 1076 3066 osten·

42 3107 136 3172 dente
150 3101 315 3195 Apostola,
333 3125 435 3170 unum
451 3115 485 3169 et
503 3103 653 3172 eumdem
672 3125 741 3170 esse
762 3101 881 3180 Deum.
902 3105 1004 3196 quiet
1023 3105 1077 3172 ilia

41 3213 205 3304 judicarit,
217 3225 250 3279 et
265 3231 303 3280 ea
314 3235 385 3301 que
403 3233 490 3280 nunc
505 3221 580 3279 sunt
592 3213 741 3303 exquirit,
753 3225 787 3279 et
799 3233 929 3281 causam
940 3215 1078 3306 descrip·
1124 3243 1132 3252 ¹

42 3323 136 3390 tionis
161 3311 551 3396 earum'demonatrantes
577 3322 712 3400 indocti,
736 3333 770 3389 et
796 3324 946 3402 audaces,
971 3325 1079 3394 adbuc

42 3433 138 3500 etin·
160 3431 378 3520 imprudentes
400 3430 606 3499 inveniuntur
625 3434 805 3520 omnesqui
822 3445 954 3523 propter
974 3445 1079 3500 trans-

44 3539 234 3630 gressionem
246 3561 358 3606 eorum
369 3540 424 3630 qui
435 3537 513 3606 oiim
524 3523 667 3617 suerunt,
679 3553 711 3606 et
722 3553 854 3632 pmpter
865 3541 1081 3634 plurimorum

47 3650 164 3718 indicto
182 3649 390 3727 audientiam,
408 3648 545 3717 alterum
568 3651 698 3740 quidem
718 3653 808 3720 aiunt
834 3650 962 3720 iliorum
984 3653 1082 3720 fuisse

49 3761 162 3834 licum,
177 3769 210 3824 et
224 3759 312 3826 bunc
326 3779 394 3826 esse
413 3759 524 3826 mundi
542 3759 778 3837 fabricatorem,
797 3772 830 3828 et
846 3784 915 3829 esee
935 3763 967 3830 iu
985 3762 1080 3828 dimi-

48 3866 190 3942 nutione;
206 3866 342 3936 aiterum
355 3891 430 3936 vero
445 3891 462 3934 a
479 3868 606 3936 Christe
622 3868 775 3938 traditum
789 3869 931 3949 Patrem,
944 3883 976 3938 ct
992 3871 1081 3938 huuc

82 3993 90 4026 ¹
106 4011 112 4042 r
126 3993 222 4074 Canu,
236 4011 245 4044 ι
259 4004 285 4046 ct
298 4011 372 4062 seqq.
