2710 4662
277 280 336 346 130
600 287 738 334 rinctus
762 289 973 342 rotrcmros,

272 413 309 480 in
334 404 471 502 templo
494 405 528 472 S.
550 397 724 496 Stephani
750 399 787 468 iu
811 397 919 468 Caelio
941 413 1066 472 moute
1088 397 1239 496 legitur
1258 401 1313 472 itta

272 507 436 584 Siracidae
454 506 654 576 sententia:
722 503 724 510 '

329 666 436 742 Eeeli.
455 661 555 748 1.1‚6.
577 663 620 728 In
634 656 753 728 medei)
770 661 862 754 ignis
877 682 948 727 non
963 685 1042 730 snm
1058 676 1256 732 oestuatus.

352 815 528 878 «Phoenicen
542 812 566 870 si
578 809 643 890 quis
655 809 752 868 medio
764 808 887 866 miretur
897 807 928 866 in
940 808 1006 886 igne

390 931 403 958 s
413 900 529 970 Emori,
538 909 571 956 et
582 897 723 956 exstincto
732 915 764 954 se
773 912 911 972 reparare
922 913 995 973 rogo
1002 912 1017 964 ;·

349 1021 361 1047 o
374 991 551 1068 Obstupeat,
562 985 736 1062 Polycarpe,
747 981 847 1042 avidas
858 981 911 1039 tibi
923 1001 1045 1059 parcere
1056 983 1213 1056 flamma,

388 1109 401 1136 ι
411 1085 478 1142 Non
490 1095 573 1136 ausas
584 1094 666 1133 sacra
677 1085 706 1131 te
717 1072 827 1131 violare
837 1071 909 1130 face.

348 1203 360 1228 s
372 1173 454 1233 Mille
465 1171 557 1229 nitent
569 1165 662 1237 taedae,
674 1163 852 1240 rutilantque
864 1160 1009 1221 hincinde
1020 1162 1143 1236 favillis,

389 1291 401 1316 s
413 1270 509 1340 Atque
520 1259 551 1317 in
562 1271 592 1316 te
602 1252 773 1326 Dominum,
784 1272 871 1332 quem
883 1252 954 1312 colis
964 1254 1041 1330 ipse,
1053 1255 1167 1314 colunt.

349 1351 496 1414 »Praemia
506 1366 582 1406 nune
595 1343 705 1420 majora
717 1342 832 1426 tibiflsed
845 1339 941 1398 reddit
953 1341 1114 1420 Olympus,

387 1469 399 1494 s
411 1446 500 1520 Ignea
511 1437 561 1516 qui
573 1433 697 1514 pedibus
708 1431 825 1508 subjicit
836 1441 914 1490 astra
926 1431 1014 1489 tuis.»

317 1595 368 1661 Ex
386 1583 492 1658 dictis
510 1583 626 1676 liquet
641 1578 879 1676 Polycarpum
898 1565 971 1647 uon
988 1581 1172 1650 immerito
1187 1584 1284 1654 ecde-

269 1703 402 1772 siarum
414 1699 518 1765 totius
528 1690 834 1784 Asiaepn'ncipem
848 1683 894 1755 ab
910 1689 1137 1781 Hieronymo
1147 1693 1282 1786 appella.

267 1825 345 1879 tum
365 1801 474 1874 luisse
489 1803 527 1868 in
547 1794 709 1890 catalogo
725 1796 942 1889 scriptorum
958 1792 1268 1866 ecclesiasticorum.

266 1913 336 1987 Sed
361 1927 398 1982 ct
422 1908 581 2005 Ignatius
601 1916 748 1995 martyr,
771 1923 880 1995 quem
906 1897 1128 1996 Polycarpus
1147 1906 1271 1971 Roman

263 2022 458 2096 adeuntem
470 2023 691 2108 susceperat,
709 2008 842 2102 cuique
855 2007 964 2075 morti
978 2008 1173 2102 proximus
1186 2009 1278 2080 eccle

265 2132 324 2200 siae
341 2119 573 2198 Antiochenae
591 2137 715 2186 curam
734 2113 930 2197 commisit,
949 2133 1032 2180 eum
1048 2110 1201 2208 dtgnum
1217 2117 1282 2184 Deo

263 2239 465 2332 episcopum
483 2223 642 2324 appellat
658 2225 697 2290 in
723 2217 875 2317 epistola
894 2215 939 2287 ad
958 2221 1204 2313 Smyrneuses
1224 2225 1283 2290 lre-

265 2361 362 2410 naeus
380 2335 512 2432 pariter
532 2329 577 2401 ad
593 2327 779 2399 Florinum
797 2322 957 2396 scribens
975 2321 1118 2392 beatum
1140 2323 1238 2394 illum
1258 2341 1284 2392 et

264 2439 492 2541 apostolicum
506 2433 750 2533 presbyterum
770 2444 884 2500 vocat.
900 2426 1007 2498 Unde
1023 2429 1160 2500 mirum
1178 2429 1281 2501 rideri

263 2574 340 2622 non
353 2547 474 2630 debet,
490 2539 591 2640 quod
603 2538 808 2634 Polycrates
821 2534 1060 2632 Ephesiorum
1080 2539 1281 2636 episeopus,

263 2666 299 2731 in
322 2654 475 2756 epistola
494 2673 604 2748 quam
624 2646 670 2718 ad
688 2647 873 2717 Victorem
892 2666 1022 2740 papam
1041 2647 1196 2741 scripsit,
1213 2649 1279 2740 pri·

262 2792 380 2852 mum,
398 2776 480 2862 post
498 2754 712 2856 Apostolum
729 2757 920 2834 loannem,
939 2749 1059 2820 locum
1078 2754 1169 2820 inter
1184 2749 1273 2819 illus·

262 2876 390 2943 triores
408 2869 496 2938 Asiae
516 2865 613 2933 viros
631 2859 830 2956 Polycarpo
850 2859 1075 2926 concesserit.
1096 2857 1280 2940 «Etenim,

262 2979 412 3072 „inquit
437 2970 533 3071 apud
558 2966 769 3050 Eusebium,
799 2966 837 3034 in
864 2966 945 3035 Asia
969 2987 1097 3061 magna
1120 2962 1278 3060 quaedau

262 3077 430 3151 »lumina
445 3076 620 3146 exstincta
632 3085 732 3156 sunt,
747 3068 937 3166 Philippus
953 3092 1048 3138 unus
1060 3091 1081 3138 e
1095 3063 1280 3138 duodecim

261 3219 277 3256 o
292 3184 509 3286 Apostolis...
522 3187 695 3266 Ioannes,
705 3180 769 3273 qui
780 3177 818 3244 in
830 3177 912 3245 sinu
926 3177 1072 3244 Domini
1083 3173 1283 3244 recubuit...

259 3294 506 3393 »Polycarpus
525 3307 673 3383 quoque
691 3285 757 3380 qui
778 3281 874 3378 apud
894 3283 1080 3376 Smyrnam
1094 3283 1285 3378 episcopus

258 3434 275 3468 s
290 3415 326 3474 et
342 3412 479 3493 martyr
497 3391 577 3466 fuit.
590 3420 607 3455 o
621 3387 771 3484 (Euseb.
786 3390 875 3456 Hist.
892 3382 953 3455 lib.
974 3409 1007 3470 v,
1027 3409 1057 3456 c.
1076 3387 1157 3480 24.)

307 3512 390 3580 Non
407 3501 527 3575 verbis
544 3511 699 3576 tantum,
714 3491 901 3564 sedetiam
916 3497 1058 3589 scriptis
1071 3491 1213 3589 aliquot
1227 3497 1286 3563 Ec·

259 3614 402 3686 clesiam
426 3610 666 3679 illustraverat
687 3599 924 3697 Polycarpus,
953 3620 996 3669 ex
1021 3595 1157 3693 quibus
1180 3600 1286 3667 unica

258 3731 437 3818 superest,
461 3713 506 3784 de
530 3737 602 3810 qua
620 3731 728 3806 supra
752 3707 863 3778 locuti
883 3729 1023 3791 sumus,
1044 3701 1090 3774 ad
1106 3701 1287 3774 Philadel-

187 3813 192 3823 ⁹
258 3825 426 3923 phienses
445 3817 614 3916 Epistola.

303 3925 500 4024 Polycarpo
530 3917 753 4020 quandoque
783 3917 919 3990 tributa
945 3914 1094 3988 luerunt
1118 3911 1287 4010 Capitula
