2616 4620
263 294 301 335 an
326 291 522 344 neroniana,
545 295 604 338 are.
633 295 679 335 ιιι.
796 267 799 271 ’
918 277 996 360 189·

17 417 145 470 rossum,
158 395 295 484 judicate
306 395 436 484 pupillo,
449 406 481 459 et
493 394 658 482 justificate
670 395 795 462 viduam
805 395 827 459 ¹.
843 397 950 462 »ldem
964 421 972 460 r

20 501 144 578 issolre,
156 502 268 591 inquit,
280 525 405 568 omnem
414 501 627 589 colligaturam
637 501 819 588 iniquitatis;
831 501 976 570 solveob-

17 612 151 696 gatioues
173 610 379 676 violentorum
400 622 637 676 contractuum:
661 609 782 674 dimitte
804 609 918 675 fractos
944 611 976 674 in

17 707 205 784 emissionem
214 743 224 791 ς
248 730 280 783 et
294 740 419 782 omnem
434 718 619 804 scripturam
634 716 771 802 iniquam
789 716 973 782 conscinde:

17 847 100 911 ange
111 825 257 890 esurienti
269 846 381 911 panem
394 835 494 898 tuum,
506 835 538 887 et
549 845 699 910 pauperes
711 824 776 888 sine
786 832 869 888 tecto
882 826 977 891 induc

17 956 22 993 ι
42 930 173 996 domum
190 943 274 996 tuem
289 954 297 993 ε
312 931 335 994 si
351 930 463 996 rideris
478 931 612 1004 nudum,
625 930 710 1018 operi
723 953 731 993 ε
746 943 778 995 et
792 934 977 1000 domesticos

17 1034 119 1098 tminis
134 1037 179 1099 tui
195 1057 234 1099 ne
250 1035 434 1122 despexeris.
450 1033 540 1100 Tunc
558 1045 703 1123 erumpet
721 1040 908 1104 matutinum
927 1039 977 1104 lu-

17 1166 65 1206 ten
83 1154 184 1218 taum,
201 1153 232 1206 et
248 1143 393 1208 sanitates
408 1154 468 1206 tuae
484 1143 545 1207 cito
562 1144 714 1218 orientur,
727 1157 759 1209 et
774 1148 895 1232 praeilrit
905 1159 977 1212 ante

17 1279 18 1306 ι
36 1250 156 1335 justitia
171 1263 224 1314 tua
235 1250 257 1315 ².
276 1280 288 1311 ι
304 1249 455 1316 Similiter
469 1252 619 1316 ieremias
636 1274 644 1314 ε
663 1251 789 1329 «State,
806 1256 917 1341 inquit,
930 1279 978 1320 eu-

17 1380 47 1418 sr
59 1357 123 1421 vias
133 1370 165 1420 et
177 1358 278 1423 videte
289 1371 321 1424 et
333 1359 520 1446 interrogate
532 1357 629 1443 qualis
640 1360 679 1424 sit
691 1360 870 1452 viaDomini
882 1364 977 1428 nostri

17 1485 76 1524 oua
97 1476 128 1527 et
146 1463 303 1528 ambulate
317 1464 349 1528 in
369 1487 418 1539 ea,
434 1473 466 1528 et
481 1464 641 1530 invenietis
659 1466 798 1550 requiem
816 1468 978 1534 animabus

17 1569 113 1633 astris.
130 1568 289 1636 Judicium
300 1573 419 1660 justum
430 1571 580 1658 judicate,
592 1572 664 1659 quia
676 1573 708 1637 in
720 1573 768 1638 his
779 1587 826 1638 cst
838 1574 978 1642 voluntas

18 1674 119 1739 omini
141 1676 196 1740 Dei
217 1677 342 1740 vestri³.
367 1675 512 1740 »Similia
534 1677 610 1743 dicit
632 1677 732 1742 llloses
753 1701 761 1742 ε
784 1706 797 1738 ι
819 1681 979 1748 Custodite

17 1783 148 1846 {dicium
162 1796 193 1846 et
208 1785 454 1872 appropinquate
470 1785 511 1847 ad
525 1785 695 1848 Dominum
709 1787 811 1851 Deum
828 1803 979 1864 vestrum,

17 1891 48 1953 ui
61 1889 195 1954 firmavit
207 1890 321 1955 eoetum
333 1903 364 1955 et
376 1891 515 1954 condidit
526 1901 650 1956 terram.
666 1894 726 1956 »Et
739 1894 829 1970 alius,
844 1899 897 1982 qui
910 1899 979 1964 Joel

18 1999 96 2070 itur,
112 1998 160 2061 his
175 1999 376 2085 congruentia
393 1996 540 2085 loquutus
555 2010 602 2061 est
622 2021 629 2061 :
648 2025 661 2057 ι
676 1999 867 2090 Congregate
882 2027 978 2092 popu-

17 2129 74 2180 rm,
88 2105 278 2172 sanctificate
289 2105 465 2180 eeclesiam,
478 2106 623 2193 suscipite
635 2109 843 2194 presbyteros,
853 2134 980 2202 congre-

17 2226 64 2276 ate
79 2211 223 2300 parrulos
237 2225 381 2302 sugentes
397 2213 503 2277 ubera.
518 2213 704 2300 Egrediatur
720 2239 849 2302 sponsus
867 2203 905 2284 de
921 2244 980 2286 cu-

17 2321 49 2385 ili
66 2345 136 2397 suo,
152 2335 185 2387 et
199 2345 309 2410 sponsa
327 2321 365 2384 de
381 2319 515 2385 thalamo
530 2343 596 2384 suo.
610 2321 650 2383 Et
661 2333 748 2386 orate
759 2324 797 2386 ed
809 2325 978 2392 Dominum

20 2453 96 2493 erun
111 2442 248 2494 vestrum
262 2429 393 2502 intente,
408 2441 442 2493 ut
457 2429 640 2494 misereatur
651 2430 741 2493 vestri
753 2441 785 2494 et
797 2430 897 2497 deleat
908 2459 979 2523 pec-

18 2551 61 2600 rta
73 2536 198 2603 vestra⁴.
214 2537 383 2602 »Similiter
393 2537 482 2610 alius,
495 2537 547 2624 qui
559 2535 726 2601 Zacharias
739 2536 868 2604 dieitur:
882 2543 980 2608 «Haec

18 2648 70 2710 icit
86 2647 237 2711 Dominus
252 2647 447 2734 omnipotens
462 2669 469 2710 :
486 2645 647 2710 ludicium
662 2647 798 2710 veritatis
815 2649 952 2732 judicate
969 2675 976 2715 :

18 2755 286 2819 mesericordiam
303 2765 335 2816 et
355 2754 585 2817 miserationem
607 2752 700 2816 facite
716 2755 926 2840 unusquisque
941 2758 982 2820 ad

18 2862 173 2926 reximum
188 2884 280 2926 suum
299 2885 306 2924 :
324 2872 356 2925 et
371 2861 495 2926 viduam
506 2871 538 2923 et
549 2857 702 2945 pupillum
712 2869 745 2922 et
755 2859 907 2924 advenam
917 2887 981 2929 non

18 2969 189 3056 pprimetis,
205 2980 237 3032 et
249 2967 397 3032 malitiam
411 2966 622 3051 unusquisque
634 2987 696 3028 non
709 2965 885 3030 meminerit
896 2968 983 3035 fratri

18 3102 48 3140 ιο
67 3078 100 3140 in
116 3077 262 3141 cordibus
280 3075 399 3147 restris,
416 3073 491 3137 dicit
505 3072 659 3136 Dominus
674 3073 870 3159 omnipotens
881 3075 901 3140 ⁶.
922 3106 934 3137 ι

18 3183 101 3247 lllll.
125 3182 172 3246 De
193 3181 334 3246 castitate
357 3193 463 3242 autem
485 3178 578 3242 docet
600 3201 657 3242 nos
678 3177 839 3267 Scriptura
864 3198 983 3260 sancta,

18 3315 29 3354 ι
43 3288 148 3354 solum
159 3286 234 3351 nihil
246 3265 339 3374 opere
351 3307 496 3374 peccare,
509 3285 564 3350 sed
579 3309 619 3350 ne
632 3287 820 3374 cogitatione
835 3292 980 3376 quidem;

32 3410 67 3461 ut
90 3419 149 3460 nec
169 3393 242 3460 mali
261 3393 430 3481 quidquam
445 3391 539 3457 corde
562 3394 788 3480 concipiamus,
806 3421 865 3464 nec
877 3400 983 3466 oeulis

18 3506 177 3594 picientes
191 3503 323 3568 alienam
339 3523 468 3566 uxorem
483 3503 751 3589 concupiscamus.
767 3504 915 3574 Salomon
930 3511 987 3598 igi·

22 3615 103 3702 ,qui
122 3638 176 3678 rex
194 3624 226 3678 et
240 3611 392 3700 propheta
407 3611 519 3686 extitit,
540 3612 609 3677 ait:
630 3611 749 3678 «Oculi
770 3616 816 3681 tui
834 3631 919 3684 reeta
939 3621 985 3685 vi-

21 3763 87 3810 Esai.
104 3759 156 3820 ι,6,
167 3777 190 3824 7.
203 3757 326 3808 Aaou.
338 3759 438 3816 ιιιιι,6,
451 3785 480 3796 -
490 3756 499 3791 ⁸
510 3757 603 3806 larem.
621 3773 655 3817 rr,
671 3759 841 3820 17.-⁶toet.
855 3779 881 3821 ιι,
895 3765 931 3824 ι6,
947 3782 983 3830 ¹7·

30 3847 108 3894 Zach.
120 3859 164 3904 ru,
174 3859 199 3907 9,
214 3859 248 3892 ro.
