2772 4620
271 275 346 340 abo·
507 341 513 350 ,
569 299 683 342 sascra
706 299 827 344 rusruu
850 299 1005 344 uarrrms

268 431 352 476 mur.
370 393 576 496 Quicumque
589 429 779 496 persuasum
791 407 961 475 habuerint
975 421 1010 474 et
1024 409 1231 476 crediderint
1243 433 1313 477 sera

247 523 336 584 xessa
355 540 427 612 quas
448 539 467 582 a
488 517 582 583 nobis
606 517 766 582 docentur
785 528 818 582 et
836 517 1000 592 dicuntur,
1022 542 1123 607 seque
1143 517 1190 585 ita
1208 520 1311 586 virere

267 653 360 718 posse
375 627 591 717 promiserint,
607 627 628 692 ii
639 627 763 715 praemi
779 639 812 692 et
828 628 1010 715 jejunantes
1023 630 1176 718 priorum
1196 653 1310 718 pecea-

267 751 375 804 torum
389 737 512 808 reniam
528 759 547 801 a
561 735 630 803 Deo
644 745 755 823 petere
769 734 939 810 docentur,
956 737 1048 802 nobis
1065 761 1130 802 una
1147 740 1310 826 precanti-

267 849 327 913 bus
340 859 373 912 et
387 847 615 934 jejunantibus.
633 842 757 912 Deinde
771 867 810 909 eo
826 833 989 910 ducuntur
1004 869 1022 911 a
1038 847 1135 912 uobis
1151 848 1212 914 ubi
1231 872 1307 938 aqua

266 965 333 1031 est,¹
349 967 383 1020 et
403 955 518 1020 eodem
537 953 785 1043 regenerationis
808 953 906 1018 modo
925 965 1175 1043 regenerantur,
1191 981 1260 1046 qno
1278 971 1309 1022 et

239 1113 243 1122 .
264 1064 324 1153 ipsi
345 1087 454 1128 sumus
465 1062 658 1151 regenerati.
680 1061 760 1134 Nam
780 1061 812 1127 in
831 1062 960 1129 nomine
976 1064 1121 1150 parentis
1141 1065 1308 1131 unirmso-

263 1196 389 1240 romae
405 1171 524 1238 domiui
542 1171 600 1238 Dei
614 1193 654 1236 ae
668 1167 815 1236 salvatori
831 1170 946 1236 snostri
957 1169 1036 1236 Jesu
1052 1171 1175 1238 Christi
1187 1187 1221 1238 et
1233 1175 1305 1262 Spi-

263 1282 344 1348 ritus
359 1281 458 1347 saneti
481 1279 644 1346 lavacrum
659 1279 693 1344 in
709 1301 791 1366 aqua
807 1289 887 1345 tuno
900 1279 1092 1367 suscipiunt.
1113 1281 1199 1348 Dixit
1215 1285 1300 1350 euim

266 1392 430 1458 Christus:
444 1390 532 1458 «Nisi
543 1389 721 1478 regenerati
727 1388 863 1466 fueritis,
876 1413 942 1456 non
953 1391 1116 1458 intrabitis
1123 1393 1160 1458 in
1171 1417 1294 1483 mum

263 1530 276 1564 s
292 1499 448 1568 eoelorum
456 1498 477 1564 ¹.
493 1498 598 1564 »Fieri
610 1509 719 1566 autam
731 1521 795 1564 noa
806 1521 899 1586 posse
911 1508 947 1564 ut
957 1498 1057 1564 semel
1068 1502 1142 1568 nati
1155 1503 1291 1572 iouteras

262 1623 402 1680 matrum
428 1611 657 1699 ingrediantur,
681 1609 831 1676 omnibus
855 1610 1064 1698 perspicuum
1088 1624 1151 1678 est.
1177 1611 1294 1680 Dictum

261 1721 357 1786 etiam
372 1731 421 1786 est
435 1721 474 1785 ab
489 1718 581 1784 Esaia
595 1717 764 1807 propheta,
781 1727 816 1782 ut
832 1741 926 1808 supra
942 1717 1147 1807 scripsimus,
1167 1743 1289 1810 quanam

262 1830 359 1897 modo
379 1839 511 1918 peccata
529 1827 683 1916 effugiant
704 1828 761 1916 qui
787 1838 1000 1916 peecaverunt
1023 1839 1058 1893 et
1078 1832 1289 1918 paenitentiam

212 1995 214 2000 .
262 1951 370 2029 agunt.
391 1939 445 2006 Sic
459 1950 566 2004 autem
583 1935 734 2026 loquutus
749 1949 818 2002 est:
836 1936 1040 2014 «Lasamini,
1057 1941 1177 2006 mundi
1191 1953 1292 2014 estote,

262 2075 275 2109 a
292 2047 413 2113 auferte
430 2044 511 2112 mala
528 2069 569 2112 ex
582 2046 749 2112 animabus
765 2047 887 2121 rastris,
904 2045 1015 2112 discite
1034 2046 1146 2114 lacere
1167 2052 1295 2126 bonum,

261 2157 428 2244 »judicata
443 2153 574 2244 pupillo.
592 2154 772 2226 iustificate
786 2155 936 2220 viduam:
952 2168 986 2221 et
1000 2157 1109 2224 venite
1124 2171 1159 2224 et
1175 2161 1293 2248 disaep

260 2278 406 2340 stemus,
423 2266 501 2331 dicit
511 2266 677 2332 Dominus.
698 2267 740 2332 Et
758 2265 918 2332 siluerint
936 2279 1071 2353 peccata
1087 2281 1195 2336 restra
1212 2271 1290 2358 quasi

260 2375 505 2464 »phoeniceum
525 2385 679 2462 tanquam
700 2373 805 2440 lanam
825 2371 1005 2442 dealbabo:
1030 2387 1065 2440 et
1083 2377 1248 2444 siluerint
1256 2389 1284 2442 ot

259 2515 273 2549 s
288 2485 470 2559 coccinum,
484 2485 567 2550 sieut
582 2485 689 2550 nivem
703 2483 870 2550 dealbabo.
890 2483 924 2549 Si
934 2495 1044 2552 autem
1057 2509 1123 2552 uon
1133 2487 1287 2554 audieritis

260 2617 353 2669 ame,
370 2591 497 2682 gladius'
504 2592 670 2659 devorabit
683 2614 751 2657 vos.
767 2590 913 2676 Osenim
924 2591 1056 2660 Domini
1067 2592 1228 2680 loquumm
1239 2607 1285 2658 ast

259 2731 273 2766 s
289 2701 390 2768 haeo².
405 2730 418 2764 s
432 2703 524 2768 llane
538 2713 648 2766 autem
661 2701 758 2787 hujus
772 2700 818 2765 rei
834 2699 992 2766 rationem
1009 2703 1048 2768 ab
1062 2699 1206 2786 Apostolis
1220 2721 1277 2763 ac·

258 2813 411 2901 cepimus.
433 2810 571 2890 Quando
593 2809 724 2898 quidem
739 2810 877 2897 primam
900 2821 1042 2876 nostram
1053 2806 1277 2896 generationem

256 2923 450 3011 ignorantes,
467 2920 653 2986 necessitate
669 2918 808 3006 quadam
819 2942 858 2984 ex
873 2918 1008 2988 humido
1021 2917 1194 3008 semineper
1207 2940 1280 2985 mu-

257 3041 346 3096 tuam
367 3041 536 3118 parentum
556 3029 742 3096 mixtionem
759 3028 857 3115 geniti
870 3037 1011 3120 'sumus‚·
1022 3040 1117 3115 atque
1134 3029 1168 3094 in
1183 3027 1282 3116 pravis

256 3139 400 3207 moribus
424 3150 457 3202 et
481 3136 607 3202 nefariis
633 3135 783 3202 institutis
808 3136 962 3206 educatis
988 3149 1023 3201 ut
1045 3137 1240 3210 necessitatis
1260 3151 1292 3204 et

256 3246 461 3340 ignorationis
476 3245 531 3310 lilii
547 3267 611 3310 non
627 3265 825 3320 maneamus,
841 3246 897 3312 sed
912 3245 1079 3312 electionis
1094 3260 1127 3312 et
1144 3248 1292 3328 seientia,

255 3371 287 3423 et
308 3355 527 3424 remissionem
543 3363 749 3442 peccatorum
764 3376 835 3440 quae,
853 3353 939 3442 prius
958 3355 1196 3433 commisimus,
1220 3381 1293 3424 con-

195 3447 199 3456 *
255 3489 427 3556 sequamur
441 3465 473 3528 in
485 3484 586 3550 aqum
600 3484 745 3550 supereo
756 3460 812 3550 qui
825 3463 1003 3551 regenerari
1016 3462 1171 3544 voluerit,
1183 3478 1218 3534 et
1229 3491 1296 3558 pee-

255 3588 399 3657 catorum
422 3569 642 3661 poenitentism
663 3570 775 3658 egerit,
799 3571 1156 3664 parentisomniumet
1179 3576 1295 3643 domini

255 3685 452 3783 Deinomen
477 3681 714 3771 pronuntiatur,
738 3663 832 3770 atque
858 3681 921 3748 boe
943 3681 1048 3770 ipsum
1069 3686 1297 3754 tantummodo

256 3789 464 3881 appellamus,
480 3812 555 3856 com
575 3811 650 3860 eum
671 3789 898 3876 baptizandum
919 3788 960 3856 ad
978 3783 1145 3860 lavacrum
1162 3795 1297 3862 deduci·

287 3916 382 3966 ¹losn.
398 3935 436 3976 ur,
449 3915 534 3966 5.---ι
545 3919 610 3968 llari.
625 3935 645 3977 a,
660 3935 698 3982 ¹7·
