2646 4628
261 235 323 300 atu
495 287 497 292 .
580 253 690 298 sanari
713 253 825 297 nsunt
847 253 906 296 us.
934 253 945 295 ι

259 362 322 426 [lua
339 383 406 426 esse
424 359 580 446 jactabant
586 384 596 432 ;
617 383 686 425 eam
709 361 794 426 enim
812 383 878 426 esse
896 357 1091 449 spiritalium
1115 357 1276 422 hominurn

259 479 414 541 naturam,
428 478 475 540 ut,
490 466 641 554 quidquid
652 479 756 554 agant,
773 467 805 532 in
816 467 1055 556 corruptionem
1067 475 1105 530 et
1121 465 1277 529 interitura

260 575 370 642 cedere
382 571 468 639 nullo
480 573 572 638 modo
583 574 700 661 possint
705 598 714 645 ;
734 597 836 662 neque
851 575 937 640 enim
951 574 1098 639 actiones
1111 571 1236 636 aditum
1245 569 1277 633 ad

258 681 399 749 Pleroma
415 683 548 757 munire,
567 682 622 746 sed
637 680 737 748 solum
751 683 910 770 spirituale
925 705 1047 748 semen.
1062 682 1108 746 Et
1121 681 1201 746 hinc
1211 703 1276 744 cun-

259 789 364 855 fractis
384 790 529 854 omnibns
550 788 704 864 claustris,
725 790 765 854 ad
782 788 898 855 scelera
912 791 1030 878 quaeris
1046 788 1225 874 omniaque
1238 787 1274 850 si-

259 899 374 968 tiorum
389 921 500 985 genera
519 897 665 962 latissima
684 897 764 963 sacta
783 900 840 964 via.
865 899 900 963 ln
917 896 1087 964 cumulum
1107 896 1273 961 accessitet

259 1003 336 1069 illud
349 1006 537 1092 principium
548 1029 612 1070 non
623 1005 726 1070 minus
737 1007 913 1082 exitiosum,
929 1007 1051 1072 animas
1065 1005 1225 1092 quasdam
1235 1027 1274 1067 na·

259 1124 329 1177 tura
344 1114 443 1178 bonas
458 1136 536 1189 esse,
552 1113 703 1201 quasdam
717 1127 827 1178 natura
839 1113 934 1180 malas
948 1138 957 1178 ε
970 1117 1075 1180 bonas
1086 1113 1222 1200 quidem
1234 1135 1273 1174 aas

260 1243 326 1286 esse
347 1243 416 1307 quae
432 1221 556 1288 seminis
574 1245 704 1309 capaces
724 1222 842 1288 ell'ectae
856 1223 931 1294 sint;
949 1245 1002 1288 eas
1017 1232 1134 1285 autern
1155 1245 1223 1308 qua
1235 1241 1274 1283 aa

261 1339 330 1392 tura
347 1327 435 1394 malas
450 1341 534 1405 sunt,
554 1329 594 1394 ita
610 1352 677 1394 esse
692 1344 898 1418 comparatas,
918 1340 954 1395 ut
971 1351 1085 1394 semen
1106 1327 1194 1393 illud
1208 1351 1273 1392 nun

261 1457 354 1522 quam
370 1436 531 1522 recipiant.
551 1436 645 1514 Quod
657 1435 827 1501 Gentilium
842 1437 940 1502 latum
954 1437 1147 1504 inducebat.
1167 1437 1208 1502 Es
1218 1435 1273 1500 inde

261 1543 355 1608 etiam
365 1542 548 1608 latissimum
557 1543 752 1611 intervallum
761 1545 845 1630 quod
855 1544 1033 1610 Catholicos
1042 1547 1087 1610 ab
1097 1543 1139 1610 iis
1153 1545 1275 1632 pseudo

262 1652 471 1740 spiritualibus
480 1651 690 1740 disjungebat,
702 1652 1068 1740 nontantumquodillos
1077 1651 1244 1727 animales,
1252 1675 1274 1715 sa

263 1784 338 1826 vero
349 1759 516 1848 perfectos,
529 1757 714 1846 spirituales,
727 1783 765 1826 ac
780 1762 896 1826 semina
908 1759 1072 1825 electionis
1085 1761 1228 1848 superbe
1238 1782 1275 1822 re

263 1881 386 1940 carena
404 1869 459 1934 sed
477 1869 563 1956 quod
574 1867 687 1933 vellent
698 1891 754 1933 nos
768 1870 801 1934 in
816 1868 942 1956 ancipiti
954 1891 1013 1932 usu
1028 1869 1175 1956 gratiam
1189 1869 1275 1934 sicae-

263 1979 368 2064 cipere
386 1987 422 2038 ut
440 1999 475 2040 ea
496 1975 586 2040 nobis
606 1975 809 2051 adimeretur,
830 2000 862 2040 se
884 1999 956 2040 vero
972 1973 1056 2039 illam
1077 1975 1219 2064 proprio
1238 1997 1275 2036 re

262 2084 318 2152 luti
334 2085 404 2171 jure
421 2084 464 2148 ita
482 2083 653 2171 possidere,
670 2097 704 2148 ut
719 2107 842 2172 semper
856 2094 1063 2159 accresceret,
1089 2085 1276 2179 decresceret

263 2215 437 2279 nunquam,
457 2205 510 2256 aut
528 2193 678 2258 elllueret.
701 2194 742 2260 At
761 2213 903 2280 quaenam
924 2166 1147 2280 spiritualium·
1161 2192 1278 2256 istorum

264 2301 383 2390 gratia?
399 2301 473 2388 quid
485 2301 643 2390 spirituale
659 2300 735 2367 illud
751 2300 880 2366 semen?
891 2299 975 2365 aliud
988 2299 1068 2366 nihil
1087 2325 1194 2388 quam
1204 2301 1279 2388 spiri-

263 2407 355 2474 tualis
371 2411 499 2498 agnitio,
517 2433 725 2498 supernorum
740 2408 921 2475 Pleromatis
936 2431 1134 2473 arcanorum
1150 2409 1279 2476 scientia.

265 2541 325 2605 qua
341 2530 503 2606 tantopere
522 2516 745 2606 gloriabantur,
769 2531 801 2582 et
820 2541 880 2604 qua
900 2517 958 2581 sibi
978 2517 1214 2583 Gnosticorum
1234 2541 1282 2581 no

264 2649 337 2691 men
352 2627 580 2690 adscribebant.
600 2625 674 2691 llaec
689 2625 816 2690 ablatre
832 2625 890 2690 sibi
905 2624 1013 2699 indita,
1031 2623 1154 2712 pusilla
1167 2623 1284 2712 quidem

265 2757 283 2800 e
305 2735 446 2822 supernis
465 2733 552 2798 initio
571 2733 736 2807 emittitur,
757 2733 810 2797 hic
828 2744 933 2796 antem
952 2727 1110 2818 paulatim
1137 2729 1282 2796 adolescat

265 2856 297 2907 et
308 2843 488 2930 perficiatur
498 2865 624 2907 necesse
635 2855 691 2906 est.
708 2842 789 2907 Cum
801 2852 905 2906 antem
917 2839 1056 2904 numeris
1068 2841 1232 2905 omnibns
1242 2843 1281 2903 sb-

267 2950 365 3016 soluta
382 2951 488 3025 suerit,
503 2951 806 3016 consummationem
820 2950 958 3014 futuram
973 2945 1191 3014 asserebant:
1212 2962 1283 3013 tunc·

267 3082 329 3147 quc
343 3059 521 3125 Achamoth
538 3083 556 3124 e
575 3059 750 3124 medietatis
770 3057 840 3124 loco
856 3059 887 3123 in
906 3056 1051 3122 Pleroma
1067 3058 1285 3144 migraturam,

268 3191 381 3255 sponso
396 3191 452 3232 suo
468 3166 618 3234 Salvatori
634 3181 803 3264 nupturam
820 3192 827 3232 :
848 3156 1029 3256 Spirituales
1041 3177 1172 3241 autem,
1188 3167 1286 3231 animis

269 3273 454 3340 animalibus
465 3286 587 3350 exutos,
600 3278 787 3365 spiritusque
802 3274 1009 3362 intelligentes
1020 3274 1140 3349 lactus,
1152 3273 1287 3339 Pleroma

269 3383 378 3456 itidem
391 3385 572 3459 subeuntes,
589 3385 621 3450 in
636 3410 762 3473 sponsas
778 3387 967 3474 assignatum
984 3384 1021 3448 iri
1036 3383 1174 3472 Angelis
1192 3385 1290 3450 Salas-

270 3485 345 3557 toris
360 3491 562 3558 satellitibus:
584 3494 789 3582 Demiurgum
804 3517 891 3569 vero,
908 3516 980 3558 cum
994 3493 1161 3580 justorum
1177 3497 1290 3558 anima-

271 3597 351 3664 libus
361 3601 472 3666 animis
485 3602 517 3666 in
531 3601 635 3667 locum
648 3605 755 3668 matris
767 3603 957 3677 Achamoth,
970 3591 1183 3667 medietatem
1196 3601 1291 3668 aideb·

273 3709 562 3794 cet,migraturum,
572 3709 613 3774 ibi
625 3710 755 3798 perenni
767 3711 871 3797 quiete
884 3708 1067 3774 donandum
1073 3733 1083 3780 ;
1097 3711 1292 3797 nequeenim

275 3809 414 3896 psychici
428 3815 597 3904 quidquem
608 3816 688 3882 intra
701 3816 843 3886 Pleroma
858 3816 979 3882 admitti
994 3840 1002 3882 :
1020 3825 1090 3884 tum
1102 3841 1184 3886 vero
1196 3821 1292 3908 ignea
