2772 4620
232 231 293 292 282
395 250 419 290 s.
445 249 564 292 sussen
588 249 744 292 nunnius
769 250 919 294 nonnosus
943 249 1094 294 sseunos.

230 354 403 442 gnitionem
425 354 625 441 perveniunt,
649 367 683 418 st
703 355 865 422 moribus
885 367 918 420 et
939 354 1137 441 optimarum
1159 375 1285 419 serm

233 459 428 548 ignoratione
448 458 544 526 letari
558 461 700 548 possint:
719 461 774 548 qui
789 460 918 548 quidem
938 483 972 526 se
990 459 1160 548 suppliciis
1174 460 1279 548 culpa

233 591 289 634 sue
304 569 457 635 obnoxios
470 572 626 656 prebent,
638 571 711 657 qnia
723 570 804 634 inest
818 582 938 634 nnturae
949 568 1120 634 hominum
1132 568 1278 634 incultus

234 675 445 762 cognoscendi
456 675 581 740 honesti
590 687 687 762 atquo
697 674 814 761 turpist
828 675 1004 742 tumetium
1015 674 1089 761 quia
1102 675 1189 738 dum
1199 697 1272 748 nos,

235 781 370 868 quincti
393 779 454 846 illis
467 803 532 846 non
553 803 674 856 sumus,
696 781 836 867 turpium
855 780 1082 868 illorumque
1103 782 1272 852 dictitant.

235 889 406 954 criminum
420 888 548 954 nomine
563 887 790 962 condemnant,
805 899 838 952 et
858 901 965 954 umen
985 888 1044 953 diis
1059 890 1207 978 gnudem
1218 891 1269 976 qni

235 995 347 1060 similia
361 1008 583 1083 perpetrarunt
596 1007 628 1059 et
643 993 817 1060 etiamnum
833 997 873 1061 ab
884 996 1068 1062 hominibus
1076 1009 1266 1085 reposcunt,

236 1125 275 1166 cx
297 1125 337 1166 oo
355 1102 442 1188 quod
460 1103 569 1177 nohis,
592 1103 680 1189 qussi
704 1102 861 1188 ejusmodi
884 1103 1061 1178 facinorum
1081 1103 1266 1175 misimus,
1384 1136 1385 1165 ς

237 1219 374 1274 mortem
389 1222 442 1274 sut
457 1208 583 1276 vincula
597 1222 653 1273 aut
667 1207 760 1274 uliam
781 1210 938 1296 ejusmodi
957 1231 1085 1297 poeuum
1104 1209 1266 1297 infligunt.
1382 1289 1383 1304 χ

237 1318 426 1384 sententium
440 1320 473 1384 in
488 1319 606 1406 scipsos
621 1317 745 1392 dicunt,
760 1318 803 1382 ita
819 1331 855 1382 ut
865 1317 916 1383 ulii
928 1319 1050 1405 jndices
1062 1318 1268 1383 minimosint
1382 1353 1383 1366 κ

238 1427 428 1512 ncquioendi.

129 1527 133 1536 ’
282 1533 353 1598 XV.
373 1532 556 1618 Contempsi
571 1533 667 1596 etiam
681 1533 811 1620 impiam
826 1532 913 1598 illam
927 1533 1014 1619 apud
1027 1554 1116 1598 moos
1126 1532 1267 1597 Semeti-
1382 1551 1383 1572 ¹

239 1651 328 1703 tonos
350 1651 382 1703 ot
402 1638 517 1703 erroris
540 1635 667 1724 plenam
692 1639 831 1704 Simonis
851 1640 1041 1705 doctrinam.
1066 1639 1208 1717 Quodsi
1233 1652 1267 1702 ct

240 1757 341 1810 vestra
356 1746 398 1811 ad
413 1747 499 1811 huno
513 1744 656 1811 libellum
670 1746 803 1814 accedat
816 1746 1003 1820 anctotitns,
1018 1749 1164 1811 omnium
1179 1747 1266 1812 illum
1384 1804 1385 1807 ,

240 1853 339 1918 oculis
367 1877 560 1943 exponemus
582 1865 628 1927 ut,
651 1854 676 1918 si
697 1855 766 1920 fieri
788 1857 901 1942 possit,
927 1857 1157 1927 immutentnrs
1183 1858 1267 1942 quod
1384 1856 1385 1903 ἶ

241 1963 369 2047 quidem
385 1963 478 2028 unice
493 1965 584 2029 nobis
604 1965 686 2030 hanc
702 1964 877 2028 orationem
897 1964 1111 2029 scribentibus
1126 1965 1271 2052 proposi·
1384 2010 1385 2045 2

241 2082 310 2133 tum
324 2071 393 2134 luit.
411 2071 494 2136 Sunt
507 2086 616 2139 antem
630 2072 771 2136 instituta
786 2083 893 2136 nostre
907 2082 1001 2138 scete
1010 2071 1165 2157 judicanti
1179 2074 1270 2137 mini-
1382 2149 1383 2160 χ

241 2197 293 2238 mc
308 2178 424 2262 turpia,
440 2179 495 2242 sed
516 2179 658 2244 humanu
677 2178 763 2242 omni
785 2175 985 2264 philosophis
999 2177 1194 2244 sublimiore.
1212 2179 1269 2242 sta

242 2284 346 2346 minus
365 2307 373 2346 :
394 2296 481 2348 cente
496 2285 652 2358 Sotadeis,
668 2283 880 2358 Philtonidcis,
903 2283 1083 2358 saltatoriis,
1099 2297 1133 2350 et
1151 2286 1269 2372 Epicu-

242 2391 315 2463 reis,
328 2401 360 2454 et
371 2389 438 2454 aliis
449 2392 605 2476 ejusmodi
618 2392 749 2478 poeticis
760 2391 1009 2456 institutionibus
1020 2390 1186 2466 absimilis,
1198 2413 1267 2478 quse

242 2511 349 2563 umen
363 2501 439 2564 etin
454 2521 582 2566 scenam
593 2501 749 2588 products
760 2511 903 2588 spectum
914 2513 946 2564 ot
958 2501 1070 2588 scriptu
1086 2500 1190 2588 legem
1200 2523 1269 2564 om·
1384 2544 1385 2547 =

243 2607 337 2672 nibus
358 2606 441 2672 licot.
459 2609 531 2674 Jum
548 2632 623 2674 veno
639 2610 676 2674 iis
690 2633 760 2696 quc
774 2610 807 2672 in
824 2609 917 2674 nobis
931 2609 987 2673 sits
1003 2620 1097 2678 erunt,
1110 2605 1261 2670 absolutis

243 2716 431 2791 desinimus;
449 2716 527 2783 illud
549 2721 644 2784 otiam
659 2731 837 2806 piscantes,
855 2729 890 2780 ut
905 2739 1010 2782 omues
1023 2715 1134 2800 ubique
1149 2713 1258 2776 homi·

244 2844 300 2887 nes
318 2826 458 2890 veritatis
473 2827 654 2914 cognitione
673 2825 852 2912 dignentur.
873 2825 1000 2892 Utinam
1015 2835 1045 2887 et
1057 2845 1122 2896 sos,
1137 2831 1174 2884 ut
1187 2821 1260 2906 pic-

245 2941 342 2994 totem
357 2944 390 2995 ct
404 2932 634 3021 philosophiam
650 2932 756 3006 decet,
769 2955 896 3019 acquum
912 2945 1014 2999 vostra
1025 2931 1157 3018 ipsorum
1168 2949 1263 2992 causa
1382 2936 1383 2977 l

245 3037 399 3122 judicium
415 3039 535 3106 ieratis!
