2516 4636
362 257 483 304 correi
508 259 656 306 neansaa.
799 271 802 282 ·
960 241 1022 332 587

16 367 99 432 Sion
115 366 256 458 lapidem
270 369 457 457 pretiosum,
472 366 622 446 electum,
638 389 812 445 summum,
827 369 1023 462 angularem,
1113 381 1118 396 ⁰

14 477 237 544 honorificum
254 477 284 552 ¹3
301 507 314 542 ι
330 479 375 544 uti
390 501 455 544 non
470 502 509 544 ex
523 478 683 546 voluntate
697 479 768 556 viri,
785 480 842 546 sed
856 504 896 548 ex
910 482 1023 552 votan-

0 599 53 651 =te
76 587 150 663 Dei,
174 587 345 653 adrentum
367 588 438 676 ejus
460 588 514 674 qui
529 588 704 654 seeundum
719 589 883 656 hominem
898 605 958 670 est,
974 594 1026 662 in·

21 695 183 784 lligomus.

31 806 170 896 Propter
184 807 247 874 boo
261 821 367 874 autem
382 821 415 873 et
429 808 552 896 Moyses
563 810 730 876 ostendens
746 823 872 900 typum,
887 816 1025 904 projecit

16 939 112 1005 rgam
135 917 168 984 in
188 918 339 995 terrom²,
362 931 397 984 ut
418 942 455 984 en
476 919 638 988 incarnata
656 943 785 987 omnem
801 921 1024 1014 AEgyptiorum

5 1028 295 1105 raevarieationem,
311 1052 381 1118 quae
395 1031 578 1119 insurgebat
599 1029 747 1096 adversus
766 1031 823 1097 Dei
840 1033 1022 1124 dispositio-

5 1161 79 1213 em,
99 1148 247 1226 argueret
266 1150 298 1204 et
318 1138 502 1205 absorberet
509 1163 519 1211 3
537 1149 570 1204 et
583 1151 620 1203 ut
638 1139 697 1226 ipsi
712 1137 852 1228 AEgyptii
872 1144 1025 1212 testiiiea-

24 1263 117 1326 ntur,
136 1248 286 1337 quoniam
300 1248 416 1337 digitus
431 1260 480 1314 est
493 1247 564 1322 Dei,
580 1248 634 1335 qui
651 1247 786 1315 salutem
801 1264 950 1338 operetur
963 1277 1024 1344 po-

8 1357 104 1434 ulo⁸,
121 1370 154 1422 et
171 1379 236 1424 non
256 1357 385 1445 Josepbi
405 1355 498 1422 titius.
518 1355 552 1422 Si
572 1356 658 1422 enim
680 1357 800 1446 Joseph
822 1357 906 1426 filius
927 1377 1022 1444 esset,

8 1469 262 1535 uemadmodum
274 1466 345 1557 plus
359 1479 484 1557 poteret
494 1489 590 1555 quam
602 1466 765 1544 Salomon,
778 1481 834 1534 out
844 1469 915 1560 plus
926 1497 1022 1562 quam

11 1573 93 1644 onita
105 1579 256 1656 habere⁴,
272 1590 327 1643 aut
340 1577 412 1667 plus
428 1601 496 1643 esse
510 1577 611 1644 David
621 1577 646 1654 ⁶,
667 1601 741 1644 cum
759 1591 842 1646 esset
856 1604 895 1646 ex
909 1583 1022 1650 eadem

9 1933 62 1974 sse
73 1907 190 1973 Filium
203 1907 263 1973 Dei
275 1903 378 1970 vivi⁸i

37 2013 141 2102 Super
156 2013 225 2079 haeo
235 2023 343 2077 autem
353 2031 414 2078 nee
427 2010 496 2080 Rex
506 2033 573 2078 esee
588 2023 707 2100 posset,
722 2014 748 2078 si
760 2014 888 2102 quidem
903 2016 1024 2108 Josepb

1 2123 78 2190 ilius
90 2123 214 2196 suissote
228 2143 289 2188 neo
300 2121 413 2196 hores,
425 2120 601 2188 seeundum
614 2122 795 2190 Jeromiam.
806 2124 926 2215 Josepb
938 2129 1024 2194 enim

11 2233 118 2298 oaeim
141 2243 174 2298 ot
198 2229 362 2298 Jeeboniae
381 2227 464 2324 filius
489 2229 678 2308 ostenditur,
702 2233 970 2320 quemadmodum
992 2248 1024 2303 et

23 2344 158 2410 atthaeus
173 2341 409 2431 generationem
423 2341 493 2428 ejus
507 2341 647 2430 exponit.
666 2341 836 2409 Jecbonios
852 2356 973 2424 autem,
989 2359 1022 2413 et

0 2452 49 2516 ui
72 2455 111 2518 ab
126 2473 179 2527 eo,
194 2473 305 2516 omnes
319 2449 456 2516 abdicati
472 2461 546 2515 sunt
567 2472 711 2539 arogno,
733 2450 871 2528 der-emis
896 2453 1022 2523 dioente

9 2559 39 2624 io
57 2580 64 2621 :
79 2583 91 2616 ι
106 2555 185 2624 Vivo
200 2579 271 2646 ego,
288 2555 364 2622 dicit
377 2553 545 2629 Dominus,
561 2555 586 2620 si
605 2555 706 2621 sactus
726 2555 821 2637 suerit
835 2558 1018 2639 sechenias,

1 2665 108 2732 *filius
129 2665 266 2740 Joeeim,
290 2687 345 2733 rex
371 2661 468 2738 duda,
494 2660 693 2752 signaculum
719 2663 752 2730 in
773 2687 872 2730 manu
894 2666 1023 2735 dextera

1 2815 3 2832 ·
18 2800 102 2852 mea,
119 2775 191 2842 inde
206 2774 387 2842 abstrabam
398 2795 486 2848 eum,
502 2784 535 2838 et
550 2771 674 2838 tradam
689 2772 812 2838 eumin
825 2795 920 2839 meno
934 2800 1022 2864 quae·

15 2885 155 2952 rentium
165 2884 303 2950 animam
313 2879 428 2947 tuam⁷.
443 2881 506 2945 »Et
516 2879 651 2944 iterum:
664 2877 899 2948 «inhonoratus
910 2898 959 2950 est
968 2886 1021 2952 Je-

18 2996 162 3068 choniaa‚
174 2989 443 3080 quemadmodum
459 3010 510 3052 vas
525 2987 610 3074 quod
624 3009 689 3052 non
704 2999 751 3052 est
766 3011 857 3077 opus,
870 2998 1019 3081 quoniam

0 3149 1 3156 ι
20 3105 181 3195 projeetus
203 3112 250 3166 est
269 3101 302 3166 in
322 3109 451 3173 terram,
474 3118 570 3185 quam
585 3117 651 3162 non
669 3097 798 3166 sciebat.
817 3100 927 3184 Terra,
945 3109 1019 3177 audi

23 3231 200 3281 sermonem
214 3207 342 3276 Domini
361 3231 369 3272 ι
387 3207 489 3274 scribe
503 3207 607 3274 virum
621 3206 709 3276 buno
723 3211 906 3282 abdicatum
920 3216 1020 3286 bomi—

22 3345 108 3396 nem,
126 3318 276 3408 quoniam
292 3339 356 3384 non
372 3317 499 3404 augebit
520 3316 559 3382 de
574 3317 692 3384 semine
707 3320 776 3407 ejus
792 3323 904 3392 sedens
923 3349 1018 3419 super·

0 3483 1 3486 ,
21 3434 172 3501 thronum
186 3427 298 3504 David,
311 3425 457 3515 princeps
471 3425 504 3490 in
519 3425 602 3492 duda
620 3424 641 3492 ⁸.
659 3455 672 3490 ι
687 3427 728 3492 Et
741 3428 858 3499 iterum
873 3433 959 3502 Deus
974 3438 1018 3504 ait

0 3566 88 3635 uper
98 3541 221 3608 Joaoim
232 3551 354 3629 putrem
366 3537 435 3626 ejus
447 3559 455 3598 ε
477 3561 490 3596 a
503 3535 635 3626 Propter
645 3538 708 3606 boe
719 3539 765 3606 sic
776 3541 852 3609 dicit
862 3544 1017 3618 Dominus

26 3721 109 3770 ¹Erni.
121 3737 210 3778 xxviii,
219 3719 260 3770 61.
273 3719 405 3770 -tttxod
415 3737 459 3779 ru,
469 3737 485 3785 9
494 3729 519 3770 et
528 3737 600 3786 seqq.
609 3717 741 3770 -stmoo
755 3738 810 3784 rru,
824 3725 1017 3789 19.-⁶Mauh.

0 3838 2 3847 »
14 3825 40 3866 ιι,
51 3807 91 3865 dr,
100 3805 139 3865 dr.
153 3805 304 3856 -⁵1ttat1h.
317 3821 378 3868 xxn,
387 3806 428 3865 dd.
447 3835 477 3844 -
493 3805 502 3840 ¹
514 3805 605 3857 martti.
615 3819 667 3868 ιιι,
682 3823 719 3871 ¹7·
735 3835 766 3846 -
778 3807 892 3862 Herem.
904 3829 967 3878 nar,
978 3816 1019 3878 ri,

16 3897 37 3944 5.
47 3919 77 3932 -·
88 3892 164 3942 ⁸1ttd.
178 3891 207 3940 28
215 3899 242 3943 et
251 3907 324 3958 seqq.

788 3983 836 4048 25.
