2516 4636
48 257 122 399 ’ᾗ
348 333 472 380 corros
493 331 644 378 annesae.
947 311 1009 376 iad

63 402 160 513 ’Ἧι
173 461 259 506 omns
250 439 388 529 legenti
399 439 484 508 hano
493 441 683 530 scripturam
697 460 870 528 agnoscere
880 452 924 517 te,
941 441 1012 529 quia

2 494 161 651 ’ω’-’Ίιιι
173 573 221 626 es,
236 563 269 616 et
283 549 489 618 confirmori'
480 574 513 617 ru
528 561 573 627 te,
589 561 622 616 et
635 549 788 618 absistere
801 551 842 617 ab
854 573 941 618 omar
932 549 1014 618 ιι·

22 651 139 726 ““”ιι
152 681 222 751 quae
236 661 363 728 estsine
375 661 457 738 Deo,
472 672 505 726 ιι
519 661 614 749 impia
628 661 795 728 sententio

23 741 120 824 ‘'l‘'
100 803 148 871 ‘dx
164 823 261 871 novo
278 801 530 886 Testamenta,
543 795 710 868 videlicet

38 981 44 988 ,
62 906 137 979 'lx
155 909 381 980 Matthaeo¹=

2 1065 13 1126 j
33 1111 42 1126 ⁸
88 1007 160 1102 ¹msa
178 1035 264 1102 hoo'
256 1035 351 1126 rgitur
365 1033 458 1124 plone
477 1032 526 1120 (et
543 1031 649 1098 adhue
664 1030 848 1096 ostendetur
861 1027 1014 1095 maniles·

44 1120 259 1227 ,5ἰιιιίιιιι
281 1143 418 1211 alterum
436 1143 610 1210 Dominum
626 1139 675 1206 vel
693 1140 810 1215 Deum,
826 1162 929 1228 neque
940 1137 1015 1204 Pro-

40 1238 57 1258 ’
37 1281 229 1350 ,neque
251 1255 431 1347 Apostolos,
451 1251 744 1344 nequoDominum
761 1249 923 1315 Christum
941 1271 1017 1316 con·

45 1366 97 1432 ἰ
121 1391 190 1433 esse
212 1391 251 1433 ex
273 1391 328 1432 sua
350 1389 498 1456 persono,
524 1363 580 1430 sed
602 1361 762 1452 praecipue
781 1359 887 1428 Deum
906 1371 938 1424 ιι
954 1358 1017 1426 Do·

61 1490 128 1542 n:
152 1474 318 1566 Prophetis
334 1473 464 1563 quidem
482 1485 516 1541 et
534 1469 691 1562 Apostolis
708 1471 835 1537 Patrem
852 1480 884 1534 et
900 1466 1017 1534 Filium

1 1589 6 1594 '
13 1585 224 1658 ····ensihus,
247 1583 383 1652 alterum
402 1595 508 1651 autem
528 1583 702 1658 neminem,
721 1603 823 1668 neque
839 1577 943 1646 Deum
959 1601 1019 1644 noa

16 1679 187 1768 ”“’·ἰιίι)ιιι,
211 1693 507 1782 nequeDominum
529 1689 783 1757 confitentibus.
809 1687 928 1776 etipse
951 1687 1019 1752 Do-

93 1803 224 1868 Patrem
246 1813 370 1868 tentum
390 1801 496 1866 Deum
514 1811 547 1864 ιι
569 1797 743 1864 Dominum
763 1817 838 1860 eum
861 1795 915 1883 qui
934 1792 1018 1860 solus

5 1917 19 1942 ·“
35 1887 134 1978 fleus
157 1920 190 1977 et
212 1910 393 1977 dominator
414 1909 571 1983 omnium,
598 1905 744 1972 tradente
764 1897 942 2002 discipulipr
973 1929 1019 1971 se·

1 2022 28 2062 '³
51 2043 110 2085 uos
126 2029 265 2107 oportet,
288 2018 459 2108 siquidem
479 2013 730 2081 illorumsumus
752 2011 911 2101 discipuli,
935 2012 1020 2078 tosti·

18 2131 85 2194 ··ia
106 2127 235 2193 illorum
256 2128 297 2193 ita
316 2149 350 2191 se
368 2125 528 2192 habentia.
547 2123 713 2190 Matthaeus
729 2123 815 2189 euim
834 2120 1016 2212 Apostolus,

27 2255 80 2304 J'm
101 2249 135 2302 ιι
154 2237 304 2302 eumdem
322 2237 424 2303 sciens
442 2236 560 2316 Deum,
576 2235 630 2324 qui
650 2233 893 2324 promissionem
909 2233 1019 2300 lecerit

15 2394 23 2402 -
44 2349 130 2424 ιιι,
143 2347 303 2413 lecturum
314 2371 466 2414 sesemen
479 2347 548 2437 ejus
559 2345 647 2436 quasi
659 2343 763 2410 stellas
775 2341 846 2411 coeli
856 2342 881 2420 ²,
895 2345 949 2432 qui
961 2369 1019 2434 per

25 2457 97 2522 'um
118 2479 212 2522 suum
232 2456 396 2525 Christum
414 2455 525 2523 Jesum
544 2479 562 2520 a
579 2453 720 2544 lapidum
734 2451 859 2520 cultura
879 2454 912 2522 iu
928 2479 1018 2522 suem

1 2602 2 2607 ι
21 2625 25 2630 .
51 2561 249 2654 agnitionem
264 2565 437 2638 vocaverim
455 2563 503 2629 uti
520 2561 612 2628 lieret
626 2561 704 2649 «qui
716 2553 781 2626 non
797 2559 947 2650 populus,
963 2586 1018 2652 po-

33 2673 118 2746 slus:
138 2684 171 2737 et
185 2695 249 2738 non
266 2671 393 2750 dilectu,
411 2671 525 2740 dilecta
535 2671 564 2747 ’ς
580 2701 593 2736 ι
608 2673 650 2738 ait
664 2669 821 2738 Joaunem
835 2694 1018 2760 praeperan-

30 2805 40 2845 ι
65 2779 194 2846 Christo
216 2781 299 2847 riam
325 2779 374 2847 his
393 2781 447 2870 qui
471 2781 503 2847 in
526 2777 643 2846 carnali
670 2779 800 2867 quidem
828 2778 1017 2866 cognatione

27 2892 209 2968 riabantur,
218 2889 341 2958 varium
352 2903 458 2956 autem
471 2902 503 2954 et
510 2889 597 2954 omni
605 2885 724 2953 malitia
736 2885 931 2975 completum
943 2911 1018 2954 seu·

6 3025 47 3066 ,ιι
67 3001 245 3074 habebant,
261 3022 332 3066 eum
344 2997 577 3088 poenitentiam,
597 3021 667 3086 quae
679 3019 696 3060 a
709 2995 827 3061 malitie
839 3010 1014 3076 rerooeret,

8 3110 224 3174 -nuntiantem
247 3107 387 3173 dixisse:
411 3105 607 3196 «Progenies
627 3105 820 3194 viperarum,
837 3107 907 3196 quis
926 3107 1015 3173 robis

6 3216 197 3285 monstrarit
217 3217 324 3306 lugere
344 3218 384 3283 ab
405 3217 451 3281 ira
472 3214 627 3282 ventura?
651 3215 760 3282 Facite
780 3239 855 3305 ergo
875 3211 1016 3283 lruotum

1 3328 141 3416 ,dignum
160 3327 362 3416 poenitentiae.
382 3329 422 3394 Et
437 3325 535 3394 nolite
553 3325 659 3394 dicere
678 3326 710 3392 in
729 3327 933 3415 vobisipsis:
955 3326 1016 3393 Pa-

7 3450 92 3502 trem
112 3436 267 3504 habemus
284 3437 468 3506 Abraham:
486 3437 557 3502 dico
573 3437 657 3502 enim
673 3435 774 3512 vobis,
792 3437 941 3524 quoniam
957 3461 1016 3526 po-

6 3559 78 3612 tens
91 3559 139 3612 est
153 3545 239 3613 Deus
254 3569 292 3614 ex
305 3545 483 3636 lapidibus
474 3545 540 3612 rstis
552 3546 703 3612 suscitare
715 3543 796 3611 filios
809 3544 1006 3613 Abrahae.»

786 4077 836 4121 21.
