2684 4638
233 245 296 314 sse
384 221 394 231 ’
546 259 659 312 srucrr
682 255 795 310 rnannr
817 257 879 307 ιιι.
907 263 943 310 ιιι

228 386 261 442 ot
276 374 373 442 homo
388 371 479 441 deret
491 369 573 440 iilius
587 371 668 441 Deir
678 371 811 462 Propter
821 372 909 462 quod
924 383 956 438 et
970 369 1133 438 exsultans
1147 369 1267 446 bieria,

230 483 388 553 clamabat
401 507 460 574 pro
470 481 611 552 Ecclesia
626 483 818 574 prophetans
833 505 841 548 ι
858 481 1062 572 «Magnificat
1072 480 1182 548 anima
1195 503 1268 548 mea

230 619 244 656 ι
257 592 443 669 Dominum,
451 603 485 658 et
495 589 662 658 exsultavit
673 592 800 680 spiritus
810 614 900 658 meus
912 591 945 658 in
954 592 1023 658 Deo
1033 589 1166 658 salutari
1177 613 1265 657 meo.

229 702 435 791 »desumpsit
458 701 544 768 enim
568 700 664 768 Israel
686 724 822 791 puerum
836 723 943 777 suum,
960 701 1123 768 reminisci
1143 700 1265 766 miseri

230 811 372 880 »cordiae
397 836 405 876 :
427 810 697 900 quemadmodum
720 810 845 878 locutus
864 823 913 878 est
933 811 973 878 od
995 822 1102 900 patres
1123 820 1265 886 nostros,

230 918 405 996 arbitraba,
421 929 454 986 et
472 917 584 986 semini
598 919 667 1007 ejus
682 918 714 984 in
728 917 915 984 aeternum⁴.
932 947 945 982 ι
959 917 1019 984 Per
1033 918 1104 984 haec
1119 917 1222 1007 igitur
1235 931 1266 982 et

229 1040 315 1094 tanta
338 1038 493 1096 monstrat
514 1026 731 1118 Evangelium,
748 1028 899 1118 quoniam
913 1027 968 1117 qui
988 1025 1118 1094 locutus
1139 1040 1192 1093 est
1209 1051 1266 1116 pa-

228 1137 330 1206 tribus
358 1138 457 1215 Deus,
484 1137 539 1205 hic
558 1149 607 1204 est
627 1138 681 1226 qui
702 1161 761 1228 per
781 1137 922 1226 Moysem
942 1137 1034 1227 Legis
1055 1136 1264 1204 donationem

228 1247 317 1326 fecit,
340 1271 398 1338 per
420 1269 515 1337 quem
536 1247 627 1337 Legis
650 1248 854 1316 donationem
876 1248 1083 1338 cognovimus
1110 1248 1263 1336 quoniam

227 1357 372 1450 patribus
397 1357 521 1425 locutus
543 1368 600 1423 est.
623 1357 684 1424 Hic
705 1357 792 1426 idem
809 1358 894 1425 Deus
913 1357 1092 1426 secundum
1112 1379 1262 1446 magnam

228 1469 405 1539 bonitatem
419 1489 509 1534 suam
524 1465 635 1534 ess'ndit
650 1467 898 1536 misericordium
910 1467 943 1534 in
957 1491 1029 1544 nos,
1046 1467 1079 1534 in
1091 1489 1158 1556 qua
1170 1467 1263 1533 mise-

231 1578 369 1646 ricordie
385 1605 400 1639 ι
414 1578 578 1667 conspexit
592 1600 649 1644 nos
663 1577 779 1645 Oriens
794 1601 834 1646 ex
847 1577 924 1656 alto,
939 1590 972 1644 et
986 1579 1136 1668 apparuit
1148 1578 1201 1644 his
1213 1579 1261 1667 qni

229 1715 244 1750 ι
259 1687 292 1754 in
303 1687 442 1754 tenebris
456 1697 489 1752 et
500 1689 613 1754 umbra
627 1688 737 1755 mortis
752 1688 916 1766 sedebant,
925 1701 959 1756 et
965 1688 1080 1754 direxit
1087 1688 1263 1778 pedesnoa-

229 1809 322 1864 »tros
333 1799 366 1865 in
380 1797 464 1864 viam
481 1797 604 1885 pacis²;
622 1797 921 1884 »quemadmodum
938 1810 972 1865 et
990 1797 1166 1866 Zacharias
1181 1801 1262 1866 desi-

229 1931 310 1976 nens
325 1919 432 1974 mutus
447 1929 533 1998 esselq
543 1907 629 1994 quod
643 1919 773 1997 propter
788 1907 1007 1975 infidciitatem
1018 1933 1129 1998 pessus
1146 1910 1260 1988 firerat,

229 2016 354 2086 novello
376 2017 489 2106 spiritu
504 2016 707 2106 adimpletus,
727 2041 809 2084 nove
826 2019 1037 2086 benedicebat
1055 2019 1174 2086 Deum.
1189 2019 1260 2088 Om-

228 2126 281 2192 nia
296 2125 381 2192 enim
402 2145 483 2190 nova
504 2122 647 2200 aderant,
660 2123 767 2191 Verbo
787 2147 868 2192 nove
889 2125 1078 2214 disponente
1101 2125 1258 2193 carnalem

229 2233 414 2308 adventum,
431 2233 477 2298 nti
492 2253 568 2298 eum
583 2232 745 2300 hominem
761 2233 816 2322 qni
830 2245 917 2300 extra
935 2235 1039 2302 Deum
1053 2236 1192 2312 abierat,
1209 2236 1259 2301 ad-

228 2341 382 2410 scriberet
400 2342 469 2422 Deo
488 2365 496 2408 ι
513 2340 744 2432 propterquod
759 2354 792 2408 ct
812 2364 892 2409 nove
910 2342 1014 2410 Deum
1037 2341 1146 2412 colere
1163 2345 1254 2410 doce-
1330 2375 1331 2396 ι

229 2451 1256 2542 benturssednonniianeumqueniemquidem«unusDeus,

229 2561 311 2650 aqui
327 2560 479 2650 justificat
494 2561 770 2632 circumcisionem
785 2585 824 2628 ex
841 2560 918 2642 fide,
942 2575 975 2630 et
996 2564 1192 2654 preputium
1206 2587 1257 2655 per

228 2669 413 2738 »fidem⁸.s

273 2780 471 2872 Prophetans
485 2792 590 2848 eutem
609 2779 779 2847 Zacharias
795 2779 921 2849 dicebat
936 2805 950 2848 ι-
964 2807 977 2844 ι
992 2783 1189 2850 benedictus
1204 2783 1258 2850 Do
1330 2771 1331 2836 i

232 2890 366 2956 »minua
380 2892 466 2960 Deus
483 2889 591 2968 lsrael,
612 2890 686 2979 quia
704 2891 852 2969 visitavit,
869 2904 902 2958 et
917 2891 992 2959 iecit
1007 2893 1259 2982 redemptionem

232 3029 249 3064 s
259 2999 377 3092 populo
393 3025 461 3068 sno.
480 3002 520 3066 Et
533 3002 634 3068 erexit
648 3025 749 3069 corna
763 3001 871 3069 salutis
889 3003 981 3070 nobis
995 3002 1029 3068 in
1047 3003 1145 3069 domo
1160 3003 1258 3070 David

236 3136 254 3176 ι.
261 3110 352 3201 pueri
373 3111 431 3176 sui.
451 3108 541 3177 Sicut
555 3108 680 3178 locutus
702 3123 750 3178 est
763 3133 821 3199 per
836 3132 871 3177 os
889 3122 1071 3177 sanctorum
1088 3110 1258 3200 Propheta
1330 3147 1331 3184 ι

232 3243 333 3286 nrum
344 3241 488 3294 suorum,
505 3219 559 3309 qui
570 3243 588 3286 a
600 3218 717 3287 saecuio
728 3233 812 3287 sunt.
828 3218 969 3286 Salutem
980 3241 1019 3285 ex
1033 3219 1174 3287 inimicis
1189 3245 1259 3288 nos

231 3330 331 3408 stris,
347 3342 378 3396 et
394 3353 434 3396 ex
446 3352 544 3396 manu
559 3332 704 3398 omnium
715 3331 769 3420 qui
785 3329 921 3397 oderunt
932 3351 1000 3397 nos.
1015 3329 1065 3398 Ad
1082 3329 1261 3398 iaciendan

232 3437 511 3506 »misericordiam
524 3461 600 3506 oum
614 3439 757 3528 patribus
778 3440 906 3515 nostris,
928 3450 960 3504 et
982 3439 1144 3506 reminisci
1165 3453 1259 3508 testa·

232 3575 246 3616 ι
261 3548 360 3616 menti
375 3547 474 3615 suncti
489 3547 548 3614 sui.
565 3547 795 3636 «iusiurandum
811 3547 898 3636 quod
911 3548 1027 3636 juravit
1041 3547 1083 3614 ad
1098 3547 1257 3615 Abraham
1330 3597 1331 3600 ,

233 3687 246 3727 ι
260 3669 384 3747 patrem
397 3669 554 3734 nostrum,
568 3656 613 3722 uti
626 3657 680 3722 dat
690 3657 781 3724 nobis
794 3657 861 3724 sine
872 3656 986 3723 timore
997 3679 1035 3723 cx
1047 3679 1146 3724 manu
1161 3659 1257 3726 inimi·
1330 3703 1331 3744 p

234 3751 374 3846 socrum
388 3779 513 3858 ereptos
528 3767 645 3850 servire
655 3767 715 3835 sibi
726 3767 760 3848 in
770 3767 935 3836 sanctitate
947 3779 980 3834 et
993 3767 1125 3858 justitia,
1138 3769 1174 3838 in
1186 3793 1257 3838 con-
1330 3791 1331 3832 ι

267 3906 349 3963 ΙΙιιιο.
362 3924 381 3968 ι,
392 3905 432 3966 46,
445 3907 486 3970 54,
496 3907 536 3957 55.
548 3907 669 3960 -21ta'd,
683 3908 714 3974 78
722 3918 750 3961 et
759 3925 831 3976 seqq.
844 3909 895 3951 -ι
908 3909 983 3961 Rom.
995 3925 1036 3969 ιιι,
1045 3909 1085 3960 30.
