2684 4638
415 339 540 387 conraa
562 337 714 386 narrans·
1020 331 1081 404 app

47 459 145 526 trem,
162 437 220 517 sed
238 447 317 515 dixit
331 449 419 538 quod
433 471 546 516 verum
559 461 623 523 eat;
646 469 750 538 neque
769 469 828 514 nos
845 447 1084 522 erubescamus,

47 581 121 648 quae
135 569 210 627 sunt
224 558 258 626 in
272 559 500 648 quaestionibus
511 561 633 650 majora
646 557 823 626 secundum
838 579 908 634 nos,
925 579 1086 625 reservare

45 669 128 737 Deo.
152 669 254 738 Nemo
272 670 360 738 enim
379 693 475 761 super
493 672 679 762 magistrum
694 682 753 736 est.
774 668 896 757 Siquis
914 667 1020 758 itaque
1031 690 1088 734 no-

45 779 100 846 bis
112 779 246 846 dixerita
266 779 438 861 Quomodo
453 805 529 871 ergo
543 780 642 848 Filius
657 776 798 870 prolatus
814 800 831 843 a
846 776 940 843 Patre
953 777 1023 844 esti
1042 775 1087 842 dl·

47 890 155 957 cimus
168 890 212 968 ei,
231 890 303 979 quia
319 889 532 981 prolationem
546 891 652 967 istam,
673 889 737 956 sive
752 888 1003 980 generationem,
1021 886 1087 955 sive

47 1000 336 1091 nuncupationem,
356 1000 422 1066 sive
437 999 689 1089 adapertionem,
709 1010 765 1063 aut
783 993 926 1086 quolibet
945 994 1016 1084 quis
1032 1017 1088 1062 no·

47 1110 138 1177 mine
164 1113 324 1178 vocaverit
346 1109 583 1200 generationem
601 1110 672 1199 ejus
690 1105 934 1176 inenarrabilem
955 1092 1088 1172 eristen·

48 1233 131 1299 tem,
154 1243 250 1287 nemo
269 1222 470 1302 novit;‚non
493 1216 692 1295 Valentinus,
716 1241 782 1286 non
807 1207 962 1294 Marcion,
985 1238 1088 1306 neque

4 1351 5 1378 ³
49 1329 258 1407 Saturninus,
274 1353 377 1419 neque
392 1326 559 1404 Basilides,
574 1349 679 1418 neque
690 1313 815 1419 Angeli,
833 1350 936 1416 neque
948 1326 1089 1394 Archan-

50 1439 129 1530 geli,
149 1462 253 1528 neque
269 1439 443 1530 Principes,
460 1461 564 1528 neque
579 1437 768 1511 Potestatess
790 1438 850 1505 nisi
866 1435 952 1504 solus
968 1435 1023 1527 qui
1038 1459 1090 1526 ge-

50 1548 176 1616 neravit
194 1545 300 1625 Pater,
321 1546 425 1636 etqui
443 1559 537 1614 natus
554 1559 602 1613 eat
617 1544 727 1614 Filius.
745 1543 968 1613 lnenarrabilis
983 1545 1090 1634 itaque

51 1657 217 1750 generatio
236 1659 307 1748 ejus
324 1679 400 1724 cum
419 1657 472 1733 sit,
492 1655 688 1746 quicumque
706 1654 852 1722 nituntur
871 1654 1091 1746 generationes

50 1781 86 1834 et
100 1765 294 1858 prolationes
308 1790 470 1844 enarrare,
487 1788 553 1832 non
565 1778 639 1833 sunt
651 1775 814 1856 compotes
829 1765 891 1841 sui,
907 1787 945 1830 ea
960 1787 1030 1853 quae
1044 1764 1091 1831 in·

51 1877 243 1946 enarrabilia
262 1890 337 1943 sunt
355 1899 504 1944 enarrare
522 1876 753 1963 promittentes.
776 1873 938 1956 Quoniam
951 1873 1037 1940 enim
1052 1895 1092 1942 ex

4 2011 6 2050 t
54 1988 248 2078 cogitatione
265 1998 300 2052 et
318 2009 411 2053 sensu
429 1986 564 2053 verbum
583 1983 751 2061 emittitur,
769 1982 833 2050 hoc
853 1983 963 2072 utique
981 2005 1091 2050 omnes

4 2119 7 2158 ἰ
55 2099 163 2166 sciunt
180 2097 335 2166 homines.
359 2095 430 2162 Non
449 2117 526 2184 ergo
546 2116 697 2184 magnum
716 2090 794 2181 quid
813 2095 1013 2170 invenerunt,
1035 2093 1091 2182 qui

55 2208 241 2276 emissiones
251 2205 522 2296 excogitaverunt,
536 2227 639 2294 neque
654 2203 877 2270 absconditum
889 2203 1102 2294 mysterium,

4 2343 7 2380 z
56 2319 85 2386 si
105 2319 139 2385 id
156 2318 243 2408 quod
258 2317 296 2384 ab
314 2315 464 2383 omnibus
479 2313 664 2405 intelligitur
681 2313 911 2382 transtulerunt
924 2317 958 2383 in
979 2315 1092 2406 unige-

4 2453 7 2494 ,·
54 2429 162 2496 nitum
182 2428 241 2495 Dei
260 2424 421 2498 Verbumt
447 2437 480 2492 et
496 2449 593 2515 quem
610 2423 853 2493 inenarrabilem
868 2437 901 2492 et
918 2425 1093 2494 innomina-

4 2563 7 2600 ῑ
56 2535 158 2603 bilem
171 2545 298 2611 vocant,
314 2533 414 2614 hune,
433 2534 521 2624 quasi
537 2535 596 2624 ipsi
612 2536 898 2611 obstetricaverint,
916 2535 1026 2623 primae
1041 2559 1094 2625 ge-

54 2642 230 2712 nerationis
254 2643 323 2732 ejus
348 2640 561 2733 prolationem
587 2656 620 2709 et
645 2643 883 2734 generationem
912 2641 1091 2718 enuntiant,

54 2751 271 2821 adsimilantes
286 2775 361 2819 eum
376 2752 545 2820 hominum
559 2753 658 2820 verbo
672 2751 859 2819 emissionis.

4 2905 6 2934 ι
100 2863 171 2930 lloc
185 2861 394 2927 autemidem
408 2860 495 2928 etde
510 2861 687 2928 substantia
703 2861 842 2927 materiae
857 2858 1012 2937 dicentes,
1027 2883 1093 2928 non

55 2970 275 3060 peccabimus,
295 2970 448 3058 quoniam
466 2969 553 3036 Deus
567 2991 639 3036 eam
653 2967 795 3059 protulit.
813 2967 990 3035 Didicimua
1004 2968 1092 3036 enim

4 3115 6 3156 p
57 3101 99 3144 ex
109 3078 292 3167 Scripturis,
304 3078 518 3168 principatum
529 3089 638 3144 tenere
650 3078 859 3167 superomnia
870 3076 984 3145 Deum.
1000 3079 1093 3146 Unde

4 3227 5 3264 t
59 3198 180 3264 autem,
205 3186 253 3254 vel
275 3187 547 3278 quemadmodum
568 3187 680 3255 emisit·
694 3209 778 3265 eam,
800 3210 905 3277 neque
928 3188 1092 3281 Scriptura

4 3341 5 3374 1
59 3296 164 3386 aliqua
179 3299 335 3387 exposuit,
351 3319 457 3386 neque
468 3320 527 3364 nos
542 3297 758 3387 phantasmari
772 3307 912 3386 oportet,
923 3321 964 3365 ex
974 3300 1093 3387 opinio-

57 3409 153 3476 nibus
168 3408 302 3499 propriis
319 3407 442 3474 infinita
454 3407 660 3496 conjicientes
671 3408 713 3475 de
726 3409 810 3482 Deos
830 3408 887 3475 sed
901 3408 1095 3497 agnitionem

58 3520 145 3587 hanc
165 3518 404 3587 concedendam
425 3541 494 3585 esse
513 3519 592 3585 Deo.
615 3516 767 3584 Similiter
784 3531 892 3585 autem
912 3530 945 3584 et
966 3541 1095 3586 causam

59 3641 191 3719 propter
210 3650 320 3716 quam,
340 3651 416 3695 cum
429 3626 536 3694 omnia
553 3650 572 3693 a
587 3626 656 3695 Deo
671 3625 754 3695 sacta
770 3627 844 3703 sint,
860 3627 1007 3716 quaedam
1022 3629 1096 3718 qui-

60 3740 135 3806 dem
157 3749 351 3827 transgressa
369 3748 456 3814 sunt,
479 3747 511 3801 et
531 3736 753 3810 abscesserunt
770 3758 789 3801 a
806 3733 865 3802 Dei
883 3735 1093 3826 subjectione,

60 3845 207 3938 quasdam
225 3859 346 3924 autem,
366 3846 431 3912 imo
448 3843 596 3936 plurima,
614 3857 895 3934 perseveraverunt
907 3860 940 3912 et
953 3869 1095 3938 peracre

6 3983 8 3988 ·
62 3970 133 4025 rant
145 3957 177 4024 in
189 3956 387 4045 subjectione
399 3955 468 4044 ejus
480 3955 533 4044 qui
546 3953 635 4027 [θοῆς
653 3966 685 4020 et
697 3954 790 4042 cujus
801 3965 921 4024 naturae
937 3968 1096 4044 suntque
