2492 4632
342 333 464 378 corrui
489 331 638 376 nnansns.
940 312 1003 400 593

0 482 1 505 2
30 467 67 510 er
83 463 213 510 arenam
229 439 400 508 habentem
423 441 455 506 iu
470 440 569 528 seipsa
591 439 709 528 lapidea
725 437 852 506 multos.
873 440 1006 530 Propter

4 575 33 618 c
50 561 83 617 et
100 546 217 617 multos
237 547 311 612 deos
326 545 463 636 fingunt,
480 559 513 611 et
527 569 667 635 quaerere
687 547 815 633 quidem
834 571 959 639 semper
973 551 1006 618 in

31 659 177 725 usatione
193 657 312 723 hubent
333 654 523 741 (eaecutiunt
538 655 658 743 enim),
678 654 818 720 invenire
834 681 908 724 veae
923 681 1007 724 uuu-

1 792 71 834 ¹um
93 775 234 856 possunt.
259 762 486 853 blasphemant
501 763 588 829 enim
607 763 843 840 fabricatorem,
864 765 927 834 hoc
945 780 1006 843 est,

4 903 50 943 m
70 877 126 965 qui
145 886 192 942 est
209 897 282 940 vere
298 873 395 949 Deus,
416 873 520 960 quiet
538 882 665 961 praestut
682 873 838 948 invenire;
862 888 1007 964 putantes

1 994 2 1027 ³
19 1007 123 1074 super
137 983 241 1049 Deum
252 980 387 1046 alterum
399 981 554 1047 invenisse
569 981 685 1056 Deum,
701 980 750 1046 vel
762 982 893 1050 alteram
908 984 1008 1052 Pleni·

1 1094 135 1168 'rlinem,
147 1089 196 1158 vel
212 1089 344 1158 alteram
356 1090 603 1178 dispositionem.
624 1089 826 1180 Quapropter
840 1105 873 1158 et
887 1093 1007 1174 lumen,

2 1203 64 1266 -od
78 1213 126 1266 est
140 1223 157 1265 a
172 1199 253 1276 Dee,
273 1221 337 1265 uon
352 1196 439 1265 lucet
458 1199 516 1275 eis,
533 1197 682 1285 quoniam
697 1197 963 1270 inhonoraverunt
979 1219 1012 1271 et

1 1327 2 1351 ²
29 1320 165 1374 everunt
192 1308 308 1382 Deum,
336 1305 504 1371 minimum
533 1304 722 1370 arbitrantes
748 1289 835 1382 eum,
864 1311 1010 1396 quoniam

1 1429 110 1508 ¹opter
131 1415 331 1482 dilectionem
351 1427 491 1481 suamet
514 1415 701 1481 immensam
719 1415 959 1506 benignitatem,
978 1424 1012 1492 iu

11 1531 173 1596 nitiouem
188 1529 273 1594 venit
287 1528 469 1594 homiuibus
489 1527 539 1614 (in
554 1527 749 1616 agnitionem
761 1540 868 1598 nutem
884 1555 948 1600 nou
960 1558 1011 1602 se.

14 1639 122 1705 ndum
134 1637 397 1726 magnitudinem,
414 1659 474 1703 uec
486 1636 663 1703 secundum
675 1636 900 1714 substantiam
918 1665 1013 1710 nemo

1 1790 4 1798 ·
17 1749 68 1814 im
83 1769 211 1812 mensus
223 1757 271 1812 est
282 1769 366 1822 eam,
378 1768 439 1813 nee
449 1743 601 1834 palpavit;
618 1746 674 1812 sed
686 1747 863 1814 secundum
874 1749 966 1829 illud,
979 1766 1013 1819 ut

13 1881 134 1924 remus
149 1856 299 1944 quoniam
317 1855 370 1945 qui
388 1855 463 1922 lecit
482 1866 514 1920 et
530 1853 708 1943 plasmavit,
723 1868 755 1922 et
769 1858 1013 1930 iusulllationem

1 1993 54 2036 2,ae
68 1965 237 2032 insufflavit
249 1966 281 2032 in
293 1967 350 2042 eis,
366 1976 400 2031 et
413 1989 472 2055 per
482 1966 697 2034 conditionem
712 1967 812 2034 nutrit
826 1993 897 2048 nos,
908 1972 1014 2042 Verbo

8 2101 41 2142 -ο
67 2073 272 2150 consumans,
293 2088 326 2140 et
345 2074 505 2164 Sapientia
527 2075 732 2165 compingens
753 2079 872 2156 omnia,
892 2080 946 2150 bie
967 2096 1015 2152 est

8 2187 36 2253 ai
54 2196 102 2252 est
121 2183 205 2250 selus
219 2207 311 2251 verus
323 2185 426 2275 Deus)
442 2209 449 2251 ι
463 2206 537 2252 eum
548 2208 623 2252 vero
640 2186 695 2273 qui
710 2209 774 2252 non
786 2198 846 2266 est,
858 2193 1014 2263 somnian-

9 2320 25 2362 s
50 2315 146 2382 super
166 2293 266 2368 bunc,
288 2303 324 2360 ut
342 2315 493 2384 magnum
514 2294 617 2361 Deum
635 2303 788 2384 putentur
805 2297 1013 2382 adinvenisse,

7 2427 81 2470 aem
103 2423 198 2468 nemo
218 2401 317 2491 pessit
337 2425 528 2492 cognoscere
548 2403 688 2470 humane
706 2405 814 2492 generi
834 2412 1016 2478 eommuni-

1 2522 124 2601 ἱῃῑθιη,
140 2532 201 2575 nec
216 2519 340 2574 terrena
355 2509 642 2581 administrantem
661 2509 790 2598 Epicuri
802 2511 948 2581 videlieet
969 2518 1015 2584 in-

1 2617 146 2690 nientea
164 2619 280 2694 Deum,
300 2640 404 2706 neque
423 2618 483 2684 sibi
510 2640 615 2706 nequa
633 2615 701 2682 aliis
725 2617 845 2707 aliquid
862 2636 1015 2711 praestan.

1 2751 64 2804 m,
80 2727 184 2802 idest,
200 2725 316 2792 nullius
330 2724 562 2814 providentiam
578 2726 760 2792 habentem

5 2835 261 2907 Providentiam
277 2833 397 2900 nutem¹
412 2833 510 2900 babet
525 2833 629 2899 Deum
646 2834 801 2909 omnium,
814 2850 943 2927 propter
953 2840 1016 2911 hee

9 2943 202 3014 ¹consilium
218 2944 293 3009 dat.
312 2940 480 3008 consilium
494 2949 601 3006 autem
619 2940 697 3007 dana
716 2941 806 3007 adeat
818 2944 868 3011 his
883 2950 937 3034 qui
951 2973 1017 3020 me·

2 3078 61 3124 rm
82 3052 313 3141 providentiam
326 3049 455 3116 habeut.
474 3048 608 3115 Necesse
623 3062 670 3115 est
685 3050 781 3139 igitur
798 3075 835 3118 aa
851 3079 921 3142 quae
941 3085 1018 3151 pro.

1 3140 138 3281 {dentur
159 3169 191 3223 et
214 3159 442 3248 gubernantur,
469 3178 660 3246 cognoscere
685 3182 779 3226 snum
800 3160 1014 3238 directorem.

8 3294 61 3336 uae
79 3265 233 3374 quidem
225 3289 289 3332 non
308 3277 382 3331 sunt
399 3264 637 3342 irrationabilia,
658 3291 761 3357 neque
778 3294 869 3352 vana,
888 3278 944 3344 sed
958 3279 1019 3348 ba

4 3392 70 3448 ent
86 3355 321 3444 sensibilitatem
330 3388 514 3467 perceptam
526 3376 566 3444 de
580 3378 776 3467 providentia
788 3383 856 3450 Dei.
876 3387 916 3452 Et
925 3413 1019 3483 prop-

5 3515 38 3558 ar
56 3489 119 3555 hoc
134 3485 342 3554 Ethuicornm
353 3485 494 3574 quidam,
511 3488 565 3576 qui
576 3488 681 3555 minus
692 3488 848 3562 illecebris
862 3519 901 3564 ac
911 3500 1019 3594 velup-

3 3601 108 3668 atibus
123 3596 308 3674 servierunt,
322 3609 354 3662 et
369 3620 434 3664 non
449 3599 617 3665 intantum
629 3603 849 3689 superstitione
861 3607 1018 3684 idolorum

3 3706 163 3778 oubducti
174 3719 260 3785 sunt,
273 3705 512 3797 providentia
483 3733 552 3798 ejus
563 3710 654 3786 moti,
667 3709 740 3778 lieet
751 3717 900 3796 tenuiter,
914 3733 1019 3794 tamen

2 3817 136 3888 :onversi
155 3831 228 3884 suut
250 3829 287 3885 ut
301 3819 442 3892 dicerem
456 3818 678 3892 fabricatorem
696 3819 791 3914 hujus
811 3827 1019 3902 universitatis

27 3951 35 3983 ¹
47 3951 111 4014 Cap.
124 3965 180 4000 nv.
