2630 4614
331 233 467 276 arcario
491 231 547 274 rso
572 229 776 276 caesarianis.
1027 229 1063 292 7¹

46 340 184 428 ingenito
205 350 238 404 et
258 349 377 404 aeterno
395 348 428 402 et
445 337 503 402 sibi
523 359 645 424 semper
660 335 817 404 constanti
835 335 1073 422 adaequabimus

44 449 124 514 Deo.
157 450 282 537 Jupiter
303 447 420 512 fervida
447 447 579 512 essentia
602 446 777 512 secundum
799 446 952 512 Stoicos:
985 445 1075 511 Juno

46 581 112 634 aar,
134 558 201 644 ipso
220 557 315 621 etiam
333 555 474 631 nomine,
495 555 519 619 si
539 555 641 643 ipsum
660 555 719 620 sibi
735 556 1021 643 superimponatur,
1039 554 1074 623 id

46 678 198 732 sonante:
222 666 385 753 Neptunus
403 675 506 751 potus.
528 665 604 728 Haec
620 675 726 728 autem
744 662 794 728 alii
810 663 900 728 aliter
918 663 957 728 ad
977 675 1073 726 natu-

47 797 116 838 ram
138 773 288 839 referunt.
315 773 453 852 Quidam
474 773 559 838 enim
583 795 689 838 aerem
709 771 889 847 biformem,
910 769 1073 838 masculo-

47 882 197 948 feminam
219 880 378 970 appellant
402 881 543 948 Jovem:
573 881 624 946 alii
647 905 720 946 vero
743 894 972 970 tempestatem,
1001 903 1071 968 quae

46 1005 170 1081 tempus
200 1004 339 1065 serenat;
365 991 447 1057 unde
470 991 553 1056 solus
576 991 751 1058 Saturnum
774 990 892 1079 effugit.
923 991 971 1058 Ac
997 1013 1071 1056 cum

47 1101 163 1167 Stoicis
183 1096 311 1188 ‹juidem
332 1103 373 1166 ita
393 1099 467 1168 licet
487 1101 664 1189 disputare:
687 1100 720 1165 Si
738 1124 837 1165 unum
852 1099 941 1165 illum
956 1101 1079 1174 Deum,

48 1212 101 1297 qui
122 1233 285 1299 supremus
304 1223 336 1275 et
355 1211 562 1297 sempiternus
582 1223 614 1274 et
633 1210 789 1300 ingenitus
806 1221 865 1282 est,
885 1209 1070 1306 agnoscitisr

47 1321 180 1385 totidem
202 1332 308 1385 autem
332 1342 463 1408 corpora
484 1342 690 1386 concrescere
712 1332 789 1406 quot
811 1317 950 1385 materiae
972 1330 1072 1384 muta·

49 1430 150 1496 tiones
168 1429 260 1505 fiunt,
282 1451 320 1495 ac
338 1430 482 1517 spiritum
502 1419 573 1505 Dei,
594 1429 646 1516 qui
666 1429 829 1493 materiam
845 1426 1000 1516 pervadit,
1014 1451 1074 1516 pro

48 1537 141 1602 variis
164 1539 232 1624 ejus
254 1537 482 1602 mutationibus
504 1537 590 1603 aliud
612 1549 708 1624 atque
730 1536 816 1602 aliud
834 1559 952 1603 nomeu
970 1536 1084 1602 sortiri«r

48 1647 151 1712 dicitis
158 1671 170 1720 ;=
183 1669 298 1735 corpus
310 1648 438 1734 quidem
449 1648 508 1712 Dei
520 1648 639 1736 species
651 1647 791 1712 muteriae
800 1645 878 1712 fient
892 1669 901 1712 t
917 1645 1074 1712 intereun-

49 1754 134 1818 tibus
153 1765 259 1816 autem
280 1753 312 1818 in
333 1753 579 1844 conflagratione
600 1751 776 1827 elementis,
797 1773 926 1817 necesse
944 1761 993 1815 est
1012 1773 1074 1818 una

49 1883 124 1924 curn
147 1860 311 1947 speciebus
332 1860 460 1925 nomina
484 1860 623 1935 interire,
649 1859 716 1924 solo
738 1872 943 1949 permanente
964 1859 1075 1946 spiritu

49 1967 119 2032 Dei.
140 1969 286 2046 Quorum
301 1969 396 2057 igitur
411 1991 581 2057 corporum
595 1969 770 2038 secundum
784 1971 948 2036 materiam
962 1969 1076 2036 immu-

51 2077 141 2152 tatio,
159 2077 319 2165 corruptio
334 2091 393 2154 est,
410 2103 446 2144 ea
463 2079 538 2144 deos
553 2101 620 2146 asse
632 2080 701 2166 quis
712 2079 843 2146 credat?
859 2079 955 2158 Quod
968 2092 1083 2146 autem,

49 2182 91 2246 ad
105 2207 160 2247 eos
175 2196 295 2272 spectat
313 2187 367 2273 qui
388 2185 560 2250 Saturnum
578 2197 703 2273 tempus
721 2209 790 2252 esse
812 2187 934 2262 dicunt,
953 2187 1074 2252 Rheam

49 2304 157 2361 autem
177 2304 309 2366 terram;
332 2305 426 2382 atque
445 2296 528 2360 hanc
547 2295 675 2381 quidem
694 2319 733 2360 ex
751 2295 887 2360 Saturno
907 2297 1085 2383 concipere·

50 2413 82 2465 et
103 2425 225 2489 parcre,
249 2405 333 2467 unde
353 2405 448 2468 etiam
471 2404 613 2470 omnium
634 2417 736 2469 mater
757 2405 965 2481 existimatur,
987 2406 1074 2472 hunc

51 2521 158 2576 autem
177 2512 303 2600 gignere
325 2524 357 2576 et
371 2514 474 2600 genita
491 2513 657 2585 devorare;
679 2513 816 2579 virilium
835 2527 942 2580 autem
962 2517 1076 2580 abscis-

50 2619 170 2688 sionem
192 2620 269 2686 niiril
291 2620 475 2695 aliudesse,
498 2640 592 2707 quam
613 2623 670 2686 viri
692 2645 767 2687 cum
789 2623 921 2688 muliere
941 2624 1073 2697 coitum,

50 2752 114 2816 quo
130 2727 225 2794 veluti
240 2743 359 2796 resecta
371 2755 389 2796 e
400 2731 459 2796 viri
475 2754 607 2819 corpore
619 2732 762 2819 genitura
774 2732 809 2795 in
819 2740 944 2795 uterum
961 2730 1075 2796 demit·
1186 2811 1190 2822 Ι

51 2838 139 2912 titur,
156 2851 187 2902 et
202 2839 297 2902 homo
314 2840 364 2902 cui
380 2839 548 2926 cupiditas,
564 2839 597 2902 id
609 2851 656 2902 est
667 2837 787 2912 Venus,
804 2837 895 2901 insita
908 2850 967 2913 cst,
984 2862 1075 2925 gene-

52 2957 156 3019 ratur;
179 2947 321 3012 furorem,
340 2969 413 3011 vero
436 2947 563 3011 Saturni
583 2945 662 3032 nihii
685 2944 783 3018 aliud,
808 2967 903 3030 quam
923 2947 1074 3034 temporis

53 3055 260 3118 mutationem
275 3056 410 3119 animata
425 3065 457 3117 et
473 3054 643 3118 inanimata
660 3046 931 3139 corrumpentemr
954 3053 1074 3119 vincula
1182 3133 1184 3140 Ι

53 3173 87 3224 et
105 3172 257 3224 tartarum
278 3173 402 3248 tempus
423 3183 502 3236 esse,
524 3161 609 3248 quod
629 3160 865 3248 tempestatibus
883 3173 1025 3228 mutatur
1043 3176 1077 3228 et·

52 3271 232 3336 evanescitt
252 3272 296 3336 sic
310 3271 405 3360 igitur
419 3272 567 3338 adversus
582 3295 635 3336 eos
651 3271 880 3360 disceptamus:
900 3272 933 3337 Si
951 3284 1074 3359 tempus

54 3394 101 3447 est
116 3379 283 3454 Saturnus,
296 3393 436 3446 mutatur
445 3407 454 3455 ς
476 3382 501 3446 si
516 3393 696 3471 tempestas,
712 3383 859 3453 vestitum
883 3381 908 3448 si
922 3384 1074 3458 tenebrae,
1151 3425 1154 3430 .

53 3503 109 3554 aut
124 3513 283 3554 summum
299 3490 408 3578 frigus,
424 3502 479 3555 aut
493 3491 623 3558 humida
638 3503 762 3568 natura,
784 3490 862 3556 nihil
878 3491 992 3556 horam
1007 3515 1076 3579 per·

54 3609 170 3662 manet.
188 3596 273 3662 Deus
289 3609 394 3662 autam
405 3597 603 3672 immortalis,
619 3610 651 3664 et
665 3599 834 3664 immobilis
849 3612 881 3664 et
896 3599 1074 3664 immutabi-

53 3705 101 3770 tis.
118 3706 275 3784 Quocirca
286 3729 389 3794 neque
400 3705 568 3782 Saturnus,
581 3731 683 3795 neque
694 3708 763 3794 ejus
774 3705 977 3774 simulacrum
989 3709 1074 3774 Deus

53 3825 111 3880 est.
137 3815 231 3892 Quod
251 3828 358 3882 autem
379 3827 499 3904 spectat
518 3815 565 3880 ad.
581 3816 705 3891 iovem,
729 3818 753 3881 si
773 3818 798 3882 is
817 3830 864 3882 cst
881 3841 920 3882 cx
938 3805 1086 3888 saturno,
