2640 4622
247 287 395 330 nissocus
418 287 480 330 cuu
503 264 667 330 rirrsons
689 287 803 329 suono.
978 267 1040 353 57ss

10 391 26 443 Ι
42 386 155 452 cando
169 399 275 454 autem
290 412 329 454 ex
343 390 462 477 virgine
477 391 618 477 genitum
634 392 728 455 audio
742 391 904 464 Perseum,
920 391 953 454 id
967 417 1043 478 quo-

27 518 87 568 ue,
106 494 250 583 Trypho,
268 495 504 562 fraudulentum
515 497 701 584 Serpentem
717 498 874 562 imitatum
889 497 1038 586 intelligo.

51 599 176 665 LXXI.
197 602 262 666 Sed
283 603 413 666 minime
428 601 505 666 mihi
524 605 698 689 probantur
713 603 851 689 magistri
867 605 972 678 vestri,
989 603 1042 690 qui

0 709 215 795 eptuaginta
236 707 305 773 illos
326 731 415 775 senes
434 710 519 797 apud
540 708 745 774 Ptolemaeum
759 708 980 798 AEgyptiorum
997 731 1043 774 re-

8 835 87 893 em
103 824 192 877 recte
207 812 428 902 interpretatos
447 837 515 878 esse
536 815 679 880 assentiri
703 815 826 889 nolunt,
848 816 903 880 sed
918 816 976 903 ipsi
993 817 1043 881 in·

2 919 185 1006 terpretari
201 921 434 1008 aggrediuntur.
450 920 558 1008 Neque
569 921 649 986 illud
659 923 755 986 etiam
766 921 852 986 vohis
864 923 1042 1010 ignoratum

3 1022 124 1097 velim,
146 1022 317 1110 permultas
344 1024 539 1111 Scripturas,
563 1048 603 1090 es
627 1026 741 1112 quihus
766 1027 927 1114 perspicua
956 1030 1043 1094 hunc

3 1130 132 1216 ipsum,
158 1129 211 1214 qui
233 1130 320 1196 cruci
343 1129 452 1194 affixus
470 1128 547 1204 luit,
571 1142 603 1195 et
623 1131 739 1206 Deum,
760 1145 793 1198 et
813 1135 990 1210 hominem,
1009 1147 1042 1199 et

4 1233 216 1309 crucifixum,
233 1246 266 1300 et
281 1235 470 1300 morientem
486 1237 691 1322 praedicatum
713 1261 780 1302 esse
797 1239 1041 1314 demonstratur,

4 1343 146 1406 omnino
161 1343 201 1406 ab
218 1341 262 1406 eis
280 1364 319 1408 ex
337 1340 391 1406 illa
402 1342 658 1430 interpretatione
669 1366 766 1430 quam
777 1367 867 1409 senes
879 1347 963 1432 apud
974 1346 1044 1410 Pto-

10 1447 166 1512 lemaeum
181 1449 387 1522 adornarunt,
405 1448 522 1514 deletas
534 1449 639 1514 luisse.
659 1451 745 1528 Quas
760 1452 832 1537 quia
845 1451 910 1516 scio
926 1453 966 1515 ab
979 1473 1045 1515 om-

14 1553 115 1618 nibus
138 1554 234 1618 vestri
253 1554 376 1640 generis
391 1553 572 1620 hominihus
589 1557 709 1642 negari,
726 1557 757 1620 in
773 1557 930 1643 ejusmodi
942 1580 1044 1642 quaes-

10 1659 120 1724 tiones
144 1683 208 1724 non
231 1659 373 1734 delabor,
397 1661 506 1724 sedin
532 1683 583 1725 eas
607 1674 771 1747 quaesunt
797 1685 836 1726 ex
854 1661 908 1726 illo
930 1685 1043 1748 genere

9 1765 216 1852 quodadhuc
225 1787 242 1827 a
251 1765 338 1829 vobis
352 1773 455 1828 'rutum
468 1765 616 1840 hahetur,
628 1766 898 1852 investigationem
911 1767 1044 1852 dirigere

9 1869 192 1957 aggredior.
216 1869 296 1936 Nem
318 1893 532 1956 quascumque
555 1872 642 1936 vobis
663 1861 771 1944 attuli,'
786 1893 839 1936 eas
856 1873 1040 1959 agnoscitis:

11 1977 76 2041 nisi
87 1977 175 2063 quod
186 1976 225 2042 de
237 1975 288 2042 illa
301 1998 391 2050 voce,
407 1977 489 2041 Ecce
498 1979 595 2068 uirgo
605 1981 643 2042 in
656 1995 746 2044 utero
755 1978 942 2064 concipiet¹,
957 1978 1044 2044 litem

13 2083 171 2156 movistis,
192 2083 235 2146 ita
260 2081 380 2147 dictum
397 2105 465 2146 esse
479 2095 664 2158 asserentes,
684 2085 794 2148 «Ecce
809 2082 1041 2149 adolescentula

12 2221 26 2252 s
44 2193 77 2255 in
94 2201 185 2254 utero
202 2189 368 2275 concipiet.
387 2217 400 2250 s
417 2191 521 2276 Atque
536 2189 683 2275 equidem
698 2190 829 2278 promisi
845 2190 1041 2256 demonstra-

14 2311 125 2363 turum
135 2321 188 2364 me
202 2298 287 2362 hanc
298 2297 497 2384 prophetiam
509 2320 572 2363 uon
587 2299 619 2362 in
630 2298 812 2372 Ezechiam,
828 2309 861 2361 ut
877 2298 1039 2374 didicistis,

15 2405 72 2469 sed
86 2405 119 2470 iu
133 2426 242 2468 meum
256 2402 343 2466 hunc
358 2401 520 2468 Christum
537 2403 653 2470 dictam
665 2426 750 2475 esses
768 2426 838 2490 quas
849 2405 977 2492 quidem
989 2407 1041 2470 de·

15 2512 202 2578 monstratio
217 2512 282 2597 jum
295 2511 373 2576 mihi
388 2512 591 2576 instituenda.
804 2495 809 2502 ¹

59 2620 118 2684 Hic
134 2618 283 2706 Trypho:
298 2617 455 2706 Rogamus
471 2629 514 2691 te,
531 2618 646 2704 inquit,
662 2632 697 2682 ut
707 2620 794 2705 prius
804 2642 844 2684 ex
855 2620 1038 2706 Scripturis‚

16 2749 92 2813 quas
107 2726 231 2813 penitus
247 2722 364 2790 deletas
379 2723 472 2788 fuisse
493 2723 582 2798 dicis,
603 2723 769 2788 nonnullas
793 2724 904 2788 saltem
922 2725 954 2788 iu
972 2748 1040 2788 me-

17 2833 103 2897 dium
117 2832 268 2920 proferas.

59 2935 190 3000 LXXII.
209 2934 292 2998 Tum
305 2958 364 3022 ego
382 2958 389 2998 :
410 2935 451 2999 Ut
466 2936 555 3000 vobis
570 2934 686 3020 placet,
702 2935 744 2996 ita
760 2933 885 3007 seciam,
898 2934 1034 3018 inquam.

18 3045 65 3107 Ex
79 3043 127 3106 his
149 3042 256 3127 igitur,
273 3063 342 3125 quae
361 3041 475 3106 Esdras
490 3041 524 3104 in
545 3038 648 3126 legem
669 3039 709 3102 de
723 3037 874 3104 Paschate
889 3040 1039 3104 sancitam

20 3149 175 3222 disseruit,
193 3148 261 3214 hec
281 3151 485 3216 reciderunt:
505 3178 517 3210 a
535 3151 575 3214 Et
591 3150 668 3213 dixit
682 3149 796 3214 Esdras
810 3148 928 3235 populo
945 3173 953 3212 :
971 3151 1041 3214 Hoc

20 3254 166 3320 »Pascha
186 3253 320 3322 sdvator
340 3269 446 3324 noster
464 3269 558 3324 estet
579 3257 746 3346 pes-lugunt
768 3268 923 3320 nostrum.
950 3256 997 3322 Ac
1016 3256 1041 3320 si

21 3393 33 3426 s
49 3360 261 3428 intellexeritis
276 3372 308 3427 ct
330 3366 505 3430 ascenderit
520 3365 552 3428 in
567 3387 623 3430 cor
637 3375 773 3430 vestrum
787 3384 794 3426 :
810 3363 882 3448 quia
900 3362 1042 3426 futurum

21 3483 91 3536 »cst
108 3484 142 3536 ut
157 3493 232 3536 eum
247 3471 450 3550 humiliemus
466 3473 499 3538 iu
515 3473 622 3559 sign0;
645 3471 670 3536 si
686 3469 795 3536 saltem
813 3481 921 3556 postea
936 3491 1043 3556 spere·

23 3609 34 3638 a
50 3603 114 3644 mus
129 3579 162 3644 in
177 3602 264 3654 eum,
278 3602 342 3646 non
356 3580 549 3646 desolabitur
565 3577 653 3644 locus
669 3578 727 3654 iste
742 3576 775 3640 in
789 3599 884 3652 omne
894 3588 1038 3663 tempus:

23 3715 36 3750 s
51 3686 123 3752 dicit
135 3685 221 3752 Deus
236 3687 400 3752 virtutum.
417 3687 593 3754 sinautem
605 3709 669 3752 uon
681 3684 875 3756 credideritis
887 3685 927 3758 ei,
941 3707 1042 3770 neque

56 3812 136 3860 tussi.
154 3829 199 3870 cn,
214 3813 249 3869 il.
