2636 4648
187 195 251 274 eoa
509 219 623 266 saturi
646 218 760 266 rreum
783 219 846 266 err.
874 219 908 264 rr

188 322 270 400 Deo,
289 344 394 414 neque
413 345 510 414 super
523 327 709 418 magistrum
723 351 895 418 possumus
916 327 1028 416 osse),
1045 323 1105 392 sed
1125 335 1236 412 typum
1297 349 1298 376 r

188 453 341 520 quaerere.
361 433 444 502 Nihil
460 435 546 508 enim
561 437 699 504 otiosum
713 449 762 504 est
773 459 902 514 eorum,
916 457 1141 525 quaecumque
1157 434 1238 500 ime-
1297 431 1298 446 ³

190 541 342 611 ousebilia
357 543 457 632 posita
473 544 595 618 suntin
611 543 795 636 Scripturis.
814 541 1234 627 Quemadmodumetbot,

188 653 364 742 quiedurit
376 655 415 721 da
426 653 573 723 Sodomis
585 654 666 723 filies
677 679 843 746 suaeque}
856 667 1088 746 conceperunt
1099 653 1142 720 de
1154 665 1235 742 patre
1297 657 1298 668 ’

187 788 261 839 auo,
283 763 385 852 etqui
403 763 532 854 reliquit
553 766 587 830 in
608 763 809 834 circumfinio
832 789 969 834 uxorem
984 787 1086 832 suam
1106 775 1236 830 statuam

190 873 263 940 salis
275 873 418 962 usquein
433 874 626 942 hodiernum
642 875 737 942 diem
755 875 884 942 Etenim
897 875 960 943 Lot
974 898 1047 942 non
1064 897 1108 939 ex
1123 895 1182 938 sua
1193 896 1237 938 re

189 981 322 1059 luntate,
331 1007 436 1072 neque
447 1007 488 1050 ex
500 1007 558 1051 sua
573 985 831 1076 concupiscentie
841 984 1103 1072 carnali,neque
1115 1005 1238 1049 sensum

190 1115 294 1181 usquo
323 1093 551 1184 cogitationem
577 1093 761 1184 hujusmodi
790 1094 967 1184 accipiens,
999 1091 1238 1160 consummarit

190 1215 313 1293 typum.
334 1202 618 1283 Quemadmodum
629 1203 796 1296 Scriptum
810 1204 888 1272 dicit
903 1227 911 1269 ε
931 1231 946 1264 ι
960 1204 1003 1270 Et
1022 1203 1159 1270 intrarit
1174 1225 1236 1268 ma-

186 1315 267 1402 »jor
283 1325 370 1390 nuta,
394 1326 427 1380 et
446 1314 594 1383 dormivit
613 1338 688 1383 cum
706 1327 797 1405 patre
816 1338 874 1382 suo
892 1328 991 1384 nocte
1011 1313 1071 1380 illa
1092 1336 1102 1378 :
1124 1325 1159 1380 et
1175 1337 1233 1380 nor
1297 1369 1298 1372 ,

188 1425 308 1492 »reiut
327 1423 389 1492 Lot
407 1448 482 1493 oum
498 1426 651 1493 dormiret
672 1425 738 1503 illa,
760 1438 885 1497 etcum
903 1438 1059 1518 surgeret
1079 1424 1105 1490 ¹.
1126 1424 1233 1490 sEtir
1297 1439 1298 1444 ’

190 1536 315 1604 minora
330 1537 394 1605 hoo
409 1537 494 1604 idem
511 1555 520 1602 ε
541 1567 554 1600 ι
571 1539 612 1606 Et
627 1561 692 1606 non
710 1539 813 1615 scirit,
829 1537 945 1628 inquit,
963 1559 1046 1604 cum
1070 1537 1233 1604 dormisset
1297 1495 1298 1584 i

190 1670 341 1726 saecum,
358 1670 419 1716 neo
435 1670 510 1715 cum
521 1649 707 1716 surrexisset
723 1648 746 1715 ².
764 1675 778 1712 s
794 1649 962 1717 Nesciunte
976 1649 1082 1739 igitur
1096 1647 1231 1722 homine¹

189 1779 295 1848 neque
305 1756 427 1824 libidini
435 1757 805 1850 serviente,dispensatio
814 1757 1061 1848 perficiebatur,
1074 1780 1231 1848 perman
1297 1827 1298 1856 p

191 1865 262 1932 duae
277 1863 362 1942 fite.
378 1864 411 1931 id
426 1875 488 1941 est.
504 1863 575 1934 due
591 1888 770 1956 synagoge,
786 1868 826 1933 ab
845 1889 909 1932 uno
920 1877 953 1932 et
963 1865 1089 1932 eodem
1104 1867 1232 1955 petrein

191 1975 335 2045 sobolem
348 1975 507 2066 adoptatae
522 1975 785 2066 significabantur
798 1976 865 2043 sine
881 1975 987 2042 cernis
1003 1973 1156 2044 libidine.
1175 1975 1232 2042 bet

191 2087 279 2153 enim
290 2085 371 2152 alter
387 2096 456 2151 erat
466 2083 580 2175 aliquis
595 2085 650 2175 qui
666 2107 773 2151 semen
790 2082 883 2151 ritule
895 2083 1087 2152 etfiliorum
1098 2085 1231 2152 fructum

191 2205 297 2288 posset
313 2195 389 2260 dare
400 2195 458 2272 eis,
471 2191 742 2284 quemadmodum
752 2194 907 2284 scriptum
917 2206 987 2260 est:
1001 2221 1015 2256 s
1028 2194 1122 2261 Dixit
1132 2207 1230 2261 autem

190 2335 204 2372 s
219 2307 323 2397 major
336 2307 378 2371 ad
394 2307 552 2374 minorem
569 2331 578 2372 ε
595 2306 689 2374 Pater
703 2317 811 2373 noster
826 2307 933 2374 sanior
947 2319 1011 2385 est,
1024 2320 1059 2374 et
1075 2331 1175 2375 nemo
1188 2321 1228 2374 est

192 2427 449 2507 »superterram
470 2417 525 2504 qui
541 2415 639 2484 intret
652 2416 695 2484 ad
709 2440 780 2496 nos,
798 2428 832 2482 ut
851 2411 979 2508 opoitet
1001 2419 1095 2484 omni
1117 2429 1225 2484 terre:
1297 2495 1298 2512 χ

191 2525 654 2618 sreni‚potionemusputrem
664 2527 1227 2604 nostrumvino,etdormiamuscun

192 2661 270 2714 seo,
288 2647 323 2704 ut
338 2638 527 2706 suscitemus
543 2636 583 2704 de
594 2649 685 2728 patre
700 2646 809 2704 nostro
825 2661 934 2705 semen
949 2637 972 2704 ¹.
990 2667 1004 2702 s

235 2745 277 2815 11.
295 2745 360 2814 111ae
378 2747 509 2838 quidem
529 2745 601 2813 fitiae
621 2746 800 2814 secundum
821 2746 1064 2838 simplicitatem
1089 2762 1125 2816 et
1144 2749 1228 2816 inno-

192 2857 333 2926 centiam
348 2867 498 2946 putantes
514 2857 676 2924 universos
698 2854 844 2923 homines
857 2855 1000 2945 periisse,
1015 2857 1227 2949 {quemadmo

193 2968 271 3035 dum
288 2965 482 3042 Sodomitis,
507 2977 540 3035 et
559 2966 593 3032 in
611 2965 790 3033 universam
811 2979 930 3034 terram
951 2967 1158 3050 iracundiam
1177 2969 1226 3036 Dei

187 3075 425 3168 supervenisse,
436 3075 585 3144 dicebant
596 3075 675 3143 haee.
692 3074 897 3166 Quapropter
907 3077 1025 3167 etipse
1036 3079 1225 3148 excusabile

193 3199 280 3264 sunt,
292 3185 482 3253 arbitrantes
497 3209 531 3252 se
545 3183 627 3253 solas
642 3182 768 3254 relictos
784 3209 859 3252 oum
874 3199 964 3277 patre
976 3213 1036 3256 suo
1051 3191 1096 3258 ad
1108 3214 1225 3260 conae*

192 3299 351 3364 rationem
366 3296 489 3388 generis
504 3296 650 3374 humani.
665 3307 698 3363 et
713 3309 844 3387 propter
859 3297 921 3366 boe
940 3298 1226 3370 circumveniebant

191 3419 327 3497 patrem.
345 3405 407 3473 Per
428 3407 523 3474 rerba
544 3419 653 3474 autem
671 3427 783 3473 earum
801 3407 1054 3497 significabatur,
1074 3413 1225 3480 nemiuem
1297 3491 1298 3500 ἵ

191 3539 261 3584 esse
272 3515 409 3582 alterum
420 3515 475 3605 qui
487 3515 586 3604 possit
596 3514 735 3582 filiorum
746 3517 983 3606 generationem
995 3521 1113 3610 majori
1129 3534 1161 3588 et
1173 3523 1226 3588 mi-
1297 3503 1298 3508 ἵ

192 3626 262 3694 nori
278 3647 444 3715 synagogae
459 3637 622 3716 prestare,
639 3648 734 3715 quam
748 3624 876 3694 Patrem
888 3637 1046 3696 nostrum.
1068 3629 1225 3698 Peterru-
1297 3655 1298 3668 ¹

191 3747 257 3806 tom
273 3733 398 3824 generis
411 3732 542 3803 humani
561 3731 704 3802 Verbum
720 3733 800 3802 Deir
817 3734 1092 3822 quomadmodum
1112 3737 1224 3828 bioyses
1297 3763 1298 3818 r

226 3863 308 3917 ¹Gen.
322 3878 375 3927 ιιι,
385 3863 425 3914 33.
436 3891 468 3904 -
479 3863 563 3915 ²1ttd.
574 3863 612 3916 56.
625 3891 656 3904 -
667 3863 750 3916 ΗΜ.
762 3865 803 3926 br,
817 3864 860 3914 ba.
