2630 4614
307 258 441 302 racemo
465 257 521 299 nno
546 253 748 300 cunrsrmms.
998 235 1037 319 59

33 363 155 454 benigne
177 375 209 428 et
230 362 392 426 moderate
414 372 517 426 actam
537 383 775 449 consequemur.
801 357 886 423 Dixit
911 357 1038 444 quidem

31 471 112 536 Plato
131 471 268 537 Minoem
289 483 321 535 et
341 469 616 535 Rhadamanthum
638 471 706 556 jura
730 469 856 533 daturos
878 476 910 532 et
929 488 1038 554 poenus

31 578 215 665 irrogaturos
230 577 396 664 improhis;
415 599 472 641 nos
487 587 592 641 autem
603 577 697 641 etiam
708 577 733 640 si
748 575 847 640 hliuos
861 572 972 660 aliquis
984 585 1039 638 aut

28 684 280 750 Rhadamanthus
295 684 400 761 fuerit,
415 685 546 750 etiamsi
562 682 686 748 illorum
699 696 799 773 pater,
816 707 855 748 ne
870 681 959 747 illum
971 682 1037 769 qui-

30 793 99 858 dem
112 793 265 881 judicium
281 793 340 857 Dei
356 789 584 858 declinaturum
600 791 742 858 dicimus.
759 791 879 856 Deinde
894 813 969 856 vero
983 789 1036 876 qui

28 902 107 967 hanc
120 902 216 967 vitam
234 901 267 967 in
285 901 332 967 his
346 902 480 990 positam
497 912 621 990 putent,
639 899 885 966 «Manducemus
900 911 932 964 ct
945 899 1038 964 hiba-

28 1033 133 1085 »mus,
155 1033 224 1075 cras
245 1009 331 1074 enim
350 1007 585 1082 moriemur¹31s
605 1008 721 1095 quique
741 1019 876 1072 mortem
894 1005 1038 1095 gravissi-

27 1139 111 1181 mum
126 1138 271 1182 somnum
287 1128 319 1181 et
331 1114 517 1181 oblivionem
529 1099 775 1203 interpretantur
793 1112 1039 1199 (somnuaenim

27 1242 56 1289 et
66 1247 152 1289 mors
161 1223 323 1314 gemelli),
339 1225 359 1288 ii
371 1223 422 1312 pie
434 1223 772 1289 existimanturvivere.
792 1222 855 1290 Nos
870 1232 974 1285 autem
985 1221 1037 1309 qui

25 1331 105 1398 hanc
120 1331 213 1397 vitam
229 1333 326 1397 instar
338 1333 459 1398 minimi
475 1332 621 1420 ponderis
636 1332 805 1403 habemus;
830 1330 883 1416 qui
901 1329 962 1394 hac
975 1350 1037 1393 una

24 1464 58 1504 re
78 1440 117 1504 ud
130 1440 267 1505 futuram
281 1441 496 1528 perducimur,
517 1442 541 1506 si
556 1442 659 1507 Deum
674 1441 804 1528 ejusque
819 1437 962 1505 Verbum
983 1459 1038 1502 co-

23 1572 207 1637 gnoscamus
213 1574 222 1622 ;
242 1562 311 1614 tum
322 1571 392 1638 quae
403 1547 473 1614 Filii
486 1571 560 1614 eum
570 1548 662 1615 Patre
674 1549 760 1624 unio,
773 1571 842 1636 quae
853 1546 952 1612 Petris
966 1567 1038 1610 cum

23 1653 102 1719 Filio
120 1657 377 1732 communicatio,
398 1656 474 1743 quid
492 1656 639 1744 Spiritus,
660 1679 729 1745 quae
747 1657 845 1721 trium
862 1656 938 1720 unio
956 1652 1038 1718 etin

24 1763 141 1826 unitate
159 1763 331 1839 distinctio,
351 1765 500 1854 Spiritus,
520 1763 602 1840 Filii,
622 1764 736 1838 Patris;
761 1765 813 1851 qui
829 1775 1038 1852 exspectatam

22 1871 117 1934 vitam
136 1871 236 1936 multo
259 1895 353 1960 quam
372 1875 474 1938 verbis
494 1873 556 1939 dici
573 1875 682 1963 possit,
701 1874 948 1964 praestantiorem
970 1895 1037 1937 esse

22 1978 150 2052 scimus,
170 1979 195 2044 si
213 1981 283 2067 puri
302 1980 343 2044 ad
357 2003 427 2045 eam
443 1982 483 2045 ab
501 1982 586 2046 omni
606 1980 719 2046 delicto
734 1982 960 2069 perducamur;
984 1979 1037 2066 qui

20 2087 248 2152 humanitatem
265 2111 303 2154 eo
318 2089 532 2178 perducimus,
550 2102 585 2154 ut
601 2115 664 2156 non
680 2092 796 2156 amicos
811 2089 911 2155 solum
927 2087 1037 2178 diliga-

19 2217 112 2259 mus:
139 2195 207 2280 (αεὶ
228 2197 312 2262 enim
332 2197 469 2286 diligitis,
492 2200 605 2286 inquit,
627 2207 680 2265 eos'
697 2200 750 2286 qui
770 2222 824 2266 vos
842 2199 986 2287 diligunt,
1007 2213 1037 2263 ct

18 2315 194 2367 »mutuum
211 2304 290 2369 datis
313 2305 349 2369 iis
363 2307 417 2394 qui
433 2318 579 2370 mutuum
598 2307 685 2371 vobis
701 2307 790 2378 dant;
810 2329 904 2394 quam
918 2328 1035 2370 mereo

17 2409 120 2474 »dem
141 2409 383 2501 habebitne»)
405 2411 493 2489 tales,
515 2415 655 2502 inquam,
677 2437 751 2480 cum
770 2416 877 2489 simus,
900 2437 936 2480 ae
953 2415 1034 2503 ejus·

17 2518 105 2584 modi
126 2519 220 2584 vitam
239 2542 378 2609 agamus,
397 2545 437 2587 ne
457 2523 642 2588 damnemur
659 2523 692 2588 in
710 2523 845 2612 judici03
864 2524 916 2611 pic
931 2524 1034 2588 vivere

14 2649 80 2691 non
100 2627 336 2694 existimamur?
354 2631 428 2696 llaec
447 2631 541 2719 igitur
559 2654 652 2719 parra
672 2631 711 2696 de
730 2632 862 2719 magnis,
883 2643 915 2694 ct
933 2651 1032 2716 pauca

14 2735 55 2802 de
70 2735 190 2814 multis,
206 2762 246 2803 ne
260 2737 403 2827 pluribus
417 2741 505 2806 vohis
516 2741 744 2827 obstrepamus.
764 2739 843 2805 Num
858 2739 911 2824 qui
926 2736 987 2801 mel
1001 2749 1034 2801 et

12 2869 122 2910 serum
137 2845 225 2912 lactis
241 2847 414 2935 explorant,
431 2871 470 2912 ex
484 2861 572 2938 parte
586 2849 697 2937 exigua
713 2849 753 2912 de
767 2859 831 2912 tota
847 2868 882 2910 re
896 2869 935 2910 an
950 2848 1031 2910 hona

13 2954 54 3016 sit
70 2953 255 3039 dijudicant.

59 3058 151 3122 Xlll.
171 3058 235 3123 Sed
250 3063 320 3146 quia
334 3062 475 3150 plerique
490 3086 601 3130 eorum
616 3067 668 3153 qui
686 3088 742 3130 nos
762 3065 868 3130 atheos
887 3088 953 3130 esse
969 3065 1032 3131 cri-

11 3166 190 3241 minantur,
207 3189 281 3232 cum
295 3169 352 3234 Dei
364 3171 542 3258 cognitione
556 3195 596 3236 ne
611 3196 667 3261 per
681 3177 838 3238 somnium
850 3173 976 3261 quidem
988 3173 1032 3236 in·

9 3276 155 3353 formati,
165 3278 218 3343 scd
231 3279 324 3344 rudes
335 3293 366 3345 et
376 3282 476 3372 ignari
489 3283 676 3351 naturalium
684 3297 716 3350 et
726 3286 900 3350 divinarum
911 3307 1031 3358 rerum,

8 3385 165 3472 pietatem
187 3387 385 3456 victimarum
405 3415 515 3458 norma
540 3397 721 3471 metiantur,
744 3397 818 3462 vitio
839 3393 917 3460 illud
937 3395 1030 3459 etiam

8 3494 106 3560 nobis
119 3506 256 3573 vertunt,
269 3499 355 3588 quod
373 3525 436 3566 non
451 3503 577 3568 eosdem
592 3527 630 3570 ac
644 3505 783 3571 civitates
798 3505 879 3568 Deos
897 3526 1030 3592 cognos-

8 3625 140 3676 camus;
158 3617 308 3694 spectate,
322 3633 438 3696 quaeso,
452 3623 631 3701 utrumque,
644 3613 865 3702 Imperatores:
880 3635 917 3678 ac
929 3612 1028 3700 primo
1080 3683 1082 3688 ,

10 3711 145 3796 quidem
157 3737 214 3780 cur
227 3739 291 3782 non
306 3717 513 3786 immolemus.
529 3721 641 3809 Opiscx
652 3723 865 3790 universorum
876 3733 908 3787 ct
917 3743 1028 3809 parens

44 3839 53 3873 ¹
69 3841 136 3890 lsai·
146 3860 206 3905 xxia,
224 3847 259 3894 15.
272 3875 301 3884 -
315 3847 426 3898 ²hlatth.
440 3869 464 3911 v,
476 3852 516 3910 to.
