2674 4618
307 257 347 320 ts»
679 277 811 319 sarram
837 279 953 322 assrnrs

305 385 346 448 ita
369 393 404 446 ut
424 382 533 446 eadem
553 381 593 446 sit
615 384 791 446 communis
812 385 954 448 omnium
978 388 1145 472 genoratio.
1169 391 1293 468 Quamvis

304 500 410 554 autem
420 488 488 552 lraec
503 487 544 550 ita
559 510 593 550 sn
608 487 760 560 habeant,
775 500 847 552 sunt
859 499 966 554 tamen
978 491 1120 576 quaedam
1129 515 1291 584 eorumque

303 622 342 661 ex
357 596 484 662 materia
500 606 657 670 constant,
675 595 867 672 discrimina,
889 599 930 662 ita
946 609 982 662 ut
996 596 1082 664 aliud
1096 599 1246 686 pulchrius
1256 607 1287 673 t,

303 704 387 770 alind
402 726 474 768 vero
489 702 659 791 pulchrum
675 703 754 774 illud
768 707 909 792 quidem,
928 706 984 772 sed
999 711 1161 774 tamenab
1177 708 1231 774 alio
1242 715 1289 798 pd-

215 881 220 890 ,
304 813 426 878 clariore
441 822 633 899 superatum.
658 812 936 890 Quemadmodum
949 815 1036 880 enim
1050 817 1190 903 corporis
1205 823 1288 884 conti-

305 921 382 984 tutio
396 921 487 983 unius
498 930 545 983 est
560 918 778 1006 descriptionis
793 932 825 984 et
840 922 922 986 cirea
936 921 1015 986 illud
1027 936 1169 990 sensatur
1180 935 1291 992 meent

303 1053 408 1104 causa,
426 1029 481 1094 sed
497 1039 623 1102 tamena
637 1031 778 1116 quamvis
793 1029 861 1098 haee
875 1032 917 1095 ita
934 1056 967 1098 se
982 1033 1134 1110 habeant,
1155 1049 1222 1100 suot
1232 1061 1292 1124 qun

302 1141 376 1204 dnm
399 1140 490 1202 ineo
514 1138 670 1226 dignitatis
693 1139 885 1216 discrimina,
909 1153 1004 1227 atque
1027 1140 1113 1208 aliud
1136 1157 1184 1210 est
1202 1146 1291 1214 oculas.

302 1247 388 1312 alind
408 1258 456 1311 est
474 1246 570 1322 auris,
592 1245 677 1310 aliud
699 1246 884 1335 capillorum
905 1261 1033 1314 ornatus
1054 1262 1087 1315 et
1107 1252 1291 1320 intestinorum

302 1354 573 1442 medullarumque
593 1355 785 1431 distributio,
803 1379 842 1423 ao
861 1359 978 1423 ossium
997 1371 1030 1422 et
1048 1383 1216 1426 nervorum
1231 1387 1290 1428 cau-

302 1490 411 1556 pages;
434 1476 465 1529 et
481 1487 553 1530 cum
568 1464 653 1530 aliud
670 1467 711 1530 ab
727 1465 787 1530 alio
802 1467 938 1543 differat,
959 1492 1103 1534 summus
1121 1483 1171 1534 est
1190 1471 1291 1537 incon·

302 1575 389 1638 muni
405 1573 622 1638 distributione
635 1585 807 1638 concentus
820 1597 828 1637 τ
848 1574 989 1640 similiter
1000 1579 1141 1644 mundus
1153 1581 1291 1646 secundun

301 1682 439 1748 auctoris
454 1682 501 1746 sui
516 1691 704 1768 potestatem
719 1681 863 1768 quasdam
877 1681 1102 1769 splendidiora,
1119 1685 1246 1772 quaedam
1257 1687 1290 1749 lis

301 1789 460 1856 dissimilia
475 1790 652 1865 continens,
669 1788 863 1854 materialem
877 1791 1035 1879 spiritum,
1056 1793 1100 1856 ita
1117 1793 1287 1880 volenteopi·

300 1901 373 1976 fiee,
391 1899 520 1988 accepit.
539 1899 615 1964 Haec
630 1911 735 1963 autem
751 1897 929 1987 singulatim
950 1901 1130 1988 perspicere
1150 1915 1232 1990 potest
1247 1904 1286 1988 qui

300 2033 364 2076 non
380 2010 514 2096 superbe
530 2008 653 2096 despuit
671 2007 703 2072 in
720 2008 823 2072 divina
840 2008 967 2074 oracula
982 2031 1052 2096 quae
1072 2011 1164 2076 variis
1179 2011 1290 2098 tempori·

298 2121 358 2183 bus
379 2115 557 2204 consignata
578 2115 700 2190 litteris,
724 2117 879 2184 studiosos
899 2119 947 2182 sni
966 2119 1087 2184 amicos
1108 2119 1174 2184 Deo
1185 2143 1290 2208 pronos

299 2229 426 2295 faciunt.
444 2227 607 2292 Daemones
623 2227 716 2316 igitur
735 2226 793 2312 (ita
808 2226 893 2292 enim
911 2225 1094 2315 appellatis)
1109 2251 1175 2294 cora
1185 2251 1217 2292 ea
1229 2251 1285 2290 nra-

298 2339 374 2402 teria
387 2337 542 2424 compacti
554 2337 696 2412 luissent,
709 2347 741 2401 et
752 2337 894 2425 spiritum
906 2357 945 2400 ex
955 2359 993 2402 ea
1005 2337 1166 2408 traxissent,
1183 2337 1284 2400 intem-

298 2457 442 2536 perantes
456 2457 489 2510 et
502 2444 603 2534 gulosi
619 2458 797 2520 evaserunt,
817 2444 867 2510 alii
883 2446 1013 2534 quidem
1028 2447 1068 2514 ad
1078 2447 1228 2535 puriorem
1235 2467 1290 2508 ma-

297 2556 408 2620 teriam
423 2555 576 2629 conversi,
596 2553 648 2620 alii
666 2567 773 2620 autem
791 2552 931 2620 viliorem
950 2554 1113 2644 eligentes.
1133 2566 1168 2620 ot
1179 2555 1214 2620 ad
1227 2552 1287 2616 illins

297 2664 532 2732 similitudinem
547 2664 642 2728 vitam
657 2665 855 2730 instituentes
865 2661 886 2727 ¹.
907 2664 987 2730 Istos
1002 2665 1155 2740 adoratis,
1170 2661 1286 2730 adreci.

297 2777 395 2841 factos
414 2774 540 2862 quidem
555 2795 594 2838 ex
609 2773 752 2848 materia,
772 2772 864 2862 longe
882 2786 990 2840 autem
1004 2797 1022 2839 a
1038 2787 1128 2840 recto
1143 2773 1239 2840 ordine
1251 2793 1287 2834 re

296 2897 409 2951 motos.
429 2883 492 2948 Sua
507 2883 592 2948 enim
607 2883 748 2971 ipsorum
762 2881 896 2948 stultitia·
907 2883 949 2947 ad
960 2885 1087 2949 inanem
1100 2883 1221 2970 glorian
1231 2901 1285 2942 cou-

296 2995 387 3070 versi,
412 2994 575 3080 lraenisque
597 2992 746 3066 excussis,
769 2991 906 3056 latrones
928 2992 1099 3059 divinitatis
1121 2991 1194 3056 sieri
1209 2985 1285 3056 setall

295 3115 376 3168 sunt.
396 3103 619 3167 Universorum
629 3112 735 3164 autem
750 3099 902 3164 Dominus
918 3099 1039 3166 tamdiu
1055 3096 1192 3164 illudere
1205 3120 1247 3160 eos
1258 3093 1288 3154 si-

295 3210 350 3286 vit,
370 3197 445 3274 dum
458 3209 595 3273 mundus
609 3207 649 3272 ad
661 3206 757 3272 linem
768 3207 937 3294 perductus
951 3205 1157 3282 dissolvatur,
1172 3229 1208 3272 ac
1221 3203 1290 3290 judu

294 3319 449 3393 adveniat,
470 3328 502 3382 et
520 3317 711 3404 quicumque
730 3315 860 3400 perlecti
879 3314 936 3379 Dei
957 3315 1187 3402 cognitionem,
1205 3311 1287 3376 tieem

294 3427 487 3494 daemonibus
509 3424 691 3513 oppugnati,
715 3423 962 3511 concupiverim,
985 3423 1160 3510 perfectius
1185 3431 1288 3510 proptu

292 3538 462 3602 certamina
477 3535 690 3602 testimonium
706 3533 738 3596 in
754 3533 804 3596 die
819 3532 927 3619 judicii
943 3547 1191 3620 consequantur.
1214 3527 1290 3617 Spin'-

325 3675 334 3708 ¹
346 3677 466 3724 Tattenos
476 3677 515 3723 hle
525 3673 666 3732 contendit,
678 3673 779 3738 angelos
788 3675 892 3722 materia
904 3681 1016 3722 constare
1027 3681 1053 3722 et
1066 3675 1166 3738 spiritu,
1180 3673 1231 3718 irae
1243 3669 1285 3714 trae

290 3751 403 3812 spiritum
415 3749 509 3796 extrahi
524 3765 536 3795 a
549 3749 667 3804 rnnteria3
683 3747 744 3794 item
756 3747 879 3808 supplicia
890 3746 1030 3792 daemonum
1045 3746 1076 3793 ad
1088 3754 1228 3793 extremum
1242 3739 1291 3784 diro

289 3822 375 3887 judicii
386 3821 488 3870 dillcrri.
503 3821 568 3869 ltenr
579 3822 688 3868 animam
702 3821 836 3868 liumanam
848 3817 1001 3866 materialem
1011 3834 1064 3866 esse
1075 3817 1192 3865 arbitrari
1202 3811 1285 3860 videtur

288 3897 360 3942 Circa
368 3895 423 3941 huc
438 3903 542 3957 quatuor
551 3896 633 3957 capitu
643 3911 735 3944 errasse
744 3893 867 3942 catholiea
878 3893 992 3940 doctrina
1004 3891 1087 3940 docet.
