2516 4636
240 387 303 476 590
555 409 668 455 sanari
692 409 893 455 rannerus.
924 411 964 454 ιιι

281 517 439 584 ceterum
453 539 645 606 supervacua
660 527 707 583 est
721 518 753 584 in
764 517 900 584 blariam
914 517 1095 584 descensio
1105 521 1180 606 ejus
1193 517 1235 596 ρι’

236 629 322 696 onim
337 629 369 696 in
384 651 454 694 eam
466 627 690 706 descendebat,
703 629 729 694 ai
741 627 820 696 nihil
831 629 1025 718 incipiebat
1038 653 1162 695 sumere
1174 631 1206 694 ab
1215 655 1247 692 a*

238 737 303 805 Aut
317 739 342 802 si
354 735 431 802 nibil
449 721 633 826 sunlpsisset
647 761 685 803 ex
699 736 809 813 Maria,
821 761 1001 826 nunquam
1018 713 1157 827 eas'quae
1169 763 1185 802 a
1200 753 1246 800 tar.

238 857 327 912 erant
338 845 531 934 percepisset
546 869 645 922 escas,
658 870 715 935 per
732 869 810 934 quas
829 845 861 911 id
874 846 970 935 quod
982 871 1003 911 a
1023 860 1117 915 terra
1132 863 1246 936 sumpte

236 965 284 1021 est
306 955 445 1022 nutritur
464 979 603 1048 eorpus:
623 979 683 1022 nee
698 955 906 1044 quadraginta
924 957 1069 1034 diebus,
1091 959 1247 1047 quemams

234 1063 311 1128 dum
325 1061 450 1152 Moyses
465 1063 624 1140 etflelias,
637 1063 783 1153 jejunans
796 1066 953 1130 esurisset
968 1089 1098 1155 corpus
1110 1069 1187 1156 ejus.
1198 1091 1246 1130 aas:

233 1195 377 1261 quaerens
397 1195 503 1240 escam
525 1195 534 1237 ε
558 1171 613 1238 sed
633 1195 694 1240 nec
714 1171 854 1238 loannes
878 1173 1075 1263 discipulus
1098 1179 1169 1266 ejus
1186 1178 1239 1241 ds·

232 1283 374 1350 scribens
390 1281 517 1348 dixisset
533 1305 541 1346 ι
560 1281 681 1348 adesus
696 1293 803 1348 autem
821 1281 981 1370 fatigatus
1006 1287 1046 1352 in
1067 1287 1181 1352 itinere
1195 1286 1243 1350 ses·

232 1389 349 1466 »bat¹;
368 1399 456 1458 »nec
470 1389 573 1457 David
594 1388 825 1481 praeelamasset
843 1391 877 1457 in
892 1415 979 1458 eum
997 1417 1008 1457 r
1028 1419 1046 1455 a
1064 1397 1109 1462 Et
1125 1397 1230 1485 superi

233 1530 247 1563 ι
261 1497 361 1567 loram
374 1499 541 1566 vulnerum
553 1522 698 1566 meorum
709 1500 965 1588 apposuerunt²3
982 1527 1081 1571 nnec
1092 1504 1236 1593 laerpuas
1256 1502 1257 1505 '

233 1633 328 1701 super
343 1609 511 1686 Lazarum3
530 1633 591 1677 nec
614 1609 756 1676 sudasset
770 1608 881 1698 globos
904 1615 1109 1702 sanguinis;
1128 1616 1236 1681 nard,
1255 1592 1257 1633 ³

233 1735 280 1788 set
298 1745 306 1786 ε
322 1719 460 1787 «Tristis
474 1730 522 1786 est
537 1721 641 1786 anima
656 1718 762 1794 mea⁸;
781 1747 795 1782 ι
808 1743 870 1786 nee
880 1745 1052 1810 percusso
1066 1724 1167 1792 latere
1176 1727 1233 1790 ruer

231 1831 358 1922 sanguis
373 1841 405 1896 et
421 1853 512 1920 aqua.
531 1831 607 1897 Haee
621 1831 707 1897 enim
721 1831 825 1896 omnia
841 1829 931 1921 signa
949 1836 1072 1901 carnis
1085 1861 1156 1925 quaa
1168 1859 1183 1900 a
1196 1851 1230 1898 ter

232 1953 358 2032 sumpta
372 1953 434 2019 est,
446 1965 542 2032 quam
557 1942 590 2010 in
604 1965 637 2008 se
653 1939 876 2032 recapitulatus
890 1953 955 2020 est,'
973 1968 1084 2012 suum
1099 1947 1201 2038 plasea
1208 1970 1230 2008 a·

230 2075 315 2118 vaus.

272 2161 407 2252 Propter
426 2159 489 2230 hoe
508 2159 609 2229 Lucas
631 2160 846 2252 genealogiam
864 2184 934 2251 quae
961 2175 1017 2228 est
1034 2187 1055 2228 a
1081 2163 1228 2256 generum

228 2269 356 2336 Domini
376 2272 475 2337 nostri
496 2295 596 2360 usque
618 2271 657 2338 ad
679 2271 793 2349 Adam,
812 2271 1019 2361 septuaginta
1049 2275 1133 2343 duas
1151 2296 1224 2366 gemt

229 2379 330 2444 tiones
345 2377 463 2447 babere
478 2381 652 2458 ostendit⁴3
671 2381 769 2450 linem
783 2385 985 2474 conjungens
1005 2385 1122 2464 initio,
1139 2400 1166 2452 et
1181 2405 1221 2449 :er

228 2487 328 2556 srcaus
345 2489 495 2580 quoniam
512 2489 579 2580 ipse
592 2503 640 2557 est
655 2491 710 2580 qui
725 2515 834 2560 omnes
847 2504 959 2582 gentes
977 2497 1107 2564 exinde
1120 2500 1158 2562 ab
1169 2495 1225 2562 lm

228 2599 396 2689 dispersas,
412 2611 445 2665 et
460 2599 621 2666 universas
636 2599 770 2692 linguas,
789 2613 821 2668 et
839 2603 1094 2690 generationem
1112 2607 1229 2672 hom

228 2733 303 2776 cum
320 2711 388 2799 ipso
408 2708 511 2775 Adam
526 2709 558 2775 iu
574 2711 743 2800 semetipso
761 2709 989 2800 recapitulatas
1006 2728 1075 2780 est.
1100 2715 1164 2780 tter
1175 2723 1219 2772 Μ

228 2817 326 2885 Paulo
344 2835 437 2910 typus
450 2817 578 2906 [ιιιιιιίί
596 2819 700 2886 dictus
722 2832 770 2887 est
784 2821 851 2909 ipse
865 2821 968 2886 Adam
989 2845 998 2886 ε
1019 2825 1153 2912 quonum
1161 2819 1227 2882 latu

229 2953 298 2994 ram
313 2929 397 2996 circa
413 2925 530 2994 Filium
544 2927 604 2992 Dei
619 2927 749 2994 humani
769 2929 892 3016 generis
908 2929 1188 3016 dispositionem'm
1203 2949 1231 2992 a*

228 3037 398 3126 metipsum
410 3033 579 3102 fabricator
590 3035 734 3100 omnium
746 3033 887 3104 Verbum
903 3035 1231 3128 prelormareratprr

227 3145 384 3213 formante
399 3145 467 3212 Deo
482 3145 621 3234 primum
639 3143 808 3212 animalem
823 3145 1001 3224 homiuem,
1019 3153 1173 3222 videlicet
1189 3163 1229 3214 u2

227 3253 380 3346 spirituali
395 3251 577 3320 salvaretur.
594 3253 676 3322 Cum
687 3256 774 3322 euim
789 3257 1003 3346 praeexisteret
1024 3260 1167 3338 salvans,
1178 3283 1233 3351 opu·

226 3369 313 3432 tebet
327 3377 360 3432 et
375 3364 461 3452 quod
476 3361 649 3431 salvaretur
659 3365 741 3442 lieri,
754 3367 800 3433 uti
812 3389 875 3434 non
887 3390 1027 3435 vacuum
1040 3373 1084 3438 sit
1095 3373 1217 3440 salvans

271 3473 511 3564 Consequentur
525 3487 632 3541 autam
645 3488 678 3542 et
693 3475 789 3542 Maria
808 3477 895 3568 virgo
914 3479 1072 3548 obediens
1093 3483 1237 3550 invenitur.

228 3583 360 3652 dicens:
379 3585 489 3651 «Eece
511 3583 624 3652 ancille
640 3597 707 3663 tua,
732 3586 880 3663 Domine,
900 3585 957 3653 liat
978 3589 1063 3657 milri
1087 3594 1240 3661 secundun

226 3723 240 3756 s
255 3695 387 3762 verbum
398 3706 490 3761 tuum
498 3693 519 3760 ⁸.
534 3696 621 3763 »Eva
632 3719 707 3762 vero
719 3696 920 3766 inobediens:
930 3721 995 3764 non
1007 3701 1158 3770 obedivit
1167 3703 1239 3770 auin.

225 3795 337 3868 adhue
347 3824 422 3870 cum
436 3815 518 3869 essct
530 3803 626 3894 virgo.
643 3805 923 3884 Quemadmodum
939 3805 992 3874 illa
1009 3811 1121 3880 virum
1137 3813 1240 3904 quidm

259 3946 352 3998 ¹Joan.
368 3965 403 4010 rr,
412 3949 436 4000 6.
447 3978 479 3990 -
489 3949 500 3985 ¹
509 3949 573 4001 Paal.
587 3969 673 4012 ιιιιιι,
687 3971 725 4020 ²7·
739 3983 769 3994 -
781 3955 790 3990 ³
802 3955 891 4008 Matth.
903 3973 972 4019 xxvi,
983 3957 1026 4010 38.
1040 3963 1097 4000 ..t
1111 3965 1172 4016 Luc.
1184 3960 1240 4025 usai

225 4042 333 4098 etseqq.
346 4061 376 4074 -
389 4035 398 4068 ⁵
410 4035 483 4086 Rom.
497 4055 522 4096 x,
534 4039 571 4096 14.
585 4067 614 4077 -
625 4039 701 4091 ttae.
717 4061 735 4102 ι,
746 4043 783 4090 58.
