<?xml version="1.0" encoding="UTF-8"?>
<!DOCTYPE html PUBLIC "-//W3C//DTD XHTML 1.0 Transitional//EN"
    "http://www.w3.org/TR/xhtml1/DTD/xhtml1-transitional.dtd">
<html xmlns="http://www.w3.org/1999/xhtml" xml:lang="en" lang="en">
 <head>
  <title>
</title>
<meta http-equiv="Content-Type" content="text/html;charset=utf-8" />
  <meta name='ocr-system' content='tesseract 3.04.00' />
  <meta name='ocr-capabilities' content='ocr_page ocr_carea ocr_par ocr_line ocrx_word'/>
</head>
<body>
  <div class='ocr_page' id='page_1' title='image "./collectioselect02guilgoog_0398.png"; bbox 0 0 2646 4596; ppageno 0'>
   <div class='ocr_carea' id='block_1_1' title="bbox 225 209 1013 302">
    <p class='ocr_par' dir='ltr' id='par_1_1' title="bbox 225 209 1013 302">
     <span class='ocr_line' id='line_1_1' title="bbox 225 209 1013 302; baseline -0.001 -22"><span class='ocrx_word' id='word_1_1' title='bbox 225 237 374 281; x_wconf 76' lang='lat' dir='ltr'>nrsaoeus</span> <span class='ocrx_word' id='word_1_2' title='bbox 398 235 460 279; x_wconf 80' lang='lat' dir='ltr'>cuu</span> <span class='ocrx_word' id='word_1_3' title='bbox 483 229 646 278; x_wconf 71' lang='lat' dir='ltr'>turonens</span> <span class='ocrx_word' id='word_1_4' title='bbox 667 235 781 278; x_wconf 79' lang='lat' dir='ltr'>sonno.</span> <span class='ocrx_word' id='word_1_5' title='bbox 952 209 1013 302; x_wconf 76' lang='lat'>597</span> 
     </span>
    </p>
   </div>
   <div class='ocr_carea' id='block_1_2' title="bbox 7 340 1026 1840">
    <p class='ocr_par' dir='ltr' id='par_1_2' title="bbox 7 340 1026 1840">
     <span class='ocr_line' id='line_1_2' title="bbox 7 340 1018 429; baseline -0.004 -17"><span class='ocrx_word' id='word_1_6' title='bbox 7 347 42 412; x_wconf 86' lang='lat' dir='ltr'>ita</span> <span class='ocrx_word' id='word_1_7' title='bbox 56 345 186 409; x_wconf 70' lang='lat' dir='ltr'>doerem</span> <span class='ocrx_word' id='word_1_8' title='bbox 201 343 368 410; x_wconf 80' lang='lat' dir='ltr'>induxerit</span> <span class='ocrx_word' id='word_1_9' title='bbox 388 341 540 429; x_wconf 75' lang='lat' dir='ltr'>Prneepit</span> <span class='ocrx_word' id='word_1_10' title='bbox 550 340 642 406; x_wconf 85' lang='lat' dir='ltr'>Jesus</span> <span class='ocrx_word' id='word_1_11' title='bbox 657 352 693 405; x_wconf 91' lang='lat' dir='ltr'>ut</span> <span class='ocrx_word' id='word_1_12' title='bbox 704 342 800 406; x_wconf 86' lang='lat' dir='ltr'>etiam</span> <span class='ocrx_word' id='word_1_13' title='bbox 815 341 957 408; x_wconf 91' lang='lat' dir='ltr'>inimicos</span> <span class='ocrx_word' id='word_1_14' title='bbox 969 343 1018 408; x_wconf 86' lang='lat' dir='ltr'>di-</span> 
     </span>
     <span class='ocr_line' id='line_1_3' title="bbox 8 447 1019 541; baseline 0.001 -25"><span class='ocrx_word' id='word_1_15' title='bbox 8 453 127 541; x_wconf 77' lang='lat' dir='ltr'><strong>ligamus</strong></span> <span class='ocrx_word' id='word_1_16' title='bbox 138 475 146 514; x_wconf 93' lang='lat'>:</span> <span class='ocrx_word' id='word_1_17' title='bbox 158 451 243 538; x_wconf 89' lang='lat' dir='ltr'>quod</span> <span class='ocrx_word' id='word_1_18' title='bbox 255 451 341 516; x_wconf 88' lang='lat' dir='ltr'>idem</span> <span class='ocrx_word' id='word_1_19' title='bbox 351 460 385 514; x_wconf 88' lang='lat' dir='ltr'>et</span> <span class='ocrx_word' id='word_1_20' title='bbox 395 451 435 515; x_wconf 78' lang='lat' dir='ltr'>ab</span> <span class='ocrx_word' id='word_1_21' title='bbox 447 449 536 514; x_wconf 80' lang='lat' dir='ltr'>Esaia</span> <span class='ocrx_word' id='word_1_22' title='bbox 548 449 753 537; x_wconf 74' lang='lat' dir='ltr'>praedicatum</span> <span class='ocrx_word' id='word_1_23' title='bbox 764 449 866 524; x_wconf 78' lang='lat' dir='ltr'>suerat</span> <span class='ocrx_word' id='word_1_24' title='bbox 876 447 1019 537; x_wconf 85' lang='lat' dir='ltr'>pluribus</span> 
     </span>
     <span class='ocr_line' id='line_1_4' title="bbox 9 553 1019 647; baseline -0.001 -23"><span class='ocrx_word' id='word_1_25' title='bbox 9 561 112 635; x_wconf 78' lang='lat' dir='ltr'>serbis,</span> <span class='ocrx_word' id='word_1_26' title='bbox 134 561 165 625; x_wconf 91' lang='lat' dir='ltr'>in</span> <span class='ocrx_word' id='word_1_27' title='bbox 182 561 297 647; x_wconf 84' lang='lat' dir='ltr'>quihus</span> <span class='ocrx_word' id='word_1_28' title='bbox 317 559 414 622; x_wconf 87' lang='lat' dir='ltr'>etiam</span> <span class='ocrx_word' id='word_1_29' title='bbox 434 567 548 622; x_wconf 83' lang='lat' dir='ltr'>nostrae</span> <span class='ocrx_word' id='word_1_30' title='bbox 570 556 813 645; x_wconf 78' lang='lat' dir='ltr'>regenerationis</span> <span class='ocrx_word' id='word_1_31' title='bbox 835 553 1019 644; x_wconf 85' lang='lat' dir='ltr'>mysterium</span> 
     </span>
     <span class='ocr_line' id='line_1_5' title="bbox 10 665 1020 755; baseline 0 -21"><span class='ocrx_word' id='word_1_32' title='bbox 10 671 190 744; x_wconf 70' lang='lat' dir='ltr'>continetur,</span> <span class='ocrx_word' id='word_1_33' title='bbox 208 691 245 734; x_wconf 88' lang='lat' dir='ltr'>ac</span> <span class='ocrx_word' id='word_1_34' title='bbox 259 669 404 734; x_wconf 91' lang='lat' dir='ltr'>omnium</span> <span class='ocrx_word' id='word_1_35' title='bbox 420 667 549 732; x_wconf 92' lang='lat' dir='ltr'>omnino</span> <span class='ocrx_word' id='word_1_36' title='bbox 566 668 620 755; x_wconf 90' lang='lat' dir='ltr'>qui</span> <span class='ocrx_word' id='word_1_37' title='bbox 639 665 799 731; x_wconf 80' lang='lat' dir='ltr'>Christum</span> <span class='ocrx_word' id='word_1_38' title='bbox 815 665 1020 754; x_wconf 73' lang='lat' dir='ltr'>ierosolymis</span> 
     </span>
     <span class='ocr_line' id='line_1_6' title="bbox 11 774 1020 866; baseline -0.001 -24"><span class='ocrx_word' id='word_1_39' title='bbox 11 781 108 842; x_wconf 79' lang='lat' dir='ltr'>risum</span> <span class='ocrx_word' id='word_1_40' title='bbox 120 779 162 842; x_wconf 90' lang='lat' dir='ltr'>iri</span> <span class='ocrx_word' id='word_1_41' title='bbox 171 787 354 866; x_wconf 84' lang='lat' dir='ltr'>exspectant,</span> <span class='ocrx_word' id='word_1_42' title='bbox 367 777 460 864; x_wconf 88' lang='lat' dir='ltr'>eique</span> <span class='ocrx_word' id='word_1_43' title='bbox 472 776 619 864; x_wconf 88' lang='lat' dir='ltr'>operibus</span> <span class='ocrx_word' id='word_1_44' title='bbox 631 774 755 863; x_wconf 85' lang='lat' dir='ltr'>plaeere</span> <span class='ocrx_word' id='word_1_45' title='bbox 767 775 902 841; x_wconf 86' lang='lat' dir='ltr'>student.</span> <span class='ocrx_word' id='word_1_46' title='bbox 916 775 1020 842; x_wconf 88' lang='lat' dir='ltr'>Verba</span> 
     </span>
     <span class='ocr_line' id='line_1_7' title="bbox 14 883 1021 974; baseline -0.001 -24"><span class='ocrx_word' id='word_1_47' title='bbox 14 889 109 950; x_wconf 78' lang='lat' dir='ltr'>Esaiae</span> <span class='ocrx_word' id='word_1_48' title='bbox 121 885 289 974; x_wconf 86' lang='lat' dir='ltr'>hujusmodi</span> <span class='ocrx_word' id='word_1_49' title='bbox 309 895 406 950; x_wconf 85' lang='lat' dir='ltr'>sunt:</span> <span class='ocrx_word' id='word_1_50' title='bbox 423 911 436 943; x_wconf 82' lang='grc' dir='ltr'>ι</span> <span class='ocrx_word' id='word_1_51' title='bbox 452 885 566 950; x_wconf 80' lang='lat' dir='ltr'>Audite</span> <span class='ocrx_word' id='word_1_52' title='bbox 582 885 714 949; x_wconf 84' lang='lat' dir='ltr'>verbum</span> <span class='ocrx_word' id='word_1_53' title='bbox 728 883 866 958; x_wconf 90' lang='lat' dir='ltr'>Domini,</span> <span class='ocrx_word' id='word_1_54' title='bbox 883 884 936 970; x_wconf 90' lang='lat' dir='ltr'>qui</span> <span class='ocrx_word' id='word_1_55' title='bbox 955 897 1021 949; x_wconf 88' lang='lat' dir='ltr'>tre-</span> 
     </span>
     <span class='ocr_line' id='line_1_8' title="bbox 17 973 1021 1080; baseline 0.004 -28"><span class='ocrx_word' id='word_1_56' title='bbox 17 1023 28 1052; x_wconf 69' lang='lat' dir='ltr'>s</span> <span class='ocrx_word' id='word_1_57' title='bbox 43 995 122 1058; x_wconf 88' lang='lat' dir='ltr'>mitis</span> <span class='ocrx_word' id='word_1_58' title='bbox 136 1015 300 1058; x_wconf 86' lang='lat' dir='ltr'>sermonem</span> <span class='ocrx_word' id='word_1_59' title='bbox 315 993 387 1080; x_wconf 85' lang='lat' dir='ltr'>ejus</span> <span class='ocrx_word' id='word_1_60' title='bbox 401 1015 409 1055; x_wconf 76' lang='lat' dir='ltr'><strong><em>z</em></strong></span> <span class='ocrx_word' id='word_1_61' title='bbox 424 992 518 1057; x_wconf 91' lang='lat' dir='ltr'>dicite</span> <span class='ocrx_word' id='word_1_62' title='bbox 534 992 645 1056; x_wconf 81' lang='lat' dir='ltr'>fratres</span> <span class='ocrx_word' id='word_1_63' title='bbox 661 973 758 1056; x_wconf 85' lang='lat' dir='ltr'>nostri</span> <span class='ocrx_word' id='word_1_64' title='bbox 773 992 809 1056; x_wconf 90' lang='lat' dir='ltr'>iis</span> <span class='ocrx_word' id='word_1_65' title='bbox 822 992 873 1078; x_wconf 91' lang='lat' dir='ltr'>qui</span> <span class='ocrx_word' id='word_1_66' title='bbox 886 993 1021 1058; x_wconf 90' lang='lat' dir='ltr'>oderunt</span> 
     </span>
     <span class='ocr_line' id='line_1_9' title="bbox 18 1092 1022 1186; baseline 0.006 -27"><span class='ocrx_word' id='word_1_67' title='bbox 18 1129 28 1158; x_wconf 73' lang='grc' dir='ltr'><strong><em>ι</em></strong></span> <span class='ocrx_word' id='word_1_68' title='bbox 45 1123 106 1174; x_wconf 84' lang='lat' dir='ltr'>ros,</span> <span class='ocrx_word' id='word_1_69' title='bbox 120 1101 387 1172; x_wconf 80' lang='lat' dir='ltr'>etubominsntur,</span> <span class='ocrx_word' id='word_1_70' title='bbox 401 1110 436 1163; x_wconf 91' lang='lat' dir='ltr'>ut</span> <span class='ocrx_word' id='word_1_71' title='bbox 447 1123 562 1164; x_wconf 90' lang='lat' dir='ltr'>nomen</span> <span class='ocrx_word' id='word_1_72' title='bbox 573 1099 700 1164; x_wconf 90' lang='lat' dir='ltr'>Domini</span> <span class='ocrx_word' id='word_1_73' title='bbox 712 1092 914 1186; x_wconf 76' lang='lat' dir='ltr'>glorificetur.</span> <span class='ocrx_word' id='word_1_74' title='bbox 931 1099 1022 1166; x_wconf 88' lang='lat' dir='ltr'>Visus</span> 
     </span>
     <span class='ocr_line' id='line_1_10' title="bbox 17 1206 1023 1284; baseline 0.008 -18"><span class='ocrx_word' id='word_1_75' title='bbox 17 1221 83 1272; x_wconf 76' lang='lat' dir='ltr'>»est</span> <span class='ocrx_word' id='word_1_76' title='bbox 103 1210 133 1274; x_wconf 91' lang='lat' dir='ltr'>in</span> <span class='ocrx_word' id='word_1_77' title='bbox 154 1209 252 1274; x_wconf 79' lang='lat' dir='ltr'>laetitia</span> <span class='ocrx_word' id='word_1_78' title='bbox 273 1232 397 1284; x_wconf 90' lang='lat' dir='ltr'>eorum,</span> <span class='ocrx_word' id='word_1_79' title='bbox 418 1221 451 1272; x_wconf 85' lang='lat' dir='ltr'>et</span> <span class='ocrx_word' id='word_1_80' title='bbox 474 1206 516 1272; x_wconf 89' lang='lat' dir='ltr'>ilii</span> <span class='ocrx_word' id='word_1_81' title='bbox 532 1208 776 1273; x_wconf 84' lang='lat' dir='ltr'>contundentur.</span> <span class='ocrx_word' id='word_1_82' title='bbox 795 1207 864 1273; x_wconf 82' lang='lat' dir='ltr'>Vox</span> <span class='ocrx_word' id='word_1_83' title='bbox 880 1206 1023 1274; x_wconf 84' lang='lat' dir='ltr'>clamoris</span> 
     </span>
     <span class='ocr_line' id='line_1_11' title="bbox 16 1315 1024 1406; baseline 0.005 -26"><span class='ocrx_word' id='word_1_84' title='bbox 16 1347 26 1374; x_wconf 76' lang='grc' dir='ltr'><strong>ι</strong></span> <span class='ocrx_word' id='word_1_85' title='bbox 41 1317 79 1380; x_wconf 90' lang='lat' dir='ltr'>de</span> <span class='ocrx_word' id='word_1_86' title='bbox 93 1318 223 1392; x_wconf 75' lang='lat' dir='ltr'>civitate,</span> <span class='ocrx_word' id='word_1_87' title='bbox 238 1340 295 1382; x_wconf 82' lang='lat' dir='ltr'>vox</span> <span class='ocrx_word' id='word_1_88' title='bbox 309 1319 347 1382; x_wconf 91' lang='lat' dir='ltr'>de</span> <span class='ocrx_word' id='word_1_89' title='bbox 362 1315 493 1406; x_wconf 89' lang='lat' dir='ltr'>templo,</span> <span class='ocrx_word' id='word_1_90' title='bbox 507 1340 567 1382; x_wconf 85' lang='lat' dir='ltr'>vox</span> <span class='ocrx_word' id='word_1_91' title='bbox 580 1317 706 1382; x_wconf 90' lang='lat' dir='ltr'>Domini</span> <span class='ocrx_word' id='word_1_92' title='bbox 722 1317 924 1383; x_wconf 87' lang='lat' dir='ltr'>retribuentis</span> <span class='ocrx_word' id='word_1_93' title='bbox 936 1322 1024 1385; x_wconf 91' lang='lat' dir='ltr'>retri-</span> 
     </span>
     <span class='ocr_line' id='line_1_12' title="bbox 15 1423 1026 1514; baseline 0.01 -32"><span class='ocrx_word' id='word_1_94' title='bbox 15 1423 196 1490; x_wconf 77' lang='lat' dir='ltr'>»bulionem</span> <span class='ocrx_word' id='word_1_95' title='bbox 209 1425 357 1512; x_wconf 83' lang='lat' dir='ltr'>superbis.</span> <span class='ocrx_word' id='word_1_96' title='bbox 377 1425 557 1513; x_wconf 79' lang='lat' dir='ltr'>Antequam</span> <span class='ocrx_word' id='word_1_97' title='bbox 572 1424 748 1513; x_wconf 77' lang='lat' dir='ltr'>parturiens</span> <span class='ocrx_word' id='word_1_98' title='bbox 763 1426 876 1514; x_wconf 85' lang='lat' dir='ltr'>pariat,</span> <span class='ocrx_word' id='word_1_99' title='bbox 893 1438 924 1491; x_wconf 91' lang='lat' dir='ltr'>ct</span> <span class='ocrx_word' id='word_1_100' title='bbox 936 1439 1026 1492; x_wconf 91' lang='lat' dir='ltr'>ante·</span> 
     </span>
     <span class='ocr_line' id='line_1_13' title="bbox 17 1530 1025 1620; baseline 0.008 -30"><span class='ocrx_word' id='word_1_101' title='bbox 17 1553 126 1618; x_wconf 75' lang='lat' dir='ltr'>squam</span> <span class='ocrx_word' id='word_1_102' title='bbox 136 1532 235 1596; x_wconf 79' lang='lat' dir='ltr'>veniat</span> <span class='ocrx_word' id='word_1_103' title='bbox 249 1530 339 1596; x_wconf 84' lang='lat' dir='ltr'>labor</span> <span class='ocrx_word' id='word_1_104' title='bbox 349 1533 594 1620; x_wconf 77' lang='lat' dir='ltr'>parturiginum3</span> <span class='ocrx_word' id='word_1_105' title='bbox 610 1533 731 1620; x_wconf 85' lang='lat' dir='ltr'>peperit</span> <span class='ocrx_word' id='word_1_106' title='bbox 742 1531 929 1598; x_wconf 88' lang='lat' dir='ltr'>masculum.</span> <span class='ocrx_word' id='word_1_107' title='bbox 946 1534 1025 1613; x_wconf 86' lang='lat' dir='ltr'>Quis</span> 
     </span>
     <span class='ocr_line' id='line_1_14' title="bbox 19 1638 1026 1728; baseline 0.006 -26"><span class='ocrx_word' id='word_1_108' title='bbox 19 1639 149 1704; x_wconf 80' lang='lat' dir='ltr'>·audirit</span> <span class='ocrx_word' id='word_1_109' title='bbox 170 1638 239 1714; x_wconf 75' lang='lat' dir='ltr'>tale,</span> <span class='ocrx_word' id='word_1_110' title='bbox 263 1642 379 1727; x_wconf 91' lang='lat' dir='ltr'>etquis</span> <span class='ocrx_word' id='word_1_111' title='bbox 399 1642 476 1706; x_wconf 83' lang='lat' dir='ltr'>vidit</span> <span class='ocrx_word' id='word_1_112' title='bbox 492 1642 536 1706; x_wconf 88' lang='lat' dir='ltr'>sic</span> <span class='ocrx_word' id='word_1_113' title='bbox 555 1664 562 1703; x_wconf 92' lang='lat'><strong>:</strong></span> <span class='ocrx_word' id='word_1_114' title='bbox 585 1642 609 1705; x_wconf 91' lang='lat' dir='ltr'>si</span> <span class='ocrx_word' id='word_1_115' title='bbox 630 1640 794 1728; x_wconf 86' lang='lat' dir='ltr'>parturivit</span> <span class='ocrx_word' id='word_1_116' title='bbox 814 1652 897 1706; x_wconf 85' lang='lat' dir='ltr'>terra</span> <span class='ocrx_word' id='word_1_117' title='bbox 920 1643 952 1707; x_wconf 93' lang='lat' dir='ltr'>in</span> <span class='ocrx_word' id='word_1_118' title='bbox 976 1644 1026 1708; x_wconf 90' lang='lat' dir='ltr'>die</span> 
     </span>
     <span class='ocr_line' id='line_1_15' title="bbox 20 1751 1024 1840; baseline 0.009 -33"><span class='ocrx_word' id='word_1_119' title='bbox 20 1782 28 1807; x_wconf 72' lang='grc' dir='ltr'>ι</span> <span class='ocrx_word' id='word_1_120' title='bbox 43 1773 110 1822; x_wconf 88' lang='lat' dir='ltr'>nna;</span> <span class='ocrx_word' id='word_1_121' title='bbox 126 1751 151 1814; x_wconf 86' lang='lat' dir='ltr'>si</span> <span class='ocrx_word' id='word_1_122' title='bbox 165 1773 235 1814; x_wconf 80' lang='lat' dir='ltr'>vero</span> <span class='ocrx_word' id='word_1_123' title='bbox 249 1761 281 1814; x_wconf 87' lang='lat' dir='ltr'>et</span> <span class='ocrx_word' id='word_1_124' title='bbox 296 1753 418 1838; x_wconf 83' lang='lat' dir='ltr'>peperit</span> <span class='ocrx_word' id='word_1_125' title='bbox 430 1762 556 1839; x_wconf 83' lang='lat' dir='ltr'>gentem</span> <span class='ocrx_word' id='word_1_126' title='bbox 570 1751 645 1814; x_wconf 89' lang='lat' dir='ltr'>nixu</span> <span class='ocrx_word' id='word_1_127' title='bbox 662 1772 740 1823; x_wconf 87' lang='lat' dir='ltr'>nno;</span> <span class='ocrx_word' id='word_1_128' title='bbox 760 1751 832 1838; x_wconf 88' lang='lat' dir='ltr'>quio</span> <span class='ocrx_word' id='word_1_129' title='bbox 847 1753 1024 1840; x_wconf 81' lang='lat' dir='ltr'>parturivit,</span> 
     </span>
    </p>
   </div>
   <div class='ocr_carea' id='block_1_3' title="bbox 22 1857 1126 1948">
    <p class='ocr_par' dir='ltr' id='par_1_3' title="bbox 22 1857 1126 1948">
     <span class='ocr_line' id='line_1_16' title="bbox 22 1857 1126 1948; baseline 0.005 -28"><span class='ocrx_word' id='word_1_130' title='bbox 22 1887 31 1914; x_wconf 83' lang='grc' dir='ltr'><strong>ι</strong></span> <span class='ocrx_word' id='word_1_131' title='bbox 45 1871 74 1920; x_wconf 82' lang='lat' dir='ltr'>rt</span> <span class='ocrx_word' id='word_1_132' title='bbox 88 1859 199 1946; x_wconf 80' lang='lat' dir='ltr'>peperit</span> <span class='ocrx_word' id='word_1_133' title='bbox 214 1857 289 1924; x_wconf 91' lang='lat' dir='ltr'>Sion</span> <span class='ocrx_word' id='word_1_134' title='bbox 303 1857 449 1946; x_wconf 84' lang='lat' dir='ltr'>parvulos</span> <span class='ocrx_word' id='word_1_135' title='bbox 465 1859 558 1923; x_wconf 77' lang='lat' dir='ltr'>suos?</span> <span class='ocrx_word' id='word_1_136' title='bbox 571 1860 637 1946; x_wconf 84' lang='lat' dir='ltr'>Ego</span> <span class='ocrx_word' id='word_1_137' title='bbox 652 1873 759 1923; x_wconf 88' lang='lat' dir='ltr'>autem</span> <span class='ocrx_word' id='word_1_138' title='bbox 778 1859 851 1923; x_wconf 87' lang='lat' dir='ltr'>dedi</span> <span class='ocrx_word' id='word_1_139' title='bbox 868 1871 1026 1948; x_wconf 79' lang='lat' dir='ltr'>exspecta-</span> <span class='ocrx_word' id='word_1_140' title='bbox 1122 1867 1126 1874; x_wconf 83' lang='lat'>&#39;</span> 
     </span>
    </p>
   </div>
   <div class='ocr_carea' id='block_1_4' title="bbox 19 1965 1035 3681">
    <p class='ocr_par' dir='ltr' id='par_1_4' title="bbox 19 1965 1029 2595">
     <span class='ocr_line' id='line_1_17' title="bbox 23 1965 1027 2057; baseline 0.011 -34"><span class='ocrx_word' id='word_1_141' title='bbox 23 1993 33 2022; x_wconf 70' lang='grc' dir='ltr'><strong>ι</strong></span> <span class='ocrx_word' id='word_1_142' title='bbox 50 1966 159 2028; x_wconf 90' lang='lat' dir='ltr'>tionem</span> <span class='ocrx_word' id='word_1_143' title='bbox 166 1965 292 2040; x_wconf 84' lang='lat' dir='ltr'>hane,et</span> <span class='ocrx_word' id='word_1_144' title='bbox 303 1991 369 2032; x_wconf 92' lang='lat' dir='ltr'>non</span> <span class='ocrx_word' id='word_1_145' title='bbox 380 1968 525 2055; x_wconf 91' lang='lat' dir='ltr'>parienti,</span> <span class='ocrx_word' id='word_1_146' title='bbox 537 1967 786 2032; x_wconf 85' lang='lat' dir='ltr'>dixitDominus.</span> <span class='ocrx_word' id='word_1_147' title='bbox 803 1971 886 2032; x_wconf 89' lang='lat' dir='ltr'>Ecce</span> <span class='ocrx_word' id='word_1_148' title='bbox 899 1993 958 2056; x_wconf 85' lang='lat' dir='ltr'>ego</span> <span class='ocrx_word' id='word_1_149' title='bbox 969 1992 1027 2057; x_wconf 91' lang='lat' dir='ltr'>pa·</span> 
     </span>
     <span class='ocr_line' id='line_1_18' title="bbox 23 2073 1026 2149; baseline 0.008 -15"><span class='ocrx_word' id='word_1_150' title='bbox 23 2101 34 2128; x_wconf 87' lang='grc' dir='ltr'><strong>ι</strong></span> <span class='ocrx_word' id='word_1_151' title='bbox 51 2073 173 2136; x_wconf 89' lang='lat' dir='ltr'>rientem</span> <span class='ocrx_word' id='word_1_152' title='bbox 189 2085 217 2137; x_wconf 85' lang='lat' dir='ltr'>et</span> <span class='ocrx_word' id='word_1_153' title='bbox 234 2074 371 2139; x_wconf 87' lang='lat' dir='ltr'>sterilem</span> <span class='ocrx_word' id='word_1_154' title='bbox 388 2075 552 2149; x_wconf 87' lang='lat' dir='ltr'>seci,·dicit</span> <span class='ocrx_word' id='word_1_155' title='bbox 574 2076 738 2140; x_wconf 86' lang='lat' dir='ltr'>Dominus.</span> <span class='ocrx_word' id='word_1_156' title='bbox 760 2074 880 2140; x_wconf 75' lang='lat' dir='ltr'>Laetare</span> <span class='ocrx_word' id='word_1_157' title='bbox 897 2077 1026 2142; x_wconf 86' lang='lat' dir='ltr'>Jerusa-</span> 
     </span>
     <span class='ocr_line' id='line_1_19' title="bbox 24 2179 1026 2270; baseline 0.007 -28"><span class='ocrx_word' id='word_1_158' title='bbox 24 2179 119 2252; x_wconf 73' lang='lat' dir='ltr'>»lem,</span> <span class='ocrx_word' id='word_1_159' title='bbox 130 2191 159 2244; x_wconf 88' lang='lat' dir='ltr'>et</span> <span class='ocrx_word' id='word_1_160' title='bbox 172 2193 337 2246; x_wconf 78' lang='lat' dir='ltr'>conventus</span> <span class='ocrx_word' id='word_1_161' title='bbox 352 2183 433 2270; x_wconf 83' lang='lat' dir='ltr'>agite</span> <span class='ocrx_word' id='word_1_162' title='bbox 448 2206 558 2248; x_wconf 89' lang='lat' dir='ltr'>omnes</span> <span class='ocrx_word' id='word_1_163' title='bbox 576 2184 627 2269; x_wconf 91' lang='lat' dir='ltr'>qui</span> <span class='ocrx_word' id='word_1_164' title='bbox 646 2182 771 2269; x_wconf 81' lang='lat' dir='ltr'>diligitis</span> <span class='ocrx_word' id='word_1_165' title='bbox 787 2205 867 2247; x_wconf 86' lang='lat' dir='ltr'>eam.</span> <span class='ocrx_word' id='word_1_166' title='bbox 884 2183 1026 2249; x_wconf 88' lang='lat' dir='ltr'>Gaudete</span> 
     </span>
     <span class='ocr_line' id='line_1_20' title="bbox 19 2285 1029 2379; baseline 0.008 -30"><span class='ocrx_word' id='word_1_167' title='bbox 19 2317 34 2348; x_wconf 72' lang='lat' dir='ltr'>s</span> <span class='ocrx_word' id='word_1_168' title='bbox 47 2311 145 2352; x_wconf 90' lang='lat' dir='ltr'>omnes</span> <span class='ocrx_word' id='word_1_169' title='bbox 159 2290 345 2378; x_wconf 81' lang='lat' dir='ltr'>quicumque</span> <span class='ocrx_word' id='word_1_170' title='bbox 366 2290 477 2378; x_wconf 82' lang='lat' dir='ltr'>lugetis</span> <span class='ocrx_word' id='word_1_171' title='bbox 500 2314 593 2379; x_wconf 87' lang='lat' dir='ltr'>super</span> <span class='ocrx_word' id='word_1_172' title='bbox 613 2313 696 2365; x_wconf 91' lang='lat' dir='ltr'>eam,</span> <span class='ocrx_word' id='word_1_173' title='bbox 713 2301 750 2354; x_wconf 92' lang='lat' dir='ltr'>ut</span> <span class='ocrx_word' id='word_1_174' title='bbox 769 2285 898 2378; x_wconf 85' lang='lat' dir='ltr'>sugatis,</span> <span class='ocrx_word' id='word_1_175' title='bbox 919 2305 950 2356; x_wconf 91' lang='lat' dir='ltr'>et</span> <span class='ocrx_word' id='word_1_176' title='bbox 966 2295 1029 2356; x_wconf 90' lang='lat' dir='ltr'>im-&#39;</span> 
     </span>
     <span class='ocr_line' id='line_1_21' title="bbox 25 2395 1028 2488; baseline 0.006 -30"><span class='ocrx_word' id='word_1_177' title='bbox 25 2395 177 2480; x_wconf 86' lang='lat' dir='ltr'>·pieamiui</span> <span class='ocrx_word' id='word_1_178' title='bbox 191 2400 229 2463; x_wconf 88' lang='lat' dir='ltr'>ab</span> <span class='ocrx_word' id='word_1_179' title='bbox 247 2399 344 2462; x_wconf 90' lang='lat' dir='ltr'>ubere</span> <span class='ocrx_word' id='word_1_180' title='bbox 361 2398 581 2463; x_wconf 68' lang='lat' dir='ltr'>consolationis</span> <span class='ocrx_word' id='word_1_181' title='bbox 597 2400 665 2485; x_wconf 87' lang='lat' dir='ltr'>ejus</span> <span class='ocrx_word' id='word_1_182' title='bbox 682 2422 690 2460; x_wconf 75' lang='grc' dir='ltr'><em>τ</em></span> <span class='ocrx_word' id='word_1_183' title='bbox 709 2409 743 2462; x_wconf 93' lang='lat' dir='ltr'>ut</span> <span class='ocrx_word' id='word_1_184' title='bbox 758 2409 922 2488; x_wconf 87' lang='lat' dir='ltr'>postquam</span> <span class='ocrx_word' id='word_1_185' title='bbox 939 2424 1028 2464; x_wconf 85' lang='lat' dir='ltr'>suxe-</span> 
     </span>
     <span class='ocr_line' id='line_1_22' title="bbox 26 2504 852 2595; baseline 0.005 -30"><span class='ocrx_word' id='word_1_186' title='bbox 26 2533 36 2560; x_wconf 68' lang='grc' dir='ltr'><strong>ι</strong></span> <span class='ocrx_word' id='word_1_187' title='bbox 51 2504 124 2578; x_wconf 85' lang='lat' dir='ltr'>ritis,</span> <span class='ocrx_word' id='word_1_188' title='bbox 138 2506 243 2572; x_wconf 86' lang='lat' dir='ltr'>deiiciis</span> <span class='ocrx_word' id='word_1_189' title='bbox 255 2509 390 2572; x_wconf 84' lang='lat' dir='ltr'>affluatis</span> <span class='ocrx_word' id='word_1_190' title='bbox 405 2511 443 2572; x_wconf 92' lang='lat' dir='ltr'>ab</span> <span class='ocrx_word' id='word_1_191' title='bbox 458 2509 587 2572; x_wconf 90' lang='lat' dir='ltr'>introitu</span> <span class='ocrx_word' id='word_1_192' title='bbox 602 2507 707 2595; x_wconf 82' lang='lat' dir='ltr'>gioriae</span> <span class='ocrx_word' id='word_1_193' title='bbox 723 2509 792 2595; x_wconf 85' lang='lat' dir='ltr'>ejus</span> <span class='ocrx_word' id='word_1_194' title='bbox 802 2507 822 2572; x_wconf 91' lang='lat'>¹.</span> <span class='ocrx_word' id='word_1_195' title='bbox 839 2537 852 2569; x_wconf 71' lang='lat' dir='ltr'>s</span> 
     </span>
    </p>

    <p class='ocr_par' dir='ltr' id='par_1_5' title="bbox 26 2611 1035 3681">
     <span class='ocr_line' id='line_1_23' title="bbox 62 2611 1028 2705; baseline 0.009 -31"><span class='ocrx_word' id='word_1_196' title='bbox 62 2611 221 2678; x_wconf 82' lang='lat' dir='ltr'>LXXXVI.</span> <span class='ocrx_word' id='word_1_197' title='bbox 240 2617 296 2680; x_wconf 84' lang='lat' dir='ltr'>His</span> <span class='ocrx_word' id='word_1_198' title='bbox 312 2617 448 2681; x_wconf 87' lang='lat' dir='ltr'>recitatis</span> <span class='ocrx_word' id='word_1_199' title='bbox 467 2616 592 2702; x_wconf 81' lang='lat' dir='ltr'>adieci:</span> <span class='ocrx_word' id='word_1_200' title='bbox 614 2617 719 2696; x_wconf 86' lang='lat' dir='ltr'>Quem</span> <span class='ocrx_word' id='word_1_201' title='bbox 735 2627 841 2680; x_wconf 90' lang='lat' dir='ltr'>antem</span> <span class='ocrx_word' id='word_1_202' title='bbox 857 2616 1028 2705; x_wconf 66' lang='lat' dir='ltr'>Scripturas</span> 
     </span>
     <span class='ocr_line' id='line_1_24' title="bbox 26 2721 1030 2811; baseline 0.008 -32"><span class='ocrx_word' id='word_1_203' title='bbox 26 2743 136 2784; x_wconf 88' lang='lat' dir='ltr'>rursum</span> <span class='ocrx_word' id='word_1_204' title='bbox 158 2721 306 2809; x_wconf 77' lang='lat' dir='ltr'>gloriose,</span> <span class='ocrx_word' id='word_1_205' title='bbox 333 2735 498 2811; x_wconf 76' lang='lat' dir='ltr'>postquam</span> <span class='ocrx_word' id='word_1_206' title='bbox 522 2721 691 2788; x_wconf 81' lang='lat' dir='ltr'>crucifixus</span> <span class='ocrx_word' id='word_1_207' title='bbox 718 2723 839 2798; x_wconf 90' lang='lat' dir='ltr'>suisset,</span> <span class='ocrx_word' id='word_1_208' title='bbox 861 2737 1030 2787; x_wconf 87' lang='lat' dir='ltr'>venturum</span> 
     </span>
     <span class='ocr_line' id='line_1_25' title="bbox 26 2827 1030 2919; baseline 0.009 -33"><span class='ocrx_word' id='word_1_209' title='bbox 26 2827 231 2904; x_wconf 71' lang='lat' dir='ltr'>demontrant,</span> <span class='ocrx_word' id='word_1_210' title='bbox 242 2829 324 2895; x_wconf 89' lang='lat' dir='ltr'>iilius</span> <span class='ocrx_word' id='word_1_211' title='bbox 334 2830 516 2918; x_wconf 85' lang='lat' dir='ltr'>symbolum</span> <span class='ocrx_word' id='word_1_212' title='bbox 529 2830 621 2896; x_wconf 83' lang='lat' dir='ltr'>fuisse</span> <span class='ocrx_word' id='word_1_213' title='bbox 634 2842 703 2895; x_wconf 88' lang='lat' dir='ltr'>tum</span> <span class='ocrx_word' id='word_1_214' title='bbox 714 2830 837 2919; x_wconf 84' lang='lat' dir='ltr'>lignum</span> <span class='ocrx_word' id='word_1_215' title='bbox 849 2832 932 2904; x_wconf 80' lang='lat' dir='ltr'>vitae,</span> <span class='ocrx_word' id='word_1_216' title='bbox 946 2829 1030 2917; x_wconf 91' lang='lat' dir='ltr'>quod</span> 
     </span>
     <span class='ocr_line' id='line_1_26' title="bbox 29 2933 1031 3027; baseline 0.009 -33"><span class='ocrx_word' id='word_1_217' title='bbox 29 2933 134 3000; x_wconf 87' lang='lat' dir='ltr'>dictum</span> <span class='ocrx_word' id='word_1_218' title='bbox 152 2940 249 3004; x_wconf 85' lang='lat' dir='ltr'>iuerat</span> <span class='ocrx_word' id='word_1_219' title='bbox 267 2940 298 3004; x_wconf 95' lang='lat' dir='ltr'>in</span> <span class='ocrx_word' id='word_1_220' title='bbox 320 2939 466 3004; x_wconf 88' lang='lat' dir='ltr'>Paradiso</span> <span class='ocrx_word' id='word_1_221' title='bbox 487 2938 663 3027; x_wconf 83' lang='lat' dir='ltr'>plantatum</span> <span class='ocrx_word' id='word_1_222' title='bbox 685 2939 792 3012; x_wconf 82' lang='lat' dir='ltr'>fuisse,</span> <span class='ocrx_word' id='word_1_223' title='bbox 818 2949 886 3002; x_wconf 91' lang='lat' dir='ltr'>tum</span> <span class='ocrx_word' id='word_1_224' title='bbox 905 2961 941 3003; x_wconf 88' lang='lat' dir='ltr'>ea</span> <span class='ocrx_word' id='word_1_225' title='bbox 963 2961 1031 3026; x_wconf 79' lang='lat' dir='ltr'>quae</span> 
     </span>
     <span class='ocr_line' id='line_1_27' title="bbox 31 3043 1031 3134; baseline 0.008 -32"><span class='ocrx_word' id='word_1_226' title='bbox 31 3043 160 3108; x_wconf 87' lang='lat' dir='ltr'>omuibus</span> <span class='ocrx_word' id='word_1_227' title='bbox 180 3048 263 3132; x_wconf 80' lang='lat' dir='ltr'>justis</span> <span class='ocrx_word' id='word_1_228' title='bbox 287 3058 437 3112; x_wconf 83' lang='lat' dir='ltr'>eventura</span> <span class='ocrx_word' id='word_1_229' title='bbox 459 3058 561 3122; x_wconf 91' lang='lat' dir='ltr'>erant,</span> <span class='ocrx_word' id='word_1_230' title='bbox 586 3047 702 3110; x_wconf 87' lang='lat' dir='ltr'>audite.</span> <span class='ocrx_word' id='word_1_231' title='bbox 728 3045 829 3112; x_wconf 87' lang='lat' dir='ltr'>Moses</span> <span class='ocrx_word' id='word_1_232' title='bbox 852 3069 926 3110; x_wconf 91' lang='lat' dir='ltr'>cum</span> <span class='ocrx_word' id='word_1_233' title='bbox 947 3047 1031 3134; x_wconf 79' lang='lat' dir='ltr'>virga</span> 
     </span>
     <span class='ocr_line' id='line_1_28' title="bbox 34 3149 1034 3245; baseline 0.01 -36"><span class='ocrx_word' id='word_1_234' title='bbox 34 3149 138 3214; x_wconf 85' lang='lat' dir='ltr'>missus</span> <span class='ocrx_word' id='word_1_235' title='bbox 148 3165 189 3218; x_wconf 86' lang='lat' dir='ltr'>est</span> <span class='ocrx_word' id='word_1_236' title='bbox 201 3157 237 3220; x_wconf 88' lang='lat' dir='ltr'>ad</span> <span class='ocrx_word' id='word_1_237' title='bbox 256 3156 411 3245; x_wconf 86' lang='lat' dir='ltr'>populum</span> <span class='ocrx_word' id='word_1_238' title='bbox 427 3155 638 3231; x_wconf 84' lang='lat' dir='ltr'>liberandum,</span> <span class='ocrx_word' id='word_1_239' title='bbox 658 3177 791 3242; x_wconf 83' lang='lat' dir='ltr'>eamque</span> <span class='ocrx_word' id='word_1_240' title='bbox 807 3156 952 3219; x_wconf 86' lang='lat' dir='ltr'>menibus</span> <span class='ocrx_word' id='word_1_241' title='bbox 967 3179 1034 3243; x_wconf 79' lang='lat' dir='ltr'>ges-</span> 
     </span>
     <span class='ocr_line' id='line_1_29' title="bbox 33 3265 1035 3352; baseline 0.012 -36"><span class='ocrx_word' id='word_1_242' title='bbox 33 3267 102 3320; x_wconf 90' lang='lat' dir='ltr'>tans</span> <span class='ocrx_word' id='word_1_243' title='bbox 115 3280 181 3324; x_wconf 88' lang='lat' dir='ltr'>cum</span> <span class='ocrx_word' id='word_1_244' title='bbox 199 3265 341 3352; x_wconf 81' lang='lat' dir='ltr'>poputum</span> <span class='ocrx_word' id='word_1_245' title='bbox 364 3266 576 3340; x_wconf 87' lang='lat' dir='ltr'>antecederet,</span> <span class='ocrx_word' id='word_1_246' title='bbox 597 3289 683 3330; x_wconf 89' lang='lat' dir='ltr'>mare</span> <span class='ocrx_word' id='word_1_247' title='bbox 706 3265 865 3329; x_wconf 86' lang='lat' dir='ltr'>dissecuit.</span> <span class='ocrx_word' id='word_1_248' title='bbox 888 3265 948 3329; x_wconf 90' lang='lat' dir='ltr'>Per</span> <span class='ocrx_word' id='word_1_249' title='bbox 965 3287 1035 3328; x_wconf 90' lang='lat' dir='ltr'>eam</span> 
     </span>
     <span class='ocr_line' id='line_1_30' title="bbox 29 3371 1035 3462; baseline 0.006 -33"><span class='ocrx_word' id='word_1_250' title='bbox 29 3387 65 3427; x_wconf 75' lang='lat' dir='ltr'>et</span> <span class='ocrx_word' id='word_1_251' title='bbox 77 3376 155 3451; x_wconf 88' lang='lat' dir='ltr'>petra</span> <span class='ocrx_word' id='word_1_252' title='bbox 167 3391 270 3457; x_wconf 84' lang='lat' dir='ltr'>aquam</span> <span class='ocrx_word' id='word_1_253' title='bbox 280 3375 504 3438; x_wconf 88' lang='lat' dir='ltr'>scaturientem</span> <span class='ocrx_word' id='word_1_254' title='bbox 516 3374 608 3446; x_wconf 70' lang='lat' dir='ltr'>vidite</span> <span class='ocrx_word' id='word_1_255' title='bbox 621 3396 659 3439; x_wconf 88' lang='lat' dir='ltr'>ac</span> <span class='ocrx_word' id='word_1_256' title='bbox 671 3371 755 3462; x_wconf 84' lang='lat' dir='ltr'>ligno</span> <span class='ocrx_word' id='word_1_257' title='bbox 768 3374 800 3436; x_wconf 93' lang='lat' dir='ltr'>in</span> <span class='ocrx_word' id='word_1_258' title='bbox 812 3395 925 3459; x_wconf 91' lang='lat' dir='ltr'>aquam</span> <span class='ocrx_word' id='word_1_259' title='bbox 934 3371 1035 3435; x_wconf 87' lang='lat' dir='ltr'>Merra</span> 
     </span>
     <span class='ocr_line' id='line_1_31' title="bbox 30 3473 1035 3570; baseline 0.008 -36"><span class='ocrx_word' id='word_1_260' title='bbox 30 3473 134 3555; x_wconf 80' lang='lat' dir='ltr'>injecto</span> <span class='ocrx_word' id='word_1_261' title='bbox 155 3476 272 3546; x_wconf 85' lang='lat' dir='ltr'>duieem</span> <span class='ocrx_word' id='word_1_262' title='bbox 294 3505 339 3550; x_wconf 73' lang='lat' dir='ltr'>ex,</span> <span class='ocrx_word' id='word_1_263' title='bbox 355 3505 460 3546; x_wconf 90' lang='lat' dir='ltr'>amara</span> <span class='ocrx_word' id='word_1_264' title='bbox 481 3482 595 3548; x_wconf 79' lang='lat' dir='ltr'>effecit.</span> <span class='ocrx_word' id='word_1_265' title='bbox 610 3481 712 3570; x_wconf 84' lang='lat' dir='ltr'>Virgis</span> <span class='ocrx_word' id='word_1_266' title='bbox 735 3482 836 3548; x_wconf 80' lang='lat' dir='ltr'>Jacob</span> <span class='ocrx_word' id='word_1_267' title='bbox 861 3481 892 3545; x_wconf 94' lang='lat' dir='ltr'>in</span> <span class='ocrx_word' id='word_1_268' title='bbox 912 3477 1035 3544; x_wconf 85' lang='lat' dir='ltr'>canales</span> 
     </span>
     <span class='ocr_line' id='line_1_32' title="bbox 30 3587 1035 3681; baseline 0.002 -30"><span class='ocrx_word' id='word_1_269' title='bbox 30 3603 163 3667; x_wconf 71' lang='lat' dir='ltr'>aquarum</span> <span class='ocrx_word' id='word_1_270' title='bbox 178 3591 299 3678; x_wconf 88' lang='lat' dir='ltr'>injectis</span> <span class='ocrx_word' id='word_1_271' title='bbox 312 3605 525 3681; x_wconf 89' lang='lat' dir='ltr'>consequutus</span> <span class='ocrx_word' id='word_1_272' title='bbox 537 3605 596 3668; x_wconf 89' lang='lat' dir='ltr'>est,</span> <span class='ocrx_word' id='word_1_273' title='bbox 609 3605 644 3656; x_wconf 90' lang='lat' dir='ltr'>ut</span> <span class='ocrx_word' id='word_1_274' title='bbox 657 3592 789 3656; x_wconf 88' lang='lat' dir='ltr'>materni</span> <span class='ocrx_word' id='word_1_275' title='bbox 803 3587 949 3656; x_wconf 87' lang='lat' dir='ltr'>avuncuii</span> <span class='ocrx_word' id='word_1_276' title='bbox 963 3611 1035 3654; x_wconf 82' lang='lat' dir='ltr'>oves</span> 
     </span>
    </p>
   </div>
   <div class='ocr_carea' id='block_1_5' title="bbox 18 3689 1033 3888">
    <p class='ocr_par' dir='ltr' id='par_1_6' title="bbox 18 3689 1033 3888">
     <span class='ocr_line' id='line_1_33' title="bbox 18 3689 1033 3792; baseline 0.012 -41"><span class='ocrx_word' id='word_1_277' title='bbox 18 3689 105 3788; x_wconf 63' lang='lat' dir='ltr'>torte</span> <span class='ocrx_word' id='word_1_278' title='bbox 118 3697 229 3775; x_wconf 82' lang='lat' dir='ltr'>fierent,</span> <span class='ocrx_word' id='word_1_279' title='bbox 247 3725 311 3790; x_wconf 92' lang='lat' dir='ltr'>quo</span> <span class='ocrx_word' id='word_1_280' title='bbox 326 3703 419 3768; x_wconf 87' lang='lat' dir='ltr'>soetus</span> <span class='ocrx_word' id='word_1_281' title='bbox 435 3725 544 3768; x_wconf 84' lang='lat' dir='ltr'>earum</span> <span class='ocrx_word' id='word_1_282' title='bbox 558 3703 624 3792; x_wconf 92' lang='lat' dir='ltr'>ipse</span> <span class='ocrx_word' id='word_1_283' title='bbox 636 3703 818 3791; x_wconf 86' lang='lat' dir='ltr'>possideret.</span> <span class='ocrx_word' id='word_1_284' title='bbox 834 3701 871 3766; x_wconf 91' lang='lat' dir='ltr'>ln</span> <span class='ocrx_word' id='word_1_285' title='bbox 882 3701 967 3788; x_wconf 82' lang='lat' dir='ltr'>virga</span> <span class='ocrx_word' id='word_1_286' title='bbox 978 3720 1033 3764; x_wconf 85' lang='lat' dir='ltr'>sue</span> 
     </span>
     <span class='ocr_line' id='line_1_34' title="bbox 19 3821 243 3888; baseline 0.018 -18"><span class='ocrx_word' id='word_1_287' title='bbox 19 3839 22 3888; x_wconf 62' lang='grc' dir='ltr'><strong>ζ</strong></span> <span class='ocrx_word' id='word_1_288' title='bbox 61 3821 68 3850; x_wconf 88' lang='lat'><strong>¹</strong></span> <span class='ocrx_word' id='word_1_289' title='bbox 83 3821 136 3874; x_wconf 72' lang='lat' dir='ltr'>tui.</span> <span class='ocrx_word' id='word_1_290' title='bbox 149 3843 210 3888; x_wconf 76' lang='lat' dir='ltr'>urs,</span> <span class='ocrx_word' id='word_1_291' title='bbox 221 3831 243 3874; x_wconf 89' lang='grc'>5.</span> 
     </span>
    </p>
   </div>
   <div class='ocr_carea' id='block_1_6' title="bbox 0 0 1349 4596">
    <p class='ocr_par' dir='ltr' id='par_1_7' title="bbox 0 0 1349 4596">
     <span class='ocr_line' id='line_1_35' title="bbox 0 0 1349 4596; baseline 0 0"><span class='ocrx_word' id='word_1_292' title='bbox 0 0 1349 4596; x_wconf 95' lang='lat' dir='ltr'> </span> 
     </span>
    </p>
   </div>
  </div>
 </body>
</html>
