2648 4598
242 272 281 315 RB
304 269 554 316 RESURRECTIONE
577 269 773 315 HORTUORUM·
959 275 1015 338 107

12 379 160 455 nihibere‚
186 376 430 442 demonstrando
451 374 528 462 quid
549 375 655 462 primis
679 385 711 440 et
730 375 925 463 principibus
947 400 1018 443 rere

12 487 167 559 :obteneat
192 495 227 548 ut
247 506 307 548 nee
328 483 441 547 veritas
462 503 522 546 nee
544 482 681 546 veritatis
703 491 771 547 tuta
795 483 1018 548 demonstratio

12 593 185 682 regiigatur‚
207 614 267 656 nee
282 612 351 678 quae
366 603 477 654 natura
493 589 634 654 ordinata
649 601 681 654 et
696 590 842 656 distinata
858 601 932 656 sunt
946 615 1020 656 eon-

12 703 184 773 imdantur,
201 721 260 764 nee
275 695 424 766 naturalis
439 697 533 761 series
549 696 748 762 distrahatur.
769 695 858 762 Unde
874 709 1019 784 oportere

12 810 137 873 rbitror
152 818 188 871 ut
202 805 255 894 qui
270 827 394 892 aequum
405 804 446 869 ad
459 803 650 892 propositam
662 805 865 890 quaestionem
879 805 1019 873 studium

12 915 149 988 iderunt,
169 935 207 978 ae
229 913 402 1001 prudenter
420 911 593 998 dijudicare
612 908 721 975 volunt
741 923 846 975 utrum
862 913 964 976 sutura
980 912 1020 977 sit

12 1045 100 1088 reone
116 1023 327 1087 humanorum
343 1041 512 1108 corporum
527 1019 728 1094 resurreetio,
750 1017 771 1082 ii
786 1019 887 1107 primo
902 1029 1019 1086 attente

12 1130 200 1194 :onsiderent
219 1150 313 1213 quam
329 1127 392 1191 vim
410 1127 631 1212 habeantque
646 1125 686 1190 ad
702 1125 797 1213 hujus
813 1126 857 1190 rei
874 1127 1020 1192 demons-

12 1239 167 1302 rationem
190 1234 306 1310 valent,
332 1247 363 1300 et
387 1257 481 1324 quem
503 1257 633 1321 qumque
654 1233 761 1300 lecum
782 1245 922 1309 teneant,
945 1235 1021 1322 quid

12 1347 150 1420 trimum,
170 1344 245 1432 quid
257 1343 445 1418 seeundum,
460 1342 536 1429 quid
551 1343 692 1416 tertium,
712 1341 789 1429 quid
800 1341 936 1429 denique
948 1363 1021 1428 pos-

12 1476 147 1518 remum.
174 1453 277 1539 Atque
297 1452 330 1516 in
351 1451 399 1515 his
420 1448 621 1538 disponendis
640 1449 743 1537 primo
765 1449 836 1514 loeo
857 1449 1021 1514 statuenda

15 1576 45 1626 st
61 1561 270 1650 generationis
283 1559 449 1624 hominum
465 1580 570 1632 eausa,
588 1557 619 1621 id
635 1568 684 1622 est
697 1556 863 1623 eonsilium
878 1556 964 1644 quod
978 1557 1022 1622 in

12 1667 99 1732 endit
122 1677 245 1732 creator
271 1687 345 1729 eum
370 1664 532 1728 homiuem
552 1662 626 1726 feeit
633 1687 642 1735 3
668 1662 744 1728 huic
764 1661 877 1728 deinde
905 1685 1019 1728 conve-

12 1777 122 1840 denter
143 1772 357 1838 subnectenda
380 1784 427 1836 est
447 1771 612 1840 hominum
632 1783 757 1847 natura,
778 1795 841 1836 non
860 1771 945 1859 quod
963 1793 1017 1835 or-

12 1884 72 1946 ine
88 1880 241 1967 posterior
256 1879 307 1954 sit,
325 1878 380 1941 sed
392 1878 477 1964 quod
490 1889 657 1965 utrumque
672 1877 764 1944 simul
780 1878 945 1966 dijudicari
957 1902 1021 1944 non

12 1989 109 2061 possit,
129 1987 250 2054 etiamsi
269 2008 363 2073 quam
379 1984 513 2049 maxime
532 1983 624 2049 simul
640 1987 783 2062 existant,
804 1987 890 2052 etad
904 2011 1021 2075 propo-

12 2100 91 2161 itam
110 2096 314 2182 quaestionem
334 2116 390 2180 par
409 2105 605 2161 momentum
620 2093 760 2159 afferant.
783 2095 838 2158 His
853 2117 1022 2183 argumen-

12 2207 50 2278 is,
73 2213 107 2268 ut
126 2202 217 2290 longe
238 2201 432 2291 principibus
450 2213 482 2265 et
501 2203 539 2266 ab
561 2203 627 2287 ipse
647 2202 704 2266 Dei
724 2200 849 2288 opificio
868 2203 1018 2289 repetitis,

12 2311 83 2376 lare
110 2312 322 2376 demonstrata
345 2308 546 2382 resurreetio,
574 2331 638 2372 non
661 2309 764 2372 minus
787 2309 960 2373 rationibus
982 2332 1021 2373 ex

16 2420 195 2486 residentia
215 2418 358 2484 deductis
381 2416 598 2491 eoniirmatur,
622 2416 655 2480 id
676 2429 735 2496 est,
759 2441 798 2481 ex
819 2416 931 2482 debitis
954 2419 1021 2483 uni-

12 2530 114 2617 uique
128 2527 248 2593 homini
265 2527 348 2614 justo
366 2524 486 2612 judicio
504 2525 638 2611 praemiis
654 2535 708 2588 aut
724 2526 836 2611 pinnis,
856 2537 887 2591 et
902 2548 1020 2615 propo·

12 2637 67 2700 tio
83 2634 152 2700 vitm
169 2633 313 2704 humanae
326 2631 398 2696 tine.
417 2629 506 2694 Multi
517 2632 602 2694 enim
617 2631 656 2695 de
671 2633 900 2697 resurreetione
916 2634 1020 2719 dispu-

12 2756 100 2809 entes
122 2741 151 2807 ei
172 2742 217 2806 rei
240 2763 334 2828 quam
356 2740 483 2804 tertiam
502 2761 717 2813 numeramus,
741 2763 869 2805 eausam
892 2763 1019 2805 omnem

12 2852 55 2918 nli
71 2852 278 2939 assignarunt,
298 2850 561 2916 resurrectionem
577 2848 645 2914 fieri
660 2860 791 2938 propter·
803 2849 958 2935 judicium
972 2873 1018 2914 ar-

14 2959 115 3024 itrati.
139 2958 234 3035 Quod
249 2957 375 3043 quidem
394 2956 557 3029 manifeste
576 2955 689 3020 salsum
707 2980 746 3020 ex
763 2979 802 3020 eo
822 2958 1018 3023 demonstra-

12 3093 63 3142 Jr,
81 3066 167 3153 quod
181 3067 235 3152 qui
250 3067 439 3142 moriuntur,
459 3068 480 3132 ii
495 3090 604 3133 omnes
620 3066 746 3154 quidem
763 3082 938 3156 resurgant,
954 3093 1018 3135 non

12 3198 106 3242 tmen
128 3174 181 3260 qui
202 3185 367 3262 resurgunt
382 3198 489 3240 omnes
503 3176 694 3263 judicentur.
715 3174 793 3240 Nam
813 3155 918 3240 sisela
933 3177 1018 3263 judi-

12 3287 33 3350 ii
53 3282 183 3370 aequitas
199 3282 433 3347 resurrectionis
449 3305 541 3349 eausa
556 3292 649 3358 esset,
666 3293 825 3369 oporteret
840 3294 875 3346 ut
890 3283 942 3368 qui
958 3305 1019 3347 nee

12 3391 74 3459 rali
86 3391 258 3478 quidquam
269 3403 401 3479 egerunt
412 3414 471 3457 nee
482 3392 570 3466 boni,
583 3389 616 3454 id
626 3402 674 3454 est
684 3391 783 3454 teneri
794 3389 964 3454 admodum
974 3391 1019 3458 iu-

12 3513 111 3573 mtes,
122 3499 357 3584 iinequeetinm
366 3508 573 3588 resurgerent.
589 3497 652 3560 Sed
660 3518 733 3561 eum
741 3497 931 3562 resurreetio
940 3521 1019 3564 eon-

12 3611 130 3676 edutur
146 3631 220 3673 eum
239 3609 358 3674 caeteris
373 3609 532 3683 omnihus,
553 3619 621 3672 tum
641 3607 677 3669 iis
692 3607 786 3670 etiam
802 3607 854 3692 qui
872 3607 970 3696 prima
987 3609 1018 3674 in

15 3729 90 3784 tate
105 3717 219 3781 mortui
235 3728 321 3792 sunt,
343 3718 439 3781 etiam
454 3717 513 3805 ipsi
528 3723 712 3804 argumento
728 3725 801 3780 sunt
815 3716 1018 3782 resurreetio-

12 3849 72 3900 em
91 3847 154 3890 non
172 3837 300 3912 propter
314 3825 470 3915 judicium
485 3824 567 3898 fieri,
587 3825 612 3888 si
626 3823 772 3910 primaria
788 3847 880 3891 cause
896 3835 1018 3914 specte-
