2684 4638
426 296 550 341 coarat
573 297 723 342 natasse.
1026 265 1089 332 5ιὸ

29 399 293 488 antiquissime,
308 413 342 466 et
357 404 505 470 omnibns
523 405 669 494 cognitae,
685 425 702 468 a
718 399 946 491 gloriosissimis
962 397 1088 465 duobus

29 508 213 596 Apostolis
231 509 326 576 Petro
345 523 377 575 et
393 510 494 580 Paulo
507 511 617 579 Roma,¹
632 511 768 578 fundatae
786 523 819 576 et
836 509 1015 575 constituta
1029 508 1090 573 Ee

34 615 174 695 clesiat,
195 643 265 685 eam
282 639 384 706 quam.
399 620 496 687 habet
514 623 553 687 ab
570 619 727 710 Apostolis
744 619 961 694 traditionem,
983 628 1016 682 et
1036 639 1089 682 an-

29 732 233 796 nuntiatam
249 731 432 798 hominibus
443 731 554 808 iidem,
567 755 624 821 per
638 731 852 798 suooetsioaes
867 729 1091 817 episcoporutn

31 840 294 927 pervenientem
308 863 408 929 usque
419 843 460 907 ad
470 865 528 908 nos
542 841 731 917 indicantes,
744 839 967 907 confundimus
979 858 1089 904 omnes

15 947 16 984 ³
32 947 108 1014 eos
129 949 183 1037 qui
195 949 444 1036 quoquomodo,
459 948 507 1015 vel
518 945 826 1038 persihiplaoentia,
837 947 886 1014 vel
897 945 1088 1036 vanumglo-

15 1061 17 1064 ’
32 1059 146 1135 riam,
163 1058 212 1125 vel
228 1081 285 1147 per
296 1059 472 1127 caecitatem
484 1072 516 1124 et
530 1057 649 1125 malam
663 1060 865 1135 senteutiam,
877 1069 1089 1148 preterquam

14 1185 15 1206 ¹
32 1165 179 1258 oporiet
197 1168 361 1260 colligunt.
383 1171 435 1237 Ad
448 1171 533 1236 hanc
546 1171 632 1236 onim
651 1168 826 1236 Ecclesiam
842 1177 970 1258 propter
983 1168 1084 1258 potio·

14 1283 123 1345 lrem
141 1278 406 1368 principalitatem
426 1301 554 1346 necesse
574 1290 622 1344 est
647 1299 776 1344 omnem
799 1279 968 1344 convenire
988 1273 1089 1344 eccle·

36 1389 146 1465 siam,
163 1390 226 1456 hoc
240 1381 301 1465 est,
317 1413 370 1455 eos
386 1390 440 1477 qui
456 1401 530 1454 sunt
546 1388 686 1476 undique
700 1386 822 1460 fideles,
838 1389 871 1454 ia
888 1411 949 1476 qua
964 1411 1088 1476 sempor

13 1505 16 1544 t
36 1497 90 1560 ab
111 1495 161 1560 his
182 1495 235 1582 qui
254 1509 327 1564 sunt
344 1497 487 1585 undique
502 1507 687 1563 conservata
704 1508 799 1562 estea
811 1518 881 1584 quae
892 1507 939 1562 est
954 1497 993 1562 ab
1006 1497 1089 1586 Apo·

13 1629 17 1668 ³
38 1602 141 1672 stolis¹
156 1606 296 1673 traditio.
894 1623 897 1630 '

12 1729 16 1760 ι
95 1715 280 1782 Fundantas
293 1717 389 1804 igitur
399 1726 432 1782 et
444 1717 635 1784 instruentes
646 1717 732 1783 beati
744 1715 885 1806 Apostoli
897 1714 1086 1791 Ecclesiam,

12 1825 132 1891 tLino
163 1826 383 1915 episcopatum
411 1827 668 1894 administrandae
697 1825 846 1894 Ecclesiae
877 1827 1084 1894 tradiderunt.

11 1953 15 1992 t
41 1935 157 2021 Hujus
175 1935 247 2002 tini
264 1935 379 2002 Paulus
393 1939 427 2004 in
447 1937 495 2004 his
512 1959 582 2027 quae
602 1939 733 2005 suntad
749 1938 955 2006 Timotheum
975 1939 1090 2029 episto-

11 2063 15 2102 t
43 2041 91 2108 lis
104 2033 258 2110 meminit.
277 2043 428 2112 Succedit
442 2059 550 2114 autem
566 2049 594 2113 ei
606 2045 777 2115 Anacletus
791 2073 799 2113 ι
816 2061 888 2137 post
903 2069 979 2113 eum
993 2047 1087 2112 tertio

43 2151 125 2218 loco
141 2153 180 2218 ab
198 2151 355 2243 Apostolis
370 2155 587 2244 episcopatum
602 2157 733 2223 sortitur
748 2154 908 2233 Clemens,
928 2157 983 2244 qui
999 2165 1030 2222 et
1043 2155 1088 2220 vi·

10 2269 13 2326 l
43 2263 122 2329 dit
114 2286 198 2352 rpsos
214 2263 396 2354 Apostolos,
408 2277 441 2330 et
448 2265 740 2345 ‘contulitcumeis
752 2279 786 2334 et
801 2291 876 2334 cum
888 2267 1087 2334 adhuoinso·

10 2377 14 2438 i
42 2383 181 2439 nantem
202 2372 461 2462 praedicationem
481 2373 705 2464 Apostolorum
725 2387 758 2442 et
783 2376 985 2443 traditionem
1012 2386 1086 2442 ante

10 2511 13 2548 t
46 2473 164 2548 oculos
184 2483 330 2559 haberet,
350 2505 414 2550 non
435 2483 535 2558 sclusa
557 2485 663 2554 adhuc
680 2487 766 2552 enim
786 2485 878 2552 multi
900 2495 1086 2574 supererant

10 2623 12 2644 ·
43 2603 141 2660 tuno
150 2595 190 2660 ah
207 2591 366 2684 Apostolis
382 2596 477 2662 docti.
498 2596 566 2663 Sub
581 2597 667 2664 hoc
659 2598 754 2686 agitur
770 2594 948 2672 Clemente,
968 2596 1087 2660 dissen-

42 2705 138 2770 sione
170 2729 236 2771 non
265 2705 391 2774 modica
421 2707 503 2772 intur
530 2731 586 2775 eos
607 2710 661 2796 qni
683 2707 828 2774 Corinthi
849 2717 954 2772 essent
974 2705 1087 2770 iratres

43 2813 145 2888 lacta,
162 2814 288 2904 scripsit
303 2837 373 2903 quae
384 2826 432 2880 est
443 2813 553 2881 Romae
564 2815 706 2882 Ecclesia
718 2814 951 2904 potentissimas
966 2810 1085 2877 litteras

44 2922 234 3000 Corinthiis,
251 2923 292 2988 ad
306 2945 418 3012 paoem
429 2945 484 2990 eos
496 2945 706 3013 congregans,
722 2936 755 2989 et
766 2945 915 3012 reparans
926 2919 1024 2988 fidem
1035 2943 1086 2987 co

43 3057 134 3108 rum,
151 3045 183 3099 et
198 3035 388 3100 annuntians
404 3055 501 3123 quam
515 3035 548 3099 in
564 3035 684 3100 recenti
696 3035 736 3099 ab
748 3031 906 3123 Apostolis
921 3042 1087 3120 acceperat

44 3143 271 3220 traditionem,
296 3144 540 3210 annuntiantem
563 3125 668 3208 unum·
687 3144 795 3209 Deum
817 3143 1084 3231 omnipotentem,

44 3253 202 3319 lucturam
217 3253 288 3320 coeli
301 3266 334 3320 et
345 3265 451 3329 terras,
464 3251 687 3342 plasmatorem
698 3253 848 3329 hominis,
862 3253 916 3340 qni
928 3251 1087 3318 induxerit

43 3363 289 3452 cataclysmum,
307 3377 340 3431 et
356 3366 556 3431 advocaverit
568 3364 742 3440 Abraham,
760 3365 813 3452 qui
827 3362 972 3428 eduxerit
988 3384 1088 3450 popu·

42 3472 114 3538 lum
130 3473 170 3539 de
186 3486 269 3538 terra
287 3473 429 3563 AEgypti,
446 3475 501 3564 qui
525 3473 703 3541 collocutus
727 3475 767 3540 sit
782 3473 895 3561 llloysi,
914 3473 967 3560 qui
985 3471 1087 3562 legem

43 3583 250 3672 disposuerit,
270 3596 303 3649 et
323 3582 497 3674 Prophetas
516 3586 649 3660 miserit,
670 3584 724 3672 qui
742 3584 848 3672 ignem
865 3581 1086 3672 praeparaverit

45 3692 174 3758 diabolo
194 3707 226 3758 et
246 3691 374 3782 Angelis
394 3695 473 3781 ejus.
497 3695 591 3759 llunc
611 3691 737 3759 Patrem
752 3692 879 3758 Domini
895 3691 994 3758 nostri
1009 3690 1086 3756 «lesu

46 3801 165 3867 Christi
182 3803 222 3868 ob
242 3802 384 3869 ecclesiis
403 3803 596 3878 annuntiari,
616 3825 655 3868 ex
674 3802 740 3889 ipsa
761 3801 937 3892 Scriptura,
958 3801 1012 3887 qui
1035 3821 1085 3864 ve-

44 3910 105 3978 lint
120 3913 242 3980 discere
261 3926 405 4002 possunt,
424 3926 456 3982 ct
475 3911 692 4004 Apostolioam
707 3911 858 3980 Ecclesiae
880 3911 1085 3977 traditionem
