2586 4642
441 347 563 392 conrar
589 347 740 392 abrasas.
1044 325 1106 413 527

45 485 70 518 ι
93 455 303 530 benefacere,
317 454 472 542 exquirite
484 453 653 542 judicium,
666 453 827 520 defendite
843 453 906 520 rim
922 453 1109 544 patientem,

45 595 72 630 ι
94 566 242 656 judicate
253 563 386 654 pupillo,
400 575 433 631 et
447 563 619 653 justificate
631 563 758 631 viduam
767 587 778 636 t
788 574 822 630 et
836 565 954 640 venite,
970 563 1112 654 dispute-

49 703 74 736 ιι
92 699 183 752 mus,
210 673 287 740 dicit
310 672 494 741 Dominus¹.
523 674 592 738 »Εἰ
617 691 743 739 rursum
762 695 800 738 :r
822 672 945 740 Cohibe
968 672 1109 766 linguam

50 813 74 846 ι
93 798 187 852 tuam
202 807 220 849 a
237 780 333 860 malo,
350 795 382 850 et
397 780 481 850 labia
497 794 551 848 tua
568 807 608 850 ne
624 763 796 871 loquantur
812 781 932 849 dolum.
947 784 1076 852 Diserte
1090 808 1108 851 a

6 903 10 908 '
51 921 75 960 ι
95 893 198 969 malo,
214 904 247 960 et
263 892 312 960 sac
329 893 465 967 bunum;
481 892 605 982 inquire
621 915 747 982 pacem,
762 905 795 958 et
815 915 948 981 sequere
963 894 1066 960 eam’.
1089 923 1102 960 s

52 1005 147 1070 ltaee
159 1015 376 1092 preconantes
385 1002 565 1092 Prophetae,
575 1003 716 1070 fructum
727 1004 877 1091 petebant
888 1003 1027 1092 justitiae.
1040 1006 1110 1074 Non

55 1112 277 1180 credentibus
288 1124 396 1180 autem
412 1110 485 1189 illis,
498 1111 667 1179 novissime
678 1111 764 1178 misit
776 1111 895 1179 Filium
905 1135 1012 1190 suurn,
1025 1115 1112 1183 misit

57 1223 246 1290 Dominum
269 1232 416 1288 nostrum
436 1221 548 1289 desum
564 1220 741 1298 Christum,
763 1245 859 1310 quem
878 1245 953 1290 cum
974 1224 1113 1292 occidis·

59 1345 142 1400 sent
165 1330 239 1398 mali
260 1330 386 1408 coloni,
408 1333 614 1422 projecerunt
637 1343 725 1398 extra
749 1333 884 1400 vineam.
908 1333 1112 1425 Quapropter

2 1441 3 1451 ’
60 1443 202 1510 tradidit
218 1465 289 1510 eam
305 1443 459 1510 Dominus
481 1443 566 1510 Deus
582 1467 646 1510 non
668 1443 735 1533 jam
752 1443 1035 1524 circumvallatam,
1054 1448 1111 1514 sed

60 1576 243 1644 expansam
257 1553 291 1620 in
307 1553 490 1620 universum
503 1553 660 1620 mundum
672 1550 740 1618 aliis
755 1551 888 1630 colonis,
903 1553 1110 1624 reddentibus

1 1678 8 1710 '·
62 1665 195 1732 fructus
212 1664 410 1753 temporibus
421 1663 498 1740 suis,
516 1675 605 1730 turre
617 1660 781 1734 electionis
797 1663 932 1732 exaltata
950 1666 1112 1755 ubiqueet

63 1777 226 1866 speciosa.
242 1775 368 1864 Ubique
381 1775 467 1842 enim
480 1773 631 1864 preclara
643 1787 691 1842 est
701 1775 856 1853 Ecclesia,
869 1788 901 1843 et
917 1777 1035 1866 ubique
1052 1779 1112 1846 eir·

1 1918 2 1924 ¹
63 1887 268 1954 cumlossum
285 1884 426 1954 torcular
442 1909 450 1952 s
467 1887 586 1976 ubique
598 1887 684 1954 enim
695 1901 770 1955 sunt
783 1889 837 1977 qui
853 1889 1031 1978 suscipiunt
1043 1890 1111 1982 Spi-

64 1997 182 2062 ritum.
204 1995 365 2076 Quoniam
383 1995 470 2062 enim
485 1992 603 2061 Filium
621 1981 680 2063 Dei
700 1999 970 2087 reprobaverunt,
991 2011 1024 2067 et
1040 2025 1111 2092 pro·

1 2159 2 2162 ,
64 2107 218 2196 jecerunt
237 2128 326 2182 euru,
347 2128 422 2173 cum
444 2127 519 2172 eum
534 2104 739 2183 occidissent,
763 2117 852 2174 extra
871 2108 1010 2186 vineam,
1026 2111 1111 2199 juste

1 2238 2 2251 ¹
65 2217 253 2307 reprobavit
267 2239 322 2284 eos
336 2216 436 2293 Deus,
452 2227 484 2282 et
496 2227 584 2283 extra
598 2216 722 2284 vineam
733 2218 941 2287 existentibus
953 2219 1110 2292 Gentibus

1 2353 2 2357 ¹
67 2326 161 2394 dedit
176 2325 456 2395 fructificationem
478 2324 621 2392 cultorae.
642 2326 922 2406 Quemadmodum
943 2344 976 2397 et
997 2331 1110 2399 Hiere-

1 2477 2 2497 ÷
69 2436 151 2502 mias
169 2436 325 2526 propbeta
343 2435 388 2502 ait
402 2458 436 2501 :r
451 2433 645 2524 Reprobari!
664 2436 833 2514 Dominus,
849 2451 881 2504 et
896 2441 1015 2531 abjecit
1031 2465 1111 2533 gen·

69 2578 83 2614 s
101 2560 167 2615 tem
178 2546 347 2614 facientem
356 2545 426 2613 hec
439 2568 448 2612 a
459 2546 609 2638 quoniam
620 2545 766 2614 lecerunt
778 2547 834 2615 lilii
843 2549 927 2616 Juda
936 2551 1111 2642 malignum
1215 2553 1218 2562 Α

1 2691 2 2722 t
70 2687 85 2722 s
99 2659 132 2724 in
144 2669 318 2747 conspeetu
330 2678 416 2732 meo,
430 2656 510 2724 dicit
523 2656 678 2722 Dominus
687 2656 711 2721 ⁸.
729 2653 905 2723 »Similiter
917 2671 1025 2727 autem
1039 2663 1111 2729 Hie-

72 2771 188 2836 remias
201 2791 210 2834 r
223 2795 236 2830 r
251 2767 411 2834 Constitui
426 2790 523 2856 super
538 2789 595 2844 vos
607 2765 844 2854 exploratorest
860 2765 978 2835 audite
997 2793 1111 2840 vocem

73 2881 204 2954 stubaer
221 2891 255 2942 et
277 2878 425 2942 dixerunt
443 2899 451 2942 τ
474 2876 544 2942 Non
561 2875 739 2940 audiemus.
763 2874 897 2964 Propter
918 2877 981 2946 boo
999 2881 1111 2950 audie.

74 3021 88 3054 s
103 3001 177 3055 runt
193 2997 315 3075 gentes,
327 2995 360 3050 et
372 2985 425 3073 qui
437 2997 573 3075 pascunt
584 3005 700 3074 peoora
717 2983 749 3049 in
764 2983 809 3050 eis
817 2982 839 3049 ⁶.
860 3010 874 3046 s
890 2984 979 3054 Unus
990 3011 1066 3080 ergo
1078 3003 1112 3059 et

76 3093 160 3160 idem
170 3091 255 3156 Deus
266 3089 372 3165 Pater,
381 3089 435 3176 qui
446 3086 600 3179 plautavit
610 3087 747 3165 vineam,
758 3089 811 3180 qui
823 3089 977 3180 populum
988 3095 1109 3178 eduxit,

75 3201 128 3291 qui
148 3199 323 3290 Prophetas
342 3198 440 3274 misit,
460 3199 514 3288 qui
536 3196 654 3264 Filium
676 3221 771 3266 suum
791 3200 889 3278 misit,
913 3203 967 3290 qui
987 3206 1111 3276 vineam

74 3311 160 3380 dedit
180 3308 249 3376 aliis
268 3307 403 3385 colonis,
424 3307 473 3374 bis
490 3307 546 3396 qui
565 3306 704 3374 reddunt
720 3307 845 3376 fructus
862 3310 895 3377 in
914 3318 1110 3405 temporibus

76 3449 174 3604 lulli.
192 3535 232 3603 Et
246 3547 377 3626 propter
391 3532 455 3602 boe
470 3534 596 3602 dicebat
611 3533 769 3602 Dominus
785 3534 947 3627 discipulis
962 3541 1039 3620 suis,
1053 3545 1108 3612 bo

78 3669 132 3714 nos
146 3647 309 3736 operarios
321 3669 378 3712 nos
387 3667 574 3736 praeparans
586 3667 621 3711 t«
637 3644 802 3714 Attendite
816 3648 918 3726 robis,
935 3661 968 3716 et
985 3653 1109 3744 vigilate

77 3785 89 3820 ι
105 3777 228 3847 semper
238 3757 271 3824 in
286 3755 375 3827 omni
390 3766 546 3847 tempore,
561 3779 602 3823 ne
613 3755 742 3847 quando
753 3769 924 3848 gravemur
934 3765 1031 3831 corde
1044 3789 1111 3834 ves·

109 3905 192 3956 ¹Era'r.
205 3905 381 3972 r,16etseqq.
396 3905 446 3946 -2
455 3907 520 3960 rut
531 3923 620 3967 usuris,
635 3906 674 3967 rt,
689 3907 727 3955 15.
740 3933 769 3946 -
780 3903 790 3940 ⁸
802 3907 897 3958 terem.
913 3925 959 3971 m,
971 3927 1010 3976 29,
1022 3911 1062 3961 ³0.
1077 3941 1108 3952 -

80 3991 189 4044 tteoeu.
203 4007 238 4054 st,
254 4007 292 4056 ¹7·
308 3989 345 4042 aa.
