2616 4620
296 207 358 252 noo
592 257 596 266 ,
639 211 663 250 s.
690 209 717 250 r.
745 207 775 252 r.
804 209 970 255 rusorum

295 311 538 404 Tempusigitur
553 313 733 392 universum
747 313 906 380 swndito
915 313 1173 402 mmincuqne
1184 317 1221 378 sd

296 420 750 512 migrationembsbyloniosm
763 421 989 511 complectitur
998 445 1104 488 annos
1114 425 1261 508 quibo

160 577 166 589 ·
295 550 344 599 tes
360 553 414 596 sex
426 542 459 596 et
475 531 542 598 dies
559 531 680 596 decem.
701 529 984 609 Quemadmodum
999 530 1087 596 Deus
1104 531 1261 619 padio:

294 637 463 704 Jeremiam
476 637 663 728 prophetam
677 635 832 724 populum
850 635 1055 723 Babylonem
1072 639 1232 725 upum
1245 690 1261 698 ..

295 754 363 810 tum
379 746 429 821 iri,
441 745 690 835 praesignihcudt
703 767 757 812 eos
767 767 949 811 reversuros
967 745 1003 810 in
1017 757 1146 810 terram
1159 769 1235 810 sos:
1260 755 1261 838 ᾗ

294 875 392 920 unnos
405 879 456 940 70.
470 853 608 944 Expletis
617 855 713 945 igitur
722 853 812 920 annis
825 877 880 941 70,
891 877 1032 943 regnum
1043 853 1218 928 Persarum
1245 881 1261 893 ·¹

293 961 889 1052 adipiscitur,quisecundumlesemie
898 959 1261 1052 propbetiam‚nlterar.,{

293 1071 341 1138 sui
352 1094 435 1138 anno
447 1072 587 1140 edictum
601 1073 717 1160 scripto
728 1073 948 1160 consignatum
957 1069 1170 1160 pmmnlpt,
1185 1073 1245 1136 utl.
1259 1097 1261 1132 2

293 1181 475 1270 omnesqui
494 1181 527 1246 in
544 1203 602 1248 suo
619 1181 751 1270 imperio
772 1192 890 1255 essent,
904 1180 1048 1269 putrium
1069 1179 1186 1246 sedan
1205 1205 1244 1266 rep

294 1301 377 1364 rent,
400 1298 433 1355 et
453 1288 606 1379 templum
626 1289 694 1356 Deo
717 1289 938 1365 instaurarent,
962 1287 1055 1376 quod
1078 1289 1235 1379 predicte

292 1397 463 1486 Rabylonis
477 1409 640 1466 everterat.
659 1398 710 1479 Ad
724 1397 793 1464 hec
806 1397 909 1486 Cyrus
923 1397 1043 1476 divinis
1053 1399 1157 1486 jussis
1171 1400 1247 1462 obt:

293 1529 379 1582 rans,
395 1508 427 1574 in
442 1507 596 1590 mandatis
610 1506 697 1572 dedit
709 1506 878 1574 Subesssro
893 1517 926 1571 et
939 1505 1129 1577 Mithridati
1143 1505 1246 1571 sutelis

293 1615 370 1690 suis,
385 1627 420 1680 ut
434 1639 505 1682 vass
521 1639 560 1682 ex
574 1615 693 1704 templo
706 1615 823 1684 Judaeae
837 1637 856 1680 a
872 1615 1196 1682 Nabuchodonosor>
1207 1639 1239 1678 es

293 1733 357 1788 tnts
377 1723 577 1800 restituerent
593 1735 628 1790 et
645 1735 832 1814 reponerent
849 1721 1031 1811 intemplo.
1051 1723 1154 1789 Anno
1167 1725 1250 1811 igit:-

293 1830 399 1897 cundo
411 1830 486 1918 (lyri
498 1828 697 1920 complentur
706 1832 781 1900 enni
791 1829 834 1898 illi
845 1830 1047 1920 septuaginta
1063 1853 1084 1895 o
1099 1831 1249 1918 Jerrns'up·

293 1937 378 2006 dicti.

336 2044 455 2118 xxvi.
479 2048 562 2126 Hinc
579 2049 757 2139 perspicere
776 2048 863 2127 licet,
884 2049 1051 2138 quomodo
1077 2051 1252 2138 sntiqnhsr·

293 2154 429 2228 seriores
454 2157 711 2226 demonstrentur
737 2183 834 2238 sacre
860 2160 946 2249 spud
974 2183 1034 2226 nos
1068 2159 1182 2234 litters,
1199 2181 1250 2244 qe:

293 2261 394 2338 Graeci
412 2277 445 2328 ct
463 2264 614 2356 AEgyptii,
634 2279 668 2334 et
686 2269 712 2334 si
731 2269 784 2356 qui
803 2266 854 2342 alii
872 2267 1017 2342 extitere,
1034 2267 1246 2350 histos-trouu

292 2389 352 2434 res.
371 2370 549 2446 Herodotus
563 2375 648 2450 enim
665 2386 699 2441 ot
711 2373 911 2464 Thucydides
925 2385 958 2440 et
971 2374 1165 2466 Xenophon
1174 2373 1249 2462 erpi-

292 2499 354 2565 quo
369 2475 420 2560 elii
433 2479 587 2558 historici,
604 2483 729 2552 initium
742 2483 807 2550 fere
821 2483 1013 2550 scribendis
1032 2483 1116 2571 Cyri
1131 2497 1162 2550 et
1173 2485 1242 2550 llu'l*

292 2608 354 2674 gno
372 2585 527 2668 lecerunt,
546 2613 620 2658 cum
635 2592 675 2658 do
694 2591 878 2680 untiquispet
895 2592 1004 2680 primis
1023 2597 1247 2684 temporhun

217 2732 221 2740 ι
291 2706 419 2782 possent
432 2711 579 2772 accurate
595 2700 709 2773 dicere.
732 2701 818 2782 Quid
835 2702 920 2766 enim
938 2703 1048 2790 magni
1064 2702 1214 2776 dixerint,
1224 2724 1259 2788 sa¹

291 2803 387 2884 Durio
401 2816 433 2870 et
448 2807 544 2895 (lyro,
560 2809 614 2896 qui
633 2831 721 2897 reges
736 2810 820 2898 spud
835 2808 989 2877 Barbaros
1004 2809 1110 2887 fuere,
1131 2826 1183 2877 sut
1195 2809 1247 2876 del·

291 2933 372 2999 pyro
388 2925 422 2978 et
439 2914 552 3003 llippio
570 2914 624 3002 qui
638 2915 724 3004 epud
741 2915 881 2992 Grecos,
897 2929 952 2982 ant
971 2917 1012 2982 de
1026 2917 1240 2986 Atheniensim

292 3015 603 3094 Lecedaemoniorum
622 3019 712 3088 bullis
732 3023 897 3111 scripsere,
917 3035 972 3090 aut
991 3024 1033 3106 de
1055 3029 1153 3095 rebus
1170 3053 1186 3094 a
1205 3029 1251 3094 le

292 3129 389 3216 gustiq
402 3141 457 3194 aut
475 3153 493 3194 a
511 3129 676 3206 Psusanbr,
698 3131 750 3218 qui
770 3133 803 3198 in
823 3131 969 3200 llinervae
989 3134 1110 3222 templo
1130 3162 1204 3227 pene
1221 3139 1259 3212 hal

293 3249 422 3314 occutus
445 3248 492 3302 est
500 3261 512 3326 ξ
525 3250 581 3309 aut
595 3238 635 3304 de
650 3236 862 3326 Themistocle
882 3251 914 3304 et
928 3237 1013 3320 bello
1028 3240 1245 3331 Peloponnesia

294 3357 349 3410 out
361 3344 400 3410 de
411 3343 573 3412 Alcibiade
587 3358 620 3411 et
634 3345 854 3436 Thrasybulo?
871 3347 979 3436 Neque
989 3348 1076 3418 enim
1088 3352 1162 3420 milri
1172 3379 1258 3444 prope

252 3463 256 3470 '
294 3463 363 3520 tum
382 3467 429 3520 est
446 3453 619 3543 loquaciter
637 3457 742 3524 omnis
756 3458 914 3546 persequi,
930 3458 986 3524 sed
1000 3481 1153 3528 sanonum
1166 3490 1182 3530 a
1194 3465 1258 3530 nord

294 3564 453 3630 creatione
463 3587 633 3636 numerum
645 3565 860 3648 demonstrare
873 3577 906 3634 ct
920 3590 1067 3656 operosas
1077 3569 1197 3659 ineptius
1205 3576 1258 3659 scrip

293 3683 400 3738 torum
414 3696 557 3762 arguere,
574 3675 691 3765 quippe
707 3699 780 3742 cum
795 3699 856 3742 uec
867 3677 976 3766 viginti
990 3675 1076 3743 mille
1089 3683 1222 3768 myrisdu
1232 3693 1258 3744 u*

293 3803 408 3848 norum
422 3781 550 3860 suerint,
568 3795 604 3850 ut
614 3783 702 3853 Plato
713 3785 938 3874 pronuntiavit,
954 3785 1084 3866 tolidem
1097 3793 1216 3856 emundi
1226 3814 1257 3854 ur·
