2630 4614
351 215 390 276 ali
718 235 848 279 ramses
875 235 985 280 assam

348 335 462 402 solens.
481 335 681 424 Quapropter
696 336 822 425 propria
841 345 1035 402 monumenta
1050 335 1170 410 numus,
1181 339 1226 404 du

347 469 417 522 nos,
436 458 471 510 ut
485 442 595 510 similia
610 443 796 522 fabulantes,
809 447 990 536 approbate.
1010 446 1051 511 le
1064 468 1109 511 nos
1118 445 1225 533 quidone

345 555 537 643 desipimus:
559 564 659 620 vestra
678 565 784 620 autem
803 577 896 621 merae
915 567 988 620 sunt
1003 577 1088 644 nuga.
1107 553 1220 641 liguas

345 687 419 730 nem
445 662 577 728 deorum
601 664 794 740 memoratis,
817 665 911 730 etiam
938 661 1075 731 mortales
1090 685 1133 728 eoa
1146 659 1220 726 dedas

345 771 411 836 Cur
429 770 515 835 enim
532 791 619 835 nuno
636 769 721 836 June
739 793 803 836 non
820 770 982 860 prmgnati
1000 769 1221 834 Ueronensum

344 881 432 945 deest
453 880 506 968 spui
528 879 616 946 volsis
639 880 786 946 nuntium
806 879 938 945 all'erati
963 878 1082 946 Credite
1102 877 1223 943 nonemo

344 989 459 1065 Graeoi,
475 1011 535 1056 neo
549 987 684 1065 fabulas,
700 1011 760 1055 neo
771 988 845 1054 deos
856 1001 975 1054 vestros
990 987 1030 1053 ad
1041 985 1224 1074 allegoriantole¹

346 1096 425 1162 Nam
453 1096 479 1162 si
502 1096 536 1161 id
558 1095 661 1162 faeere
683 1095 821 1172 tentetis,
844 1105 945 1160 vestra
967 1095 1060 1160 etiam
1078 1115 1093 1158 a
1111 1092 1228 1158 sottum

344 1217 536 1271 evertuntur.
557 1204 616 1272 Vel
631 1206 715 1270 enim
729 1204 885 1270 daemones
902 1203 1054 1292 improbis
1069 1213 1130 1268 sunt
1139 1199 1228 1264 nodus

344 1313 422 1378 tales
440 1326 514 1380 sunt
531 1313 638 1403 quales
656 1312 741 1403 apud
758 1337 813 1380 vos
830 1313 995 1385 dicunturs
1019 1310 1066 1378 rel
1084 1309 1228 1376 sumsere

345 1421 385 1487 ad
400 1433 557 1497 naturam,
572 1421 671 1487 nonii
688 1433 761 1486 sunt
775 1421 828 1509 qui
846 1419 1006 1487 dieuntur.
1027 1417 1156 1508 Equidem
1167 1412 1229 1480 slsis

345 1529 419 1596 dam
433 1528 661 1596 elementorum
679 1543 824 1598 naturam
841 1553 902 1598 neo
918 1529 1060 1596 adducar
1075 1527 1140 1614 ipse,
1153 1543 1230 1606 nepa

344 1662 440 1728 quam
455 1639 647 1706 adduxerim.
666 1641 861 1708 Metrodorus
872 1654 979 1706 autem
994 1631 1228 1728 Lampssaeuuilt

345 1747 385 1813 de
407 1749 544 1814 Homero
562 1748 673 1816 stolide
690 1773 819 1840 prorsus
837 1751 996 1826 disseruit,
1019 1747 1117 1815 omnia
1132 1737 1230 1830 adplp‘l

344 1856 426 1944 giam
447 1877 607 1924 revocans.
633 1857 712 1924 Nam
735 1881 795 1926 neo
815 1858 987 1932 lunonem,
1012 1879 1073 1923 neo
1092 1854 1229 1922 llioffit

346 1961 523 2052 Apollinem
543 1963 576 2029 id
594 1987 662 2031 esse
680 1965 756 2032 dicit
774 1965 859 2055 quod
882 1965 1063 2030 existiment
1080 1962 1128 2050 qui
1145 1951 1233 2024 alala*

344 2068 459 2159 templa
481 2072 723 2149 constituerunt,
743 2074 799 2140 sed
817 2086 936 2140 naturae
954 2085 1062 2162 partes
1081 2067 1231 2136 stelenus:

345 2179 571 2268 dispositiones.
591 2183 760 2251 Hectorem
774 2184 870 2250 etiam
883 2195 916 2249 et
931 2181 1090 2250 Achillem
1103 2191 1132 2246 et
1143 2177 1229 2264 ΨΜ

344 2314 429 2366 nem,
449 2314 488 2358 so
507 2315 615 2358 omnes
633 2292 762 2360 omnino
780 2293 905 2360 Graeooa
924 2303 957 2358 et
975 2273 1231 2358 parlamentis

344 2411 376 2466 et
392 2399 515 2477 Paride,
532 2402 573 2466 ad
590 2401 733 2468 eamdam
751 2415 897 2468 naturam
910 2399 1021 2467 referri
1041 2398 1154 2472 dicetis,
1165 2382 1235 2456 edis

344 2509 580 2598 dispensationis
598 2533 690 2577 causa
707 2511 903 2579 introductos
916 2511 1025 2588 luisse,
1047 2533 1120 2578 uum
1134 2499 1236 2596 ΜΨ

343 2615 507 2682 hominum
519 2615 623 2682 nullus
634 2618 793 2684 extitisset.
813 2618 915 2708 Atque
929 2617 998 2685 lsaeo
1013 2617 1137 2706 quidem
1149 2605 1236 2676 minti

343 2722 530 2812 protulimus
536 2751 546 2798 ;
573 2735 711 2792 nostram
731 2727 816 2792 enim
837 2727 895 2793 Dei
917 2728 1128 2816 cognitionem
1147 2742 1177 2786 ne
1190 2723 1244 2804 eor]

342 2831 472 2917 quidem
489 2831 535 2898 las
553 2843 600 2899 est
614 2854 688 2899 eum
702 2834 739 2898 iis
754 2833 807 2921 qui
822 2833 854 2898 in
868 2833 997 2898 materia
1013 2842 1046 2898 et
1060 2831 1125 2898 luto
1139 2815 1244 2892 roluuusl

386 2939 492 3005 XXll.
517 2941 632 3020 Quales
651 2943 737 3008 enim
757 2953 831 3008 sunt
850 2939 1021 3030 disoiplinae
1039 2935 1162 3006 vestre?
1178 2927 1244 3008 ona

342 3048 441 3114 rideat
455 3049 609 3116 solemnes
627 3063 748 3118 vestros
764 3063 796 3118 et
810 3052 943 3143 publicis
957 3061 1099 3140 peractos
1113 3038 1244 3146 sumptdu'l

342 3157 411 3234 dos,
425 3158 478 3245 qui
489 3183 657 3249 pravorum
668 3160 848 3228 daemonum
861 3161 1026 3228 oooasione
1036 3152 1182 3226 eelebrad,
1193 3139 1244 3230 houd

342 3268 374 3334 in
389 3268 590 3358 ignominiam
604 3269 802 3360 impingunt?
817 3268 888 3338 Vidi
904 3289 1116 3359 saepenumero
1125 3253 1240 3351 pondu·

342 3401 415 3444 oum
429 3379 567 3446 viderem
583 3380 713 3446 miratus
727 3403 810 3456 sum,
826 3391 859 3445 et
872 3390 1039 3468 postquam
1052 3376 1170 3444 miratus
1181 3369 1244 3464 suusl

211 3527 217 3536 =
341 3490 467 3579 tempsi,
486 3504 522 3556 ut
542 3491 595 3579 qui
610 3489 688 3556 alius
702 3491 742 3556 sit
757 3491 854 3566 intus,
873 3489 947 3556 loris
965 3499 1070 3554 autem
1084 3486 1114 3551 id
1128 3475 1194 3570 quud
1204 3471 1244 3535 ”llll

343 3600 533 3665 mentiatur:
555 3600 653 3676 hune,
670 3600 811 3689 inquam,
830 3599 893 3666 vidi
908 3599 982 3666 luxu
997 3597 1085 3666 raldo
1102 3587 1244 3660 diffluentes-l

342 3703 471 3772 mollitie
490 3708 578 3774 omni
597 3708 744 3786 lraetum,
766 3733 804 3776 ao
821 3709 918 3775 modo
934 3706 1033 3775 oeulis
1047 3671 1244 3773 rutilanunfll

342 3836 451 3879 manus
466 3817 530 3882 huc
544 3830 576 3882 et
591 3818 665 3883 illue
681 3831 855 3884 versantem
869 3831 902 3883 et
917 3817 1020 3884 lutoso
1035 3816 1120 3882 vultu
1131 3797 1244 3876 iosoulttll
