2648 4634
221 255 286 332 dno
544 272 656 318 sistri
680 271 794 316 rasam
818 273 879 315 nro.
907 271 938 314 ιν

221 381 307 446 niam
326 389 357 444 et
377 377 488 452 amicir
512 390 545 444 et
567 380 607 444 ab
628 378 800 454 extraneis,
821 379 972 466 quoniam
991 389 1025 442 et
1046 375 1179 442 inimici.
1204 373 1258 439 uu

221 500 270 554 est
287 488 374 556 enim
391 509 464 555 vera
482 500 516 554 et
533 488 601 555 sine
620 487 873 556 contradictione
891 487 1052 576 probatio,
1071 508 1144 575 qum
1162 486 1260 550 οῑὶεω

221 600 261 665 ab
280 597 463 666 adversariis
482 597 558 687 ipsis
579 596 701 688 singula
724 597 953 666 testificationis
972 595 1123 686 profert:
1144 595 1184 660 iu
1198 595 1261 684 ipsa

222 707 350 796 quidem
367 706 531 774 manifesta
551 729 607 773 sua
626 707 747 774 visione
764 707 917 775 convictis
935 705 1145 798 depromenti
1163 727 1263 794 nego

223 817 280 893 tio,
303 829 336 882 et
357 815 613 893 testificantibus,
636 828 668 882 et
690 814 957 906 significantibum
986 828 1097 907 postea
1121 836 1208 880 vero
1229 813 1263 878 ad

223 925 419 992 inimicitiam
439 924 696 1016 erumpentibus,
717 934 750 990 et
770 925 1005 1001 accusantibus,
1026 935 1061 990 et
1078 919 1265 988 volentibus

222 1057 287 1102 non
307 1055 376 1099 esse
395 1053 509 1100 verum
530 1053 625 1099 suum
645 1032 873 1100 testimonium.
898 1033 968 1103 Non
987 1055 1065 1122 ergo
1087 1029 1179 1098 alius
1204 1045 1264 1097 erat

224 1143 278 1234 qui
293 1141 559 1231 cognoscebatur,
576 1153 609 1207 et
622 1139 702 1207 alius
717 1141 772 1229 qui
788 1140 914 1208 dicebat
928 1165 936 1208 s
954 1141 1081 1210 «Nemo
1097 1141 1265 1230 cognoscit

224 1251 394 1323 »Patrema
410 1279 423 1313 s
446 1250 503 1316 sed
520 1273 602 1317 unus
618 1261 652 1316 et
666 1250 766 1326 idam,
781 1251 887 1317 omnia
902 1251 1095 1340 subjiciente
1111 1251 1147 1316 ei
1163 1249 1262 1322 Patra.

225 1373 258 1428 et
269 1362 309 1428 nb
321 1359 469 1428 omnibus
480 1359 637 1448 accipiens
651 1359 882 1435 testimonium,
898 1361 1052 1449 quoniam
1063 1382 1146 1426 vere
1158 1357 1262 1431 bomo.

225 1484 259 1538 et
276 1469 426 1560 quoniam
441 1491 515 1535 vere
529 1468 628 1544 Deus,
647 1491 665 1534 a
683 1468 789 1548 Patre,
807 1493 824 1535 a
844 1469 976 1559 Spiritu,
997 1470 1038 1536 ab
1058 1469 1214 1560 Angelis,
1231 1473 1263 1536 ab

226 1581 294 1671 ipsa
309 1578 503 1656 conditione,
519 1578 561 1645 ab
576 1578 776 1657 bominibus,
788 1591 822 1646 et
836 1581 875 1646 cb
889 1579 1074 1669 apostaticis
1088 1581 1261 1670 spiritibus,

228 1700 262 1755 et
283 1686 457 1764 demoniis,
479 1697 513 1753 et
532 1688 572 1754 nb
592 1687 735 1766 inimico,
758 1700 791 1754 et
811 1690 978 1756 novissime
997 1691 1037 1756 ab
1059 1691 1133 1780 ipsa
1154 1704 1260 1757 morte.
1319 1769 1320 1772 Ἴ

229 1797 345 1866 Omnia
363 1808 471 1863 autem
488 1793 587 1864 Filius
605 1795 829 1865 administrans
846 1797 944 1880 Patri.
966 1798 1098 1888 perficit
1118 1803 1162 1867 eb
1184 1801 1261 1866 initio
1319 1775 1320 1800 ¹

228 1929 328 1997 usque
343 1905 384 1972 ad
395 1905 505 1982 finem,
520 1917 554 1972 et
568 1906 636 1973 sine
649 1904 702 1974 illo
714 1927 809 1974 nemo
824 1919 928 1996 potest
938 1925 1142 1998 cognoscere
1153 1909 1257 1976 Deum

228 2015 358 2107 Agnitio
375 2013 461 2081 enim
478 2012 593 2091 Petris,
612 2012 727 2088 Filius:
750 2015 868 2106 agnitio
885 2026 993 2081 autem
1012 2014 1090 2082 Filii
1110 2017 1146 2083 in
1165 2017 1258 2090 Patra,

229 2138 262 2192 et
277 2147 335 2214 per
349 2121 467 2191 Filium
481 2121 618 2191 revelata
636 2147 645 2188 ε
665 2136 698 2191 et
711 2135 842 2214 propter
860 2124 922 2193 boc
936 2124 1100 2192 Dominus
1115 2126 1256 2194 dicebat:

239 2235 366 2303 «Nemo
383 2235 546 2323 cognoscit
565 2231 698 2309 Filium,
716 2233 776 2300 nisi
791 2233 901 2308 Pater:
924 2258 1030 2324 neque
1045 2234 1195 2314 Panem,
1209 2239 1260 2302 nisi

230 2341 368 2417 »Filius
384 2353 418 2406 et
432 2343 687 2433 quibuscumque
700 2339 799 2409 Filius
817 2343 1011 2411 revelaverit.
1028 2373 1043 2408 ι
1063 2346 1262 2413 statum

230 2451 330 2526 enim,
345 2469 412 2514 non
431 2448 535 2516 solum
553 2450 587 2516 in
603 2449 749 2515 futurum
764 2448 962 2527 dictumest,
980 2452 1076 2539 quasi
1095 2465 1172 2520 tunc
1183 2454 1260 2520 iuce-

232 2559 315 2652 perit
333 2557 477 2628 Verbum
496 2556 698 2625 manifestare
716 2556 855 2634 Patrem,
879 2581 953 2627 cum
969 2559 1015 2638 do
1038 2559 1141 2628 diaria
1162 2575 1258 2636 natue

234 2669 291 2737 sed
305 2668 518 2741 communiter
535 2689 593 2757 per
610 2677 715 2732 totum
733 2675 860 2756 tempus
878 2667 1017 2756 positum
1032 2679 1095 2735 est.
1117 2669 1169 2736 Ab
1185 2671 1262 2736 initio

234 2779 321 2846 enim
331 2778 478 2845 assistens
488 2774 588 2843 Filius
598 2797 656 2841 suo
666 2774 824 2865 plasmati,
837 2773 955 2842 revelat
965 2777 1122 2845 omnibus
1133 2779 1262 2852 Patrem.

236 2888 351 2977 quibus
366 2886 446 2964 vult,
461 2899 494 2952 et
507 2884 635 2975 quando
646 2883 725 2962 vult,
742 2895 775 2951 et
788 2885 1063 2974 quemadmodum
1073 2887 1146 2954 vult
1157 2889 1262 2956 Pater:

236 3008 269 3063 et
283 3007 413 3088 propter
427 2996 490 3063 hoc
504 2996 537 3062 iu
552 2995 700 3064 omuibus
715 3005 748 3060 et
763 3017 821 3084 per
839 2994 945 3060 omnia
966 3018 1050 3062 unus
1066 2997 1159 3064 Deus
1169 2996 1264 3070 Pater,

235 3117 270 3175 et
291 3127 393 3174 unum
412 3101 568 3180 Verbum,
588 3101 701 3180 Filius,
723 3113 756 3170 ct
775 3127 857 3171 unus
878 3101 1028 3194 Spiritus,
1051 3117 1086 3173 et
1107 3129 1174 3174 uua
1193 3105 1267 3174 saltu

236 3217 387 3286 omnibus
401 3215 604 3286 credentibus
618 3215 652 3282 iu
665 3236 750 3282 eum.
