2688 4626
236 223 297 298 ¹44
529 237 642 282 ssucrr
664 237 785 286 susrrru
809 240 963 285 uternis

233 348 391 416 »cationis
407 348 485 434 eius·
503 345 582 412 Dete
598 347 736 414 Domino
746 348 830 434 petri
840 347 1029 415 seeculonrm
1043 347 1197 436 glorinms
1214 369 1272 410 sc·

234 483 246 518 s
262 455 356 546 cipite
366 453 511 544 gretiam,
527 466 560 519 et
571 453 770 542 ingredimini
783 453 816 520 in
828 467 1035 542 conspectum
1044 455 1130 541 ejus,
1142 453 1269 518 etsdo-

234 593 246 626 s
262 577 328 630 roto
343 565 375 629 in
391 564 477 658 ntpiis
489 563 604 629 sanctis
620 563 699 651 ejus.
714 561 955 630 Metustasncie
968 567 1039 652 ejus
1048 565 1156 630 omnis
1168 576 1267 635 terra.

233 703 245 736 s
260 685 293 738 et
309 683 512 764 prosperetur
529 684 616 738 recte
632 673 769 762 egendo,
787 685 820 740 et
838 696 903 739 non
922 685 1176 741 commoveatur.
1198 672 1269 738 Lt-

233 812 245 848 »
261 793 368 848 tentur
379 782 412 848 in
423 783 590 869 gentibus:
609 782 764 848 Dominus
775 784 916 872 regnavit
927 807 945 847 o
957 782 1074 872 ligno¹.
1090 812 1104 844 ι

274 887 373 954 XLll.
398 888 610 967 Quendonam
631 900 738 954 autem
758 889 862 954 lutura
883 890 1090 977 propheticus
1113 887 1268 976 Spiritum,

232 1009 268 1060 ut
287 997 352 1084 jem
371 983 453 1060 lacta
473 998 671 1085 pronuntiet,
697 997 968 1085 quemadmodum
990 997 1040 1062 vel
1066 999 1102 1067 in
1131 999 1170 1062 iis
1198 1022 1267 1084 que

231 1101 407 1178 attulimus,
423 1103 673 1170 animadvertere
688 1115 752 1177 est;
774 1105 806 1169 id
825 1128 964 1193 quoque.
986 1129 1028 1170 ne
1043 1127 1144 1192 quem
1157 1104 1267 1192 legen-

232 1214 317 1279 tibus
336 1212 571 1276 exeusationem
589 1213 741 1302 praebeot,
761 1209 1009 1298 explanabimus.
1034 1211 1119 1290 Quae
1136 1213 1263 1278 omnino

234 1324 358 1414 cognite
374 1332 447 1388 sunt
461 1313 579 1396 sutura,
600 1344 637 1386 es
657 1333 693 1384 ut
710 1322 775 1408 jem
793 1320 875 1384 lacta
895 1321 1050 1408 praedicit.
1075 1322 1146 1386 Cur
1158 1339 1262 1386 sutem

232 1431 274 1496 itu
291 1453 341 1496 res
358 1428 540 1518 accipiendo
556 1430 609 1502 sit,
624 1429 766 1494 animum
782 1428 822 1492 od
833 1451 870 1492 en
891 1450 962 1515 quae
977 1427 1131 1494 dicentur
1149 1431 1252 1494 ndrcr-

231 1539 298 1604 tite.
327 1537 427 1603 Dnvid
446 1537 536 1602 ennis
557 1535 642 1600 millo
667 1547 699 1600 et
719 1535 898 1626 quingentis
923 1548 1098 1625 antequem
1122 1537 1258 1602 Christus

233 1648 329 1714 homo
348 1648 448 1714 lactus
468 1646 721 1742 crucifigeretur,
741 1646 922 1734 supradicta
942 1647 1179 1734 pronuntiarim
1203 1669 1258 1712 nec

233 1759 398 1846 quisquam
410 1767 482 1822 ente
493 1778 569 1823 eum
580 1754 751 1820 crucifixus
763 1752 902 1821 laetitiam
910 1756 1059 1843 gentihus
1070 1755 1192 1830 attulit.
1209 1755 1256 1820 sed

233 1888 336 1954 neque
347 1866 443 1930 etiem
456 1875 529 1954 post
544 1887 627 1930 eum.
648 1863 762 1930 Noster
776 1875 883 1930 nutem
893 1863 986 1930 lesus
998 1865 1149 1932 Christus
1163 1868 1258 1932 cruci

232 1973 312 2040 lixus
327 1985 359 2038 et
374 1985 518 2038 mortuns
532 1973 703 2040 resurrexit
717 1984 749 2036 et
763 1973 904 2061 regnavit
919 1973 952 2039 in
967 1973 1089 2040 uoelurn
1104 1996 1257 2042 reversost

231 2091 326 2168 etque
344 2102 383 2144 ox
401 2080 437 2144 iis
458 2103 527 2168 qum
546 2080 615 2167 ejus
638 2080 765 2145 nomine
789 2103 847 2168 per
865 2079 1035 2168 Apostolos
1055 2081 1091 2146 in
1119 2082 1259 2146 omnibus

231 2189 377 2280 gentibus
389 2188 589 2279 promulgato
604 2199 690 2262 sunt,
706 2187 879 2254 laetitiuest
897 2211 1009 2254 eorum
1024 2189 1082 2278 qui
1099 2189 1258 2256 annuntio·

233 2309 298 2362 tsm
313 2299 352 2361 ob
368 2318 407 2361 eo
421 2297 518 2362 vitum
534 2296 752 2385 incorruptum
767 2306 960 2385 exspectent.

275 2403 390 2470 XLlll.
409 2401 456 2468 Ne
471 2403 541 2491 quis
556 2415 665 2468 eutem
679 2426 718 2468 ex
733 2404 769 2468 iis
787 2427 858 2492 quse
875 2403 1092 2492 exposuimus,
1114 2405 1146 2468 id
1163 2427 1179 2466 n
1197 2425 1249 2468 no-

231 2513 280 2580 bis
301 2511 364 2577 dici
385 2510 524 2600 colliget,
547 2511 602 2578 tati
622 2511 807 2578 necessitato
826 2512 933 2578 omnia
953 2511 1037 2587 fieri,
1059 2535 1098 2578 ex
1115 2535 1153 2578 eo
1172 2511 1249 2598 quod

231 2623 422 2714 praecognits
435 2623 503 2712 jem
517 2621 706 2694 dixerimus;
727 2621 759 2686 id
774 2643 901 2708 quoque
917 2609 1117 2687 dissolvimus.
1136 2619 1242 2684 Edocti

231 2755 249 2797 e
271 2732 435 2823 prophetis
454 2753 564 2820 poenss
586 2741 619 2796 et
639 2729 793 2820 supplicis
813 2752 852 2794 uc
872 2732 973 2795 bonus
995 2727 1242 2796 remunerationes

232 2863 289 2926 pro
305 2840 425 2916 meritis
440 2838 596 2925 cujusque
607 2839 770 2904 notionum
782 2837 925 2926 irrogari,
943 2836 1247 2904 vernmidcssccou·

231 2945 406 3012 firmemus.
434 2946 513 3012 Num
530 2946 554 3010 sl
571 2969 621 3011 res
638 2946 681 3010 ite
697 2969 730 3012 se
745 2969 809 3012 non
825 2945 933 3020 hebet,
951 2968 990 3011 ao
1004 2947 1060 3011 suti
1080 2945 1249 3011 necessitate

231 3054 314 3121 liunt
328 3055 449 3128 omnim
468 3053 574 3120 nullus
588 3057 655 3144 jam
671 3054 772 3122 libero
787 3056 917 3121 arbitrio
933 3053 1035 3122 locus.
1055 3055 1089 3122 Si
1104 3052 1253 3121 enimlsto

233 3165 397 3232 decretum
413 3174 461 3227 est
478 3162 567 3228 hune
581 3185 649 3228 esse
664 3163 798 3237 bonum,
814 3163 910 3227 istum
925 3173 1033 3229 autem
1048 3162 1187 3234 melnms
1207 3185 1256 3227 ne·

233 3295 294 3361 quo
310 3273 363 3340 hie
374 3270 564 3348 laudandus,
581 3294 685 3361 neque
698 3272 755 3337 iste
768 3272 1002 3360 vituperandus.
1023 3273 1072 3340 Ac
1088 3297 1198 3338 rursus
1208 3272 1258 3337 nisi

232 3381 409 3448 humanum
424 3401 523 3470 genus
535 3378 718 3446 fucultatem
733 3379 850 3446 habeut
861 3379 958 3446 libero
970 3381 1069 3446 enimi
1081 3382 1262 3448 inductione

231 3498 264 3553 et
284 3488 424 3575 fugiendi
445 3487 547 3576 turpia
569 3498 602 3553 et
620 3487 753 3554 honeste
772 3486 927 3562 secundi,
950 3500 1038 3574 extre
1057 3491 1189 3556 noxium
1207 3497 1259 3559 est,

232 3593 387 3682 quidquid
401 3595 511 3682 egerit.
531 3593 595 3660 Sed
611 3593 708 3660 libera
724 3594 821 3660 animi
838 3593 1020 3662 inductione
1035 3595 1205 3664 hominem
1219 3593 1263 3662 vel

232 3705 314 3770 bene
332 3724 425 3790 ogere
443 3701 492 3768 vel
512 3701 606 3780 male,
629 3705 675 3772 sic
695 3703 957 3771 demonstremus.
982 3703 1157 3774 Hominem
1174 3728 1262 3772 eum·

266 3829 351 3881 ‘Ptol
362 3845 419 3888 xes,
435 3847 455 3880 s.
