2688 4626
377 203 417 248 ru
440 202 563 246 sucos
585 201 799 248 euroaustro.
1041 199 1102 264 ¹79

40 295 136 370 ratis
153 315 193 370 et
207 316 359 372 accurate
374 305 580 396 investigetis,
600 329 670 392 quie
687 328 706 369 a
723 306 850 379 restris,
863 317 905 370 ut·
911 305 972 394 ipsi
986 302 1101 381 dicitis,

38 413 226 500 magistris
239 413 324 479 dicta
340 425 425 478 sunt.
441 413 523 478 Nam
538 425 572 477 et
586 412 651 500 ipsi·
660 410 765 478 niuno
776 433 886 479 rerum
896 412 1105 478 humanarum

38 521 271 610 providentia
287 521 393 588 coacti
405 532 478 586 sunt
492 516 593 586 multa
609 520 777 586 uobiscum
792 519 937 586 facientia
954 520 1005 585 vel
1020 522 1107 587 inriti

37 631 194 708 dicere,
212 632 235 697 ii
249 631 425 720 presertim
438 629 492 718 qui
505 630 537 694 iu
548 627 687 718 AEgypto
699 613 812 695 versati
824 625 910 706 sunt,
922 639 954 694 et
965 623 1005 696 eri
1014 629 1108 696 blosis

38 742 212 828 ejusque
226 743 386 830 majorum
402 739 550 829 religione
566 738 733 804 utilitatem
751 751 971 829 perceperunt.
996 741 1107 830 Neque

41 851 162 915 enim
178 863 320 916 vestrum
335 839 525 937 quemquim
543 846 810 923 laterearbitror,
825 862 869 913 ut
892 850 946 935 qui
961 849 1106 937 prolecto

42 959 222 1034 Diodori,
239 972 271 1025 ct
284 959 417 1024 aliorum
431 958 484 1046 qui
499 957 549 1022 his
565 957 605 1023 de
621 960 714 1022 rebus
736 957 942 1046 scripserunt,
964 959 1105 1027 historiae

41 1082 281 1134 monumenta
295 1069 444 1157 legeritis,
458 1068 625 1156 Orpheum
638 1081 675 1133 et
685 1069 872 1145 Homerum,
888 1082 921 1134 ot
935 1069 1100 1149 Solonem,

46 1201 143 1242 eum
160 1177 216 1266 qui
237 1177 322 1266 leges
337 1177 581 1245 Atheniensibus
595 1177 774 1266 descripsit,
793 1177 1055 1268 echthagomm
1066 1193 1104 1247 et

48 1287 235 1354 Platonem
245 1299 278 1354 et
288 1286 456 1354 nonnullos
466 1286 557 1363 alios,
571 1309 646 1352 cum
658 1288 816 1352 venissent
828 1289 861 1353 in
869 1287 1055 1378 AEgpptum
1068 1305 1102 1358 et

50 1396 166 1462 blesis
179 1397 343 1464 historiam
363 1395 405 1461 ad
426 1419 502 1461 usus
521 1391 596 1460 suos
616 1395 846 1482 adjunxissent,
870 1398 908 1462 iis
928 1421 996 1485 qute
1015 1401 1103 1488 prius

53 1526 134 1568 nun
151 1501 290 1568 bellede
306 1501 364 1566 diis
389 1500 508 1590 opinati
529 1500 674 1576 fueraut,
696 1501 855 1568 contraria
874 1502 1023 1593 deinceps
1042 1519 1086 1572 sta

54 1613 195 1678 tuisse

113 1718 193 1786 XV.
210 1721 358 1810 Orpheus
374 1723 483 1810 igitur,
499 1723 553 1808 qui
567 1734 691 1796 vestrae,
710 1734 746 1786 ut
761 1721 804 1786 ita
821 1723 944 1800 dicam,
963 1724 1106 1813 plurime

58 1825 253 1894 divinitatis
273 1830 394 1917 primus
414 1829 564 1916 magister
585 1829 714 1904 exstitit,
738 1829 814 1917 quid
836 1843 943 1919 postea
964 1831 1029 1899 lilio
1050 1858 1107 1902 suo

61 1932 202 1998 Musaeo
218 1934 398 2022 ceterisque
410 1935 567 2022 germanis
579 1934 771 2002 auditoribus
782 1935 822 2000 dc
834 1957 899 2002 uno
910 1959 948 2004 ac
959 1937 1106 2028 singulari

63 2041 150 2108 Deo
160 2033 392 2130 predicarent,
407 2063 535 2108 necesse
549 2053 597 2108 est
613 2053 647 2106 ut
662 2043 956 2125 vossunmouem:

155 2199 278 2272 quum
288 2194 392 2273 quibus
405 2195 446 2253 ias
459 2207 502 2254 est
512 2215 520 2251 :
532 2207 633 2274 portas
645 2195 789 2255 occludite
800 2195 915 2275 profani
1006 2208 1024 2240 ·'

155 2297 265 2352 Omnes
274 2293 368 2352 simul.
382 2299 427 2354 Tu
438 2315 508 2354 vero
520 2295 588 2353 audi
599 2295 722 2355 tacuere
733 2297 773 2354 fili
783 2297 860 2355 lunae

154 2397 275 2464 Musaee3
289 2394 382 2452 dicam
396 2397 475 2454 enim
489 2415 575 2465 vera3
588 2415 641 2454 uec
654 2407 683 2453 tc
697 2416 761 2474 quae
775 2397 858 2475 prius

158 2499 191 2552 la
203 2493 287 2554 corde
299 2515 364 2554 meo
377 2497 620 2567 animadvertisti,
634 2499 750 2576 privent
761 2498 848 2557 beata
860 2501 927 2558 vita.

157 2593 338 2652 nutabam
353 2593 483 2653 divinum
494 2595 663 2673 respiciens,
677 2593 720 2652 illi
733 2595 840 2668 asside,

152 2693 286 2771 Dirigeus
295 2694 391 2752 cordis
404 2694 563 2774 intelligens
574 2695 768 2772 profundum,
780 2708 810 2753 et
822 2707 931 2754 rectam
943 2695 1045 2756 incede
1135 2690 1141 2701 ’

152 2795 251 2867 Viam,
264 2806 293 2853 et
305 2793 398 2852 solum
410 2795 521 2872 respice
533 2794 636 2852 mundi
647 2813 755 2871 regem.

152 2899 233 2954 Unus
240 2871 283 2952 esi
291 2913 325 2952 ex
333 2913 363 2951 se
369 2893 480 2969 genitus
489 2889 540 2950 iab
548 2911 815 2970 uuo,quaecumque
821 2903 887 2950 suut
894 2893 998 2971 genita,
1008 2909 1103 2956 creata

150 3001 187 3056 In
198 2995 255 3054 illis
267 2996 329 3073 ipse
341 3007 481 3066 versatur,
491 3015 545 3054 uec
558 2995 710 3072 quisquam
724 2993 808 3052 illum
1008 2999 1101 3078 [suntr

157 3095 247 3152 Videt
261 3095 437 3164 mortalium,
451 3096 513 3173 ipse
524 3107 619 3153 autem
632 3115 732 3153 omues
745 3077 833 3154 videt.

161 3189 217 3248 liic
230 3202 295 3266 post
307 3189 414 3247 bonum
431 3190 595 3250 hominibus
608 3191 657 3248 dat
671 3191 793 3262 malum,

161 3295 200 3350 Et
213 3289 320 3346 bellum
335 3287 471 3347 horribile
484 3303 513 3348 et
525 3291 640 3349 dolores
654 3291 840 3367 lacrymosos.

159 3399 222 3454 Nec
232 3390 309 3447 ullus
320 3402 362 3447 est
373 3389 444 3447 alius
455 3403 557 3468 praeter
570 3411 702 3470 maguum
717 3407 823 3469 regem.
872 3407 874 3415 ’

156 3491 244 3552 Illum
257 3501 354 3548 autem
364 3509 422 3547 nou
431 3489 692 3549 rideaNamcirca
701 3491 782 3549 illum
792 3489 883 3548 nubes
891 3491 1040 3553 constituta
1049 3511 1099 3556 est.

155 3592 301 3655 Omnibus
313 3604 411 3651 autem
423 3589 594 3650 mortalibus
604 3591 740 3650 mortales
752 3603 816 3650 sunt
828 3591 941 3672 pupille
950 3593 979 3652 iu
991 3595 1078 3658 oculis

155 3693 282 3752 Infirmas
292 3691 394 3750 videre
403 3695 505 3750 ¹iorem
517 3687 646 3748 omnium
658 3701 828 3768 regnantem.

156 3792 209 3850 ilic
220 3792 295 3850 euim
308 3809 384 3852 aereo
395 3791 424 3848 iu
436 3790 510 3848 coelo
521 3789 694 3849 constitutus
704 3801 747 3848 est

874 3910 920 3952 ta.
1020 3910 1036 3935 ³
