2772 4620
297 215 360 278 506
592 240 703 290 sutori
725 243 842 292 suarm
866 246 1020 296 aaarrats
1108 249 1113 262 ·

296 367 370 414 oum
390 347 459 414 hec
477 351 651 438 perferatis,
675 376 739 419 non
759 355 853 420 etiam
872 367 984 422 cetera
1002 358 1125 432 omnia,
1149 357 1195 422 de
1215 360 1338 446 quibus

294 473 381 518 nunc
395 456 577 542 quaerimus,
593 459 775 524 observetis.

336 561 445 648 Neque
456 565 541 628 enim
553 567 726 630 necessaria
739 578 786 632 est
798 571 944 636 omnibus
955 571 1024 636 haec
1035 573 1263 646 circumcisio,
1275 575 1334 636 sed

292 669 380 734 vobis
399 668 483 744 solis,
504 682 551 746 ut,
572 673 839 760 quemadmodum
853 678 995 764 praedixi,
1014 703 1051 743 ea
1068 680 1244 766 patiamini
1263 705 1330 767 que

291 779 404 842 merito
420 788 523 842 vestro
538 781 690 867 patimini.
710 781 818 869 Neque
829 786 924 850 etium
940 785 1083 851 inutilem
1100 786 1197 852 illum
1213 791 1331 876 baptis

290 905 378 948 mum
390 883 598 951 cisternarum
613 889 799 976 suscipimus
805 914 815 962 ;
833 890 912 956 nihil
927 894 1012 956 enim
1026 905 1074 958 est
1089 895 1133 958 ad
1149 895 1244 960 hunc
1260 899 1328 962 ritae

289 993 490 1080 baptismum.
509 995 585 1060 ldeo
599 998 694 1062 etiam
706 997 860 1064 exclamat
871 1001 969 1074 Deus,
986 1003 1072 1090 quod
1089 1003 1326 1090 dereliqueritis

288 1125 374 1176 eum,
388 1102 508 1168 iontem
520 1105 636 1180 vivum,
653 1118 686 1172 et
698 1107 837 1172 fuderitis
848 1110 1076 1200 vobismetipsis
1087 1113 1252 1176 cisternas
1264 1114 1326 1176 dis

288 1210 414 1298 siputas,
429 1234 501 1297 quse
510 1235 580 1277 non
591 1224 723 1301 possunt
738 1215 901 1280 continere
917 1238 1041 1302 aquam.
1060 1216 1110 1282 Ao
1124 1241 1183 1282 ros
1196 1219 1322 1305 quidem

289 1320 342 1406 qui
356 1342 453 1385 carne
468 1321 650 1387 circumcisi
662 1323 749 1397 estis,
767 1323 910 1410 indigetis
927 1333 1033 1388 nostra
1052 1324 1318 1396 circumcisiones

286 1449 344 1492 nos
356 1437 467 1492 autem
484 1449 558 1492 cum
573 1427 655 1494 hanc
672 1428 855 1504 habeamus,
876 1428 953 1495 nihil
972 1432 1030 1494 ists
1047 1453 1131 1517 opus
1148 1433 1314 1498 habemus

210 1615 216 1630 υ
286 1533 366 1598 Nam
382 1533 407 1597 si
422 1543 503 1598 esset
518 1534 706 1608 necessaria,
724 1545 758 1598 ut
773 1535 967 1610 existimatis,
987 1558 1052 1600 non
1072 1535 1225 1604 tinxisset
1239 1539 1318 1602 Deus

284 1639 442 1705 Adamum
455 1662 529 1705 cum
539 1640 703 1730 praeputio,
717 1662 778 1704 neo
788 1640 894 1706 Abelis
907 1641 989 1706 dona
1001 1645 1212 1731 respexisset,
1225 1649 1312 1734 quiin

285 1746 388 1810 carnis
404 1746 558 1835 praeputio
573 1745 714 1810 victimas
732 1743 860 1816 obtulit;
884 1768 944 1810 nec
959 1747 989 1810 ei
1004 1744 1184 1833 placuisset
1200 1751 1235 1813 in
1246 1773 1315 1837 pre

284 1855 373 1941 putio
391 1853 537 1928 llenoch,
561 1853 615 1939 qui
633 1876 696 1918 non
716 1864 762 1918 est
780 1854 938 1927 inventus,
963 1854 1035 1939 quia
1058 1855 1231 1920 transtulit
1248 1879 1312 1920 eum

283 1962 379 2026 Deus.
399 1959 481 2024 Loth
496 1959 734 2024 incircumcisus
749 1981 788 2022 ex
803 1957 948 2024 Sodomis
963 1958 1065 2032 saluus
1082 1964 1201 2038 erasit,
1223 1987 1313 2051 ange-

283 2069 322 2135 lis
332 2091 413 2134 -eum
428 2079 460 2132 et
474 2067 611 2134 Domino
626 2067 864 2134 deducentibus.
886 2067 951 2133 Noe
966 2069 1164 2156 principium
1181 2073 1312 2160 generis,

282 2167 460 2244 sadtamen
477 2201 538 2242 uua
553 2199 627 2242 cum
641 2175 712 2242 filiis
728 2176 966 2242 incircumcisus
983 2177 1015 2242 in
1031 2199 1141 2242 arcam
1158 2180 1312 2267 ingressos

281 2295 337 2350 est.
351 2284 602 2350 tnoircumcisus
613 2293 681 2348 erat
692 2283 837 2350 sacerdos
848 2283 987 2352 altissimi
1000 2284 1253 2360 lllelchisedech,
1266 2289 1312 2350 cui

281 2393 418 2458 decimas
430 2389 544 2456 obtulit
555 2391 730 2466 Abraham,
743 2391 768 2455 is
780 2392 833 2477 qui
844 2391 964 2480 primus
976 2393 1080 2456 carnis
1092 2393 1309 2458 circumcisio-

281 2523 355 2565 nem
374 2499 508 2586 accepit,
528 2498 619 2585 eique
636 2498 796 2564 benedixit
813 2497 1056 2572 Melchisedech,
1079 2501 1176 2586 cujus
1194 2523 1311 2564 secem·

281 2609 358 2674 dum
370 2607 515 2672 ordinem
529 2605 614 2671 Deus
626 2607 823 2673 sacerdotem
834 2616 987 2671 aeternum
1001 2628 1017 2670 a
1034 2628 1068 2669 se
1081 2606 1264 2671 institutum
1274 2606 1309 2668 iri

247 2771 250 2780 ,
282 2716 410 2782 Davidis
425 2737 479 2779 ore
490 2712 672 2780 declaravit.
688 2711 785 2779 Vobis
800 2712 895 2801 igitur
909 2711 982 2778 solis
997 2715 1169 2778 necessaria
1183 2725 1230 2778 est
1242 2714 1309 2778 haec

283 2821 495 2896 circumcisio,
518 2831 554 2885 ut
571 2819 705 2910 populus
721 2820 786 2907 jam
803 2842 868 2884 non
887 2831 968 2884 esset
986 2819 1131 2907 populus,
1149 2843 1209 2884 nec
1225 2841 1307 2904 gens

283 2934 348 3020 jam
367 2942 450 2996 esset
466 2953 558 3019 geom
583 2927 850 3016 quemadmodum
868 2927 911 2991 ait
928 2927 1024 2993 Oseas
1042 2949 1115 2993 unus
1129 2947 1164 2987 ex
1180 2923 1301 2986 duodo-

281 3039 344 3104 cim
367 3034 562 3125 Prophetis¹.
594 3036 673 3102 Nam
693 3035 768 3122 justi
786 3056 908 3109 omnes,
933 3057 1012 3120 quos
1031 3033 1123 3100 modo
1143 3030 1301 3102 recensui,

281 3147 423 3233 quamvis
444 3145 572 3210 sabbata
592 3165 657 3208 non
676 3141 891 3215 observarent,
912 3141 979 3205 Deo
997 3141 1158 3228 placuere,
1177 3163 1217 3208 ac
1234 3149 1308 3231 post

281 3279 335 3322 eos
347 3252 521 3326 Abraham,
538 3251 670 3337 ejusque
685 3248 802 3336 posteri
814 3269 924 3312 omnes
937 3270 1036 3334 usque
1047 3249 1088 3312 ad
1099 3247 1233 3323 limem,
1251 3249 1307 3312 sub

280 3389 345 3453 quo
362 3363 497 3451 injustus
514 3357 650 3447 populus
666 3368 768 3422 vester
784 3367 817 3421 et
837 3357 976 3444 ingratus
995 3355 1026 3418 in
1045 3354 1151 3419 Deum
1169 3367 1308 3444 repertus

281 3486 340 3548 est,
357 3469 494 3538 conflato
507 3469 539 3534 in
550 3466 719 3533 solitudine
729 3463 836 3531 vitulo.
858 3465 949 3530 Unde
961 3463 1209 3530 accommodans
1224 3488 1258 3528 se
1274 3465 1310 3526 sd

281 3584 368 3647 hunc
383 3577 537 3668 populum
556 3577 640 3642 Deus
659 3575 808 3664 praecepit
824 3573 940 3638 hostias
958 3571 1064 3638 offerri
1083 3582 1241 3660 tanquam
1261 3595 1310 3636 no·

277 3689 354 3754 mini
373 3711 443 3762 suo,
464 3709 505 3752 ne
523 3682 689 3752 simulacra
707 3680 873 3749 coleretis:
896 3679 983 3767 quod
998 3681 1101 3767 ipsum
1120 3691 1233 3745 tamen
1252 3703 1310 3744 nou

308 3816 317 3850 ¹
328 3811 384 3864 (lac.
398 3834 415 3874 r,
426 3831 449 3878 9.
