2710 4662
350 283 500 328 srrsrons
524 283 564 326 su
586 277 814 326 usosssrssos.
1051 251 1091 335 87

45 389 88 452 sit
99 388 221 466 oratio,
234 413 305 458 una
317 390 515 482 deprecatio,
526 413 589 474 una
597 413 700 466 mens,
713 411 779 456 una
789 384 919 474 sonnio
929 381 1095 455 charitate·

46 498 81 562 in
94 500 219 586 gaudio
232 501 416 590 inculpato.
428 501 516 566 Unus
526 513 575 566 est
584 500 675 566 Jesus
686 497 847 570 Christus,
859 516 923 584 quo
933 489 1010 558 nihil
1021 513 1096 578 prm·

48 607 194 673 stantius
206 620 272 676 est.
290 609 412 678 Omnes
424 609 530 698 itaque
540 607 669 676 velutin
680 629 782 674 smum
792 602 946 692 templum
956 601 1016 666 Dei
1026 621 1099 666 oon-
1116 653 1119 658 .
1193 679 1196 686 ¹

52 713 197 790 currite,
210 714 355 782 velutad
366 714 591 790 unumnitaro,
608 713 745 780 velutad
756 710 977 780 uuumJesum
991 707 1100 775 Chris-

56 835 148 898 tum,
169 823 229 911 qui
248 826 291 896 ab
308 847 370 892 uno
388 822 479 889 Patre
493 821 613 912 prodit,
633 833 666 886 et
682 820 717 888 in
735 841 800 886 uno
816 818 932 894 existit,
947 817 982 884 in
998 837 1100 882 unum

61 930 253 998 revertitur.

111 1039 201 1107 vm.
228 1042 278 1110 Ne
295 1043 483 1114 seducamini
500 1041 611 1116 alienis
629 1043 794 1122 doctrinis,
815 1063 919 1134 neque
937 1039 1099 1110 veteribus

63 1145 196 1225 sabulis,
220 1175 294 1240 quse
311 1165 384 1220 sunt
401 1153 535 1220 inutiles.
555 1152 589 1220 Si
605 1151 868 1242 namqueadhue
885 1151 975 1240 juxta
994 1148 1100 1238 legam

58 1255 235 1351 ,Iudaicam
258 1261 437 1339 vixerimus,
464 1261 655 1329 confitemur
678 1283 737 1328 nos
759 1260 892 1349 gratiam
914 1279 979 1326 uon
1004 1279 1099 1326 soue-

60 1365 155 1452 pisss.
169 1366 363 1436 Divinissimi
374 1393 511 1459 namque
526 1369 692 1460 Prophetas
707 1370 794 1457 juxta
811 1363 974 1436 Christum
989 1365 1102 1436 Jesum

60 1473 220 1544 vixerunt.
238 1477 291 1546 Ob
302 1479 365 1547 hoe
375 1493 408 1546 et
418 1480 676 1570 persecutionem
685 1479 768 1568 passi
778 1490 873 1551 sunt:
889 1477 988 1566 gratie
1003 1476 1102 1564 ipsius

63 1585 232 1674 inspirati,
256 1591 367 1676 utqui
388 1588 564 1664 increduli,
584 1589 664 1654 serti
682 1587 899 1654 redderentur,
916 1584 1005 1672 quot
1016 1607 1102 1650 unus

65 1694 154 1762 Deus
175 1709 227 1762 est
249 1700 306 1788 qui
325 1698 466 1786 seipsum
489 1694 704 1762 manifestavit
723 1716 781 1782 per
806 1692 919 1758 Jesum
944 1691 1104 1757 Christum

70 1797 177 1868 filium
187 1827 302 1878 sunms
318 1805 375 1892 qui
388 1815 437 1868 est
449 1800 597 1870 Verbum
610 1800 889 1887 ipsiusxaeternum,
904 1820 969 1864 non
983 1797 1107 1866 asilen-
1158 1825 1162 1834 ·

77 1909 124 1974 tio
141 1913 369 2000 progrediensz
392 1910 511 2002 quique
528 1909 563 1978 in
580 1908 726 1976 omnihus
743 1907 842 1996 siqui
860 1907 964 1997 ipsum
981 1906 1107 1974 miserat

84 2017 291 2105 complacuit.

133 2127 191 2194 IX.
211 2128 245 2195 Si
259 2131 355 2222 igitur
366 2133 420 2220 qui
430 2133 463 2200 in
479 2131 608 2200 vetustis
617 2133 712 2200 rebus
726 2131 838 2202 versati
851 2132 986 2210 fueram,
1002 2133 1043 2200 ad
1054 2155 1109 2200 no·

84 2235 211 2302 vitatem
222 2240 304 2344 spei
302 2253 466 2318 venerunt,
477 2265 543 2308 non
554 2240 688 2332 emplius
699 2241 874 2312 Sabbatum
885 2241 1037 2320 colentes,
1047 2243 1104 2310 sed

77 2345 163 2432 justa
178 2346 378 2416 Dominicam
393 2351 543 2427 virentes,
563 2352 597 2417 iss
612 2374 674 2440 qua
689 2352 796 2418 etrite
811 2363 916 2418 nostra
932 2363 1040 2418 exorta
1056 2363 1105 2416 est

78 2455 263 2544 peripsum,
282 2470 315 2524 et
333 2471 469 2526 mortem
484 2460 596 2548 ipsius,
619 2483 715 2548 qus·
733 2460 864 2548 quidam
885 2474 1003 2550 nogant
1029 2459 1107 2549 (per

79 2564 160 2650 quod
174 2567 364 2655 mysterium
378 2567 475 2636 fidem
488 2568 686 2658 recepimus;
706 2581 738 2638 et
752 2582 884 2659 propter
898 2569 962 2636 hoe
975 2569 1110 2635 sustine-

76 2695 156 2750 mus,
172 2687 207 2741 ut
223 2677 427 2746 inveniamur
443 2677 588 2770 discipuli
603 2678 830 2756 tenebrosi,
850 2677 947 2744 solius
961 2678 1110 2745 Doctoris

74 2783 189 2874 nostri)
204 2809 213 2848 ε
233 2809 303 2874 quo
321 2787 418 2852 modo
433 2810 491 2854 nos
506 2789 683 2876 poterimus
697 2787 805 2854 vivore
819 2789 888 2852 sino
906 2786 1000 2877 ipso?
1020 2789 1112 2877 eujus

75 2892 166 2958 etiam
180 2894 352 2986 Prophetae
364 2895 511 2986 discipuli
524 2919 601 2963 oum
610 2909 730 2974 essent,
743 2896 856 2986 spiritu
868 2897 972 2986 ipsum
984 2909 1020 2960 ut
1030 2897 1110 2966 Deo

76 3011 174 3068 torem
183 3007 439 3095 exspectabant:
456 3017 488 3070 et
503 3018 634 3094 propter
644 3005 721 3080 hoe,
728 3005 760 3070 is
769 3027 868 3093 quom
878 3005 962 3093 juste
976 3016 1109 3094 praesto·

77 3104 232 3187 labantur,
249 3112 439 3186 adveniens,
451 3112 613 3178 suscitavit
627 3113 711 3199 ipsos
726 3133 767 3176 ex
779 3112 912 3178 mortuis
921 3111 944 3176 ¹·

118 3213 162 3281 X.
180 3217 229 3282 Ne
243 3219 344 3306 igitur
353 3215 464 3284 nullus
472 3241 530 3284 nos
541 3231 651 3307 tangat
662 3241 772 3286 sensus
786 3219 991 3309 benignitatis
1000 3223 1107 3310 ipsius.
1157 3213 1159 3220 ¹

80 3319 115 3385 Si
129 3324 214 3388 enim
229 3348 291 3390 nos
306 3325 453 3413 imitetur
466 3326 644 3392 secundum
661 3349 699 3392 ea
718 3351 787 3415 quae
802 3327 948 3402 facimus,
964 3330 1029 3416 jam
1043 3355 1112 3419 per-

82 3430 185 3496 iimus.
210 3433 402 3520 Propterea,
419 3433 563 3522 discipuli
583 3435 655 3522 ejus
671 3435 795 3511 effecti,
815 3435 974 3502 discamus
999 3461 1111 3509 secun

86 3537 162 3603 dum
174 3540 447 3606 christianismum
458 3541 570 3608 vivere.
587 3542 652 3620 Qui
663 3543 749 3608 enim
764 3541 826 3608 ulio
843 3543 970 3612 nomine
980 3563 1113 3618 tucatur

86 3661 198 3732 praeter
209 3650 286 3726 hoe,
300 3673 367 3716 non
379 3660 427 3715 est
438 3649 507 3716 Dei.
525 3649 664 3740 Abjicite
675 3651 769 3740 igitur
779 3651 897 3719 mulum
908 3654 1110 3738 fermentum·

91 3755 294 3826 inveteratum
314 3774 347 3826 et
367 3760 514 3834 auidums
538 3772 570 3827 et
592 3763 842 3831 transmutemini
858 3763 891 3834 in
911 3789 1031 3835 novum
1048 3770 1113 3836 sor-

124 3885 132 3918 ¹
145 3889 213 3940 nass.
225 3909 302 3954 nnsis,
314 3894 352 3942 ⁵2.
