2648 4598
226 307 265 346 nn
289 302 537 354 resnnnncrroxn
561 301 755 344 nomentum.
956 280 996 364 95

5 427 99 503 aptum
116 412 282 482 videretur3
302 406 390 474 sncile
404 418 489 495 petet
504 429 604 493 neque
623 407 717 471 etiem
737 419 901 493 postqumn
916 406 999 472 idem

5 546 106 609 cerpus
120 521 149 584 in
164 519 263 584 varies
279 516 412 581 universi
428 527 530 602 partes
542 515 726 610 flissipetum
741 513 846 590 fuerit,
859 516 1000 604 ignarum

5 630 84 695 ilium
108 627 244 692 suturum
267 645 404 711 quonam
429 623 606 710 migraverit
627 623 871 712 unumquodque
892 647 1001 690 eorum

5 763 67 830 que
81 739 118 802 ed
127 723 279 824 cujueque
290 730 517 799 absolutionem
528 745 559 798 et
570 733 792 822 perfectionem
804 733 999 800 adhibuerat.

5 849 78 913 Nem
95 867 147 934 pre
163 842 277 932 vigenti
299 841 384 929 apud
402 863 459 905 nes
474 863 580 904 rerum
598 839 718 916 ordine,
736 854 949 930 quantumque
964 843 1003 906 de
1098 887 1100 890 -

5 950 115 1018 raeteris
126 951 218 1015 rebus
229 946 363 1036 judicari
374 943 465 1040 celet,
483 945 585 1033 majus
596 957 689 1010 exten
700 969 769 1034 quae
779 947 920 1013 nondum
931 959 1006 1012 sunt

5 1078 262 1149 praecognescem3
286 1065 439 1142 quantum
452 1065 559 1118 eutem
576 1053 616 1117 ed
635 1053 693 1119 Dei
707 1055 903 1141 majestatem
923 1057 1004 1143 ejus-

5 1193 61 1258 rpue
75 1163 251 1254 sapientiem
267 1174 398 1251 spectet,
418 1171 586 1248 utrumque
602 1161 775 1228 secundum
790 1175 932 1228 naturam
946 1176 1005 1240 cst,

5 1299 60 1341 nec
71 1271 221 1338 difficilius
236 1295 271 1336 ee
287 1295 355 1358 quae
371 1270 512 1336 nondum
526 1282 599 1334 sunt
610 1291 816 1358 prenoscere,
830 1291 923 1357 quem
938 1293 1006 1358 quae

5 1382 144 1449 iisselute
160 1403 357 1469 cognoscere.

43 1492 96 1578 111.
113 1489 197 1556 lilius
215 1499 320 1552 eutem
334 1495 519 1574 potestatem
529 1485 700 1551 excitandis
715 1484 756 1550 ed
766 1483 862 1550 vitem
872 1487 1009 1574 eorpori-

5 1605 58 1665 irus
72 1621 133 1663 nen
149 1598 298 1684 imperem
310 1617 376 1688 esee
388 1602 572 1681 argumente
583 1604 630 1656 est
644 1591 828 1658 eorumdem
838 1595 1005 1681 generatio.

5 1709 78 1774 ,iem
93 1707 116 1786 ei
129 1729 191 1771 non
209 1704 357 1781 exstantia
373 1702 537 1768 hominum
552 1722 695 1789 corpore,
710 1725 883 1790 eorumque
897 1704 1012 1792 princi-

5 1820 49 1904 ›in
73 1818 103 1882 in
123 1816 225 1904 prime
246 1815 319 1881 fecit
337 1811 512 1884 creationet
530 1811 624 1876 etiem
646 1811 806 1888 dissolute,
822 1811 961 1899 quelibet
979 1812 1012 1879 id

5 1925 163 2012 contigerit
183 1923 291 1996 medo,
313 1943 376 1986 nen
397 1916 553 1984 difficilius
574 1919 774 1984 exsuscitabit
794 1943 802 1984 ε
821 1942 909 2010 reque
929 1921 1012 1987 enim

5 2045 102 2120 retest
116 2032 147 2097 id
162 2053 296 2117 quoque.
313 2028 378 2094 Nec
389 2027 428 2092 de
439 2026 500 2092 hec
511 2026 629 2092 ratione
641 2025 811 2114 quidquem
826 2027 1011 2103 detrahitur,

5 2143 61 2204 rive
77 2162 116 2204 ex
130 2137 259 2204 materie
269 2135 370 2225 prime
384 2134 550 2223 principie,
564 2132 626 2200 sive
641 2157 679 2200 ex
692 2133 866 2212 elementis,
880 2149 914 2201 ut
929 2137 1012 2225 prin-

5 2247 99 2336 :ipiis,
116 2246 252 2312 humane
268 2267 402 2334 corpere·
413 2241 554 2308 nonnulii
571 2255 771 2344 component,
789 2245 904 2324 siveex
918 2247 1011 2312 semi·

6 2357 101 2422 ribus.
121 2354 220 2443 Cujus
232 2354 316 2420 enim
330 2352 490 2441 potcstatis
504 2363 551 2417 est
564 2350 701 2428 infermi,
719 2365 753 2419 ut
769 2353 812 2419 illi
823 2354 1010 2430 existiment,

6 2464 137 2530 unteriae
160 2462 291 2528 sormam
306 2461 465 2550 effingere,
490 2472 521 2526 et
542 2461 645 2549 specie
661 2485 699 2527 nc
719 2475 832 2527 ornatu
853 2478 1013 2531 carentem

5 2571 107 2639 nutris
123 2573 276 2659 variisque
287 2555 402 2662 ¹liguris
426 2592 550 2645 ornere,
565 2583 597 2634 ct
614 2583 717 2660 partes
738 2569 965 2639 elementorum
980 2574 1013 2638 in

5 2705 99 2748 mum
119 2687 244 2770 eogere,
268 2693 300 2745 et
321 2702 440 2754 semen,
461 2703 531 2767 quae
552 2702 601 2744 res
623 2703 684 2746 une
705 2691 752 2746 est
770 2692 801 2745 et
816 2680 957 2768 simplex,
981 2683 1013 2746 in

5 2789 97 2856 nulte
114 2787 264 2864 dividere,
280 2801 311 2854 et
324 2789 411 2878 quod
425 2789 503 2854 rude
518 2801 550 2853 et
565 2784 807 2875 incompositum
825 2798 873 2852 est
890 2788 1015 2853 censor·
1079 2801 1081 2806 “

5 2909 129 2962 nerent
144 2919 347 2984 componere,
358 2907 390 2960 et
404 2896 489 2982 quod
506 2896 575 2960 vitre
590 2919 700 2984 expers
714 2895 776 2960 vite
791 2895 907 2961 donare
913 2921 922 2970 ;
938 2897 1019 2985 ejus-

5 3009 72 3069 tem
87 3027 214 3090 quoque
228 3015 321 3068 estet
339 3001 486 3068 dissolute
502 2990 720 3090 coagmentare
738 3015 771 3068 et
784 3005 917 3090 jacentia
932 3008 1017 3073 exci-

5 3135 80 3184 are,
98 3121 131 3174 et
152 3123 275 3175 mortue
290 3109 329 3174 nd
345 3110 439 3175 vitem
455 3132 613 3185 revocare,
632 3123 663 3174 et
678 3126 824 3201 corrupta
842 3107 883 3178 ed
903 3114 1029 3182 etatum¹

5 3218 215 3306 erruptionis
228 3230 388 3306 expertem
400 3231 592 3285 convertere.
606 3221 755 3309 Ejusdem
767 3223 861 3289 etiem
871 3227 1018 3301 auctoris,
1036 3288 1039 3293 .

7 3327 207 3418 jusdemque
223 3327 384 3416 potestatis
395 3348 433 3393 ee
452 3329 608 3416 sapientire
624 3329 730 3407 fuerit,
743 3343 774 3397 et
785 3335 870 3420 quod
885 3315 1020 3422 discerp-
1045 3389 1048 3402 .

5 3461 68 3504 um
81 3448 130 3500 est
142 3438 181 3501 nb
195 3435 296 3529 omnis
307 3436 428 3524 generis
443 3433 625 3503 animalium
639 3437 852 3518 multitudine,
864 3465 1020 3530 quaecum-

5 3571 60 3634 ¹ue
76 3543 235 3632 ejusmodi
247 3544 432 3631 cerporibus
443 3566 608 3611 accurrere
619 3543 731 3622 solent,
744 3571 895 3636 sunmque
905 3573 943 3615 ex
961 3549 1019 3616 illis

5 3655 178 3722 ntietntem
186 3653 351 3742 cepere,id
361 3651 433 3719 inde
444 3675 644 3742 separarem
654 3655 788 3744 propriis
800 3657 912 3723 iterum
924 3682 1019 3725 mem·

10 3766 62 3829 ris
78 3774 111 3827 et
124 3764 340 3828 membrorum
349 3763 491 3851 pertibus
499 3761 549 3850 ndj
555 3763 809 3850 ungere,etiemsi
819 3766 850 3832 in
861 3790 957 3832 unum
965 3767 1018 3834 ati-

8 3873 84 3938 ued
96 3896 138 3940 ex
149 3873 198 3939 his
206 3869 391 3974 epimelibns
403 3872 591 3960 migraverit,
601 3873 720 3941 etiamsi
732 3873 763 3939 in
772 3873 882 3952 multe,
897 3877 1018 3945 etiamsi
1095 3853 1098 3862 ,
