<?xml version="1.0" encoding="UTF-8"?>
<!DOCTYPE html PUBLIC "-//W3C//DTD XHTML 1.0 Transitional//EN"
    "http://www.w3.org/TR/xhtml1/DTD/xhtml1-transitional.dtd">
<html xmlns="http://www.w3.org/1999/xhtml" xml:lang="en" lang="en">
 <head>
  <title>
</title>
<meta http-equiv="Content-Type" content="text/html;charset=utf-8" />
  <meta name='ocr-system' content='tesseract 3.04.00' />
  <meta name='ocr-capabilities' content='ocr_page ocr_carea ocr_par ocr_line ocrx_word'/>
</head>
<body>
  <div class='ocr_page' id='page_1' title='image "./collectioselect02guilgoog_0772.png"; bbox 0 0 2684 4638; ppageno 0'>
   <div class='ocr_carea' id='block_1_1' title="bbox 447 236 1113 324">
    <p class='ocr_par' dir='ltr' id='par_1_1' title="bbox 447 236 1113 324">
     <span class='ocr_line' id='line_1_1' title="bbox 447 236 1113 324; baseline -0.006 -18"><span class='ocrx_word' id='word_1_1' title='bbox 447 261 570 308; x_wconf 78' lang='lat' dir='ltr'>cossas</span> <span class='ocrx_word' id='word_1_2' title='bbox 594 259 745 306; x_wconf 70' lang='lat' dir='ltr'>massas.</span> <span class='ocrx_word' id='word_1_3' title='bbox 1050 236 1113 324; x_wconf 74' lang='lat'>269</span> 
     </span>
    </p>
   </div>
   <div class='ocr_carea' id='block_1_2' title="bbox 1 366 1186 3969">
    <p class='ocr_par' dir='ltr' id='par_1_2' title="bbox 1 366 1186 2326">
     <span class='ocr_line' id='line_1_2' title="bbox 76 366 1111 460; baseline -0.005 -24"><span class='ocrx_word' id='word_1_4' title='bbox 76 371 132 459; x_wconf 86' lang='lat' dir='ltr'>qui</span> <span class='ocrx_word' id='word_1_5' title='bbox 158 381 325 460; x_wconf 85' lang='lat' dir='ltr'>estsuper</span> <span class='ocrx_word' id='word_1_6' title='bbox 350 369 462 438; x_wconf 90' lang='lat' dir='ltr'>mundi</span> <span class='ocrx_word' id='word_1_7' title='bbox 487 368 710 436; x_wconf 77' lang='lat' dir='ltr'><strong>fabricatorem</strong></span> <span class='ocrx_word' id='word_1_8' title='bbox 735 368 852 442; x_wconf 86' lang='lat' dir='ltr'>Deum.</span> <span class='ocrx_word' id='word_1_9' title='bbox 877 366 1057 438; x_wconf 78' lang='lat' dir='ltr'>venientem</span> <span class='ocrx_word' id='word_1_10' title='bbox 1078 366 1111 432; x_wconf 93' lang='lat' dir='ltr'>in</span> 
     </span>
     <span class='ocr_line' id='line_1_3' title="bbox 76 477 1112 568; baseline -0.005 -21"><span class='ocrx_word' id='word_1_11' title='bbox 76 481 223 548; x_wconf 83' lang='lat' dir='ltr'>Judaeum</span> <span class='ocrx_word' id='word_1_12' title='bbox 238 479 435 568; x_wconf 71' lang='lat' dir='ltr'>temporibus</span> <span class='ocrx_word' id='word_1_13' title='bbox 449 479 555 554; x_wconf 90' lang='lat' dir='ltr'>Pontii</span> <span class='ocrx_word' id='word_1_14' title='bbox 571 477 661 544; x_wconf 78' lang='lat' dir='ltr'>Pilati</span> <span class='ocrx_word' id='word_1_15' title='bbox 676 477 828 567; x_wconf 82' lang='lat' dir='ltr'>praesidis,</span> <span class='ocrx_word' id='word_1_16' title='bbox 849 477 904 565; x_wconf 87' lang='lat' dir='ltr'>qui</span> <span class='ocrx_word' id='word_1_17' title='bbox 919 477 979 542; x_wconf 87' lang='lat' dir='ltr'>luit</span> <span class='ocrx_word' id='word_1_18' title='bbox 993 499 1112 566; x_wconf 88' lang='lat' dir='ltr'>procu-</span> 
     </span>
     <span class='ocr_line' id='line_1_4' title="bbox 78 581 1112 663; baseline -0.006 -7"><span class='ocrx_word' id='word_1_19' title='bbox 78 604 166 657; x_wconf 84' lang='lat' dir='ltr'>rator</span> <span class='ocrx_word' id='word_1_20' title='bbox 183 589 302 656; x_wconf 90' lang='lat' dir='ltr'>Tiberii</span> <span class='ocrx_word' id='word_1_21' title='bbox 323 581 466 663; x_wconf 79' lang='lat' dir='ltr'>Caesaris,</span> <span class='ocrx_word' id='word_1_22' title='bbox 487 587 520 653; x_wconf 92' lang='lat' dir='ltr'>in</span> <span class='ocrx_word' id='word_1_23' title='bbox 535 587 673 654; x_wconf 89' lang='lat' dir='ltr'>hominis</span> <span class='ocrx_word' id='word_1_24' title='bbox 692 586 793 652; x_wconf 87' lang='lat' dir='ltr'>lorma</span> <span class='ocrx_word' id='word_1_25' title='bbox 811 585 1048 652; x_wconf 81' lang='lat' dir='ltr'>manifestatum</span> <span class='ocrx_word' id='word_1_26' title='bbox 1062 584 1112 650; x_wconf 91' lang='lat' dir='ltr'>his</span> 
     </span>
     <span class='ocr_line' id='line_1_5' title="bbox 79 695 1114 790; baseline -0.007 -23"><span class='ocrx_word' id='word_1_27' title='bbox 79 701 135 790; x_wconf 91' lang='lat' dir='ltr'>qui</span> <span class='ocrx_word' id='word_1_28' title='bbox 150 701 183 767; x_wconf 91' lang='lat' dir='ltr'>in</span> <span class='ocrx_word' id='word_1_29' title='bbox 198 699 309 767; x_wconf 75' lang='lat' dir='ltr'>ludusa</span> <span class='ocrx_word' id='word_1_30' title='bbox 324 709 426 773; x_wconf 86' lang='lat' dir='ltr'>erant,</span> <span class='ocrx_word' id='word_1_31' title='bbox 447 695 671 764; x_wconf 77' lang='lat' dir='ltr'><strong>dissolventem</strong></span> <span class='ocrx_word' id='word_1_32' title='bbox 685 697 871 784; x_wconf 79' lang='lat' dir='ltr'><strong>Prophetas,</strong></span> <span class='ocrx_word' id='word_1_33' title='bbox 888 706 921 761; x_wconf 90' lang='lat' dir='ltr'>et</span> <span class='ocrx_word' id='word_1_34' title='bbox 934 695 1065 784; x_wconf 80' lang='lat' dir='ltr'>Legem,</span> <span class='ocrx_word' id='word_1_35' title='bbox 1081 705 1114 760; x_wconf 91' lang='lat' dir='ltr'>et</span> 
     </span>
     <span class='ocr_line' id='line_1_6' title="bbox 78 803 1114 898; baseline -0.007 -22"><span class='ocrx_word' id='word_1_36' title='bbox 78 811 187 876; x_wconf 89' lang='lat' dir='ltr'>omnia</span> <span class='ocrx_word' id='word_1_37' title='bbox 206 833 302 898; x_wconf 91' lang='lat' dir='ltr'>opera</span> <span class='ocrx_word' id='word_1_38' title='bbox 319 810 389 898; x_wconf 89' lang='lat' dir='ltr'>ejus</span> <span class='ocrx_word' id='word_1_39' title='bbox 399 808 458 875; x_wconf 87' lang='lat' dir='ltr'>Dei</span> <span class='ocrx_word' id='word_1_40' title='bbox 473 808 528 896; x_wconf 89' lang='lat' dir='ltr'>qui</span> <span class='ocrx_word' id='word_1_41' title='bbox 543 807 700 873; x_wconf 91' lang='lat' dir='ltr'>mundum</span> <span class='ocrx_word' id='word_1_42' title='bbox 714 807 806 883; x_wconf 79' lang='lat' dir='ltr'>lecit,</span> <span class='ocrx_word' id='word_1_43' title='bbox 818 829 916 894; x_wconf 86' lang='lat' dir='ltr'>quem</span> <span class='ocrx_word' id='word_1_44' title='bbox 934 817 967 870; x_wconf 90' lang='lat' dir='ltr'>et</span> <span class='ocrx_word' id='word_1_45' title='bbox 983 803 1114 870; x_wconf 85' lang='lat' dir='ltr'>Coamo-</span> 
     </span>
     <span class='ocr_line' id='line_1_7' title="bbox 79 915 1114 1008; baseline -0.008 -20"><span class='ocrx_word' id='word_1_46' title='bbox 79 931 238 988; x_wconf 85' lang='lat' dir='ltr'>cratorem</span> <span class='ocrx_word' id='word_1_47' title='bbox 257 919 344 987; x_wconf 90' lang='lat' dir='ltr'>dicit.</span> <span class='ocrx_word' id='word_1_48' title='bbox 365 921 406 989; x_wconf 87' lang='lat' dir='ltr'>Et</span> <span class='ocrx_word' id='word_1_49' title='bbox 425 942 521 1008; x_wconf 86' lang='lat' dir='ltr'>super</span> <span class='ocrx_word' id='word_1_50' title='bbox 539 917 621 994; x_wconf 80' lang='lat' dir='ltr'>haec,</span> <span class='ocrx_word' id='word_1_51' title='bbox 641 919 681 983; x_wconf 53' lang='lat' dir='ltr'>idx</span> <span class='ocrx_word' id='word_1_52' title='bbox 693 917 779 1006; x_wconf 90' lang='lat' dir='ltr'>quod</span> <span class='ocrx_word' id='word_1_53' title='bbox 797 929 845 984; x_wconf 87' lang='lat' dir='ltr'>est</span> <span class='ocrx_word' id='word_1_54' title='bbox 863 917 1039 983; x_wconf 84' lang='lat' dir='ltr'>secundum</span> <span class='ocrx_word' id='word_1_55' title='bbox 1053 915 1114 980; x_wconf 91' lang='lat' dir='ltr'>Lu-</span> 
     </span>
     <span class='ocr_line' id='line_1_8' title="bbox 81 1027 1114 1120; baseline -0.007 -22"><span class='ocrx_word' id='word_1_56' title='bbox 81 1054 152 1098; x_wconf 89' lang='lat' dir='ltr'>cam</span> <span class='ocrx_word' id='word_1_57' title='bbox 181 1029 388 1120; x_wconf 81' lang='lat' dir='ltr'>Evangelium</span> <span class='ocrx_word' id='word_1_58' title='bbox 403 1029 649 1112; x_wconf 86' lang='lat' dir='ltr'>circumcidens,</span> <span class='ocrx_word' id='word_1_59' title='bbox 667 1041 699 1094; x_wconf 92' lang='lat' dir='ltr'>et</span> <span class='ocrx_word' id='word_1_60' title='bbox 713 1029 819 1094; x_wconf 90' lang='lat' dir='ltr'>omnia</span> <span class='ocrx_word' id='word_1_61' title='bbox 834 1051 905 1118; x_wconf 78' lang='lat' dir='ltr'>quaa</span> <span class='ocrx_word' id='word_1_62' title='bbox 920 1039 995 1094; x_wconf 88' lang='lat' dir='ltr'>sunt</span> <span class='ocrx_word' id='word_1_63' title='bbox 1008 1027 1048 1092; x_wconf 92' lang='lat' dir='ltr'>de</span> <span class='ocrx_word' id='word_1_64' title='bbox 1062 1048 1114 1116; x_wconf 73' lang='lat' dir='ltr'>ge-</span> 
     </span>
     <span class='ocr_line' id='line_1_9' title="bbox 81 1138 1114 1230; baseline -0.005 -22"><span class='ocrx_word' id='word_1_65' title='bbox 81 1141 246 1208; x_wconf 89' lang='lat' dir='ltr'>neratione</span> <span class='ocrx_word' id='word_1_66' title='bbox 263 1141 391 1206; x_wconf 83' lang='lat' dir='ltr'>Domini</span> <span class='ocrx_word' id='word_1_67' title='bbox 410 1141 588 1230; x_wconf 85' lang='lat' dir='ltr'>conscripta</span> <span class='ocrx_word' id='word_1_68' title='bbox 604 1140 763 1216; x_wconf 80' lang='lat' dir='ltr'>auferens,</span> <span class='ocrx_word' id='word_1_69' title='bbox 783 1139 870 1207; x_wconf 90' lang='lat' dir='ltr'>etde</span> <span class='ocrx_word' id='word_1_70' title='bbox 888 1138 1033 1206; x_wconf 90' lang='lat' dir='ltr'>doctrina</span> <span class='ocrx_word' id='word_1_71' title='bbox 1050 1161 1114 1204; x_wconf 90' lang='lat' dir='ltr'>ser·</span> 
     </span>
     <span class='ocr_line' id='line_1_10' title="bbox 81 1245 1113 1336; baseline -0.002 -22"><span class='ocrx_word' id='word_1_72' title='bbox 81 1270 216 1314; x_wconf 89' lang='lat' dir='ltr'>monum</span> <span class='ocrx_word' id='word_1_73' title='bbox 234 1247 362 1314; x_wconf 88' lang='lat' dir='ltr'>Domini</span> <span class='ocrx_word' id='word_1_74' title='bbox 384 1245 484 1312; x_wconf 90' lang='lat' dir='ltr'>multa</span> <span class='ocrx_word' id='word_1_75' title='bbox 498 1245 657 1322; x_wconf 79' lang='lat' dir='ltr'>auferens,</span> <span class='ocrx_word' id='word_1_76' title='bbox 678 1247 710 1312; x_wconf 91' lang='lat' dir='ltr'>in</span> <span class='ocrx_word' id='word_1_77' title='bbox 729 1246 844 1336; x_wconf 89' lang='lat' dir='ltr'>quibus</span> <span class='ocrx_word' id='word_1_78' title='bbox 863 1246 1113 1312; x_wconf 82' lang='lat' dir='ltr'>manifestissime</span> 
     </span>
     <span class='ocr_line' id='line_1_11' title="bbox 82 1353 1115 1445; baseline -0.003 -22"><span class='ocrx_word' id='word_1_79' title='bbox 82 1357 282 1424; x_wconf 86' lang='lat' dir='ltr'>conditorem</span> <span class='ocrx_word' id='word_1_80' title='bbox 298 1356 394 1445; x_wconf 89' lang='lat' dir='ltr'>hujus</span> <span class='ocrx_word' id='word_1_81' title='bbox 410 1356 618 1423; x_wconf 83' lang='lat' dir='ltr'>universitatis</span> <span class='ocrx_word' id='word_1_82' title='bbox 633 1379 727 1422; x_wconf 91' lang='lat' dir='ltr'>suum</span> <span class='ocrx_word' id='word_1_83' title='bbox 742 1355 870 1422; x_wconf 89' lang='lat' dir='ltr'>Patrem</span> <span class='ocrx_word' id='word_1_84' title='bbox 883 1353 1039 1422; x_wconf 81' lang='lat' dir='ltr'>confitens</span> <span class='ocrx_word' id='word_1_85' title='bbox 1052 1355 1115 1420; x_wconf 84' lang='lat' dir='ltr'>Do-</span> 
     </span>
     <span class='ocr_line' id='line_1_12' title="bbox 82 1465 1116 1554; baseline -0.002 -20"><span class='ocrx_word' id='word_1_86' title='bbox 82 1467 189 1534; x_wconf 88' lang='lat' dir='ltr'>minus</span> <span class='ocrx_word' id='word_1_87' title='bbox 205 1465 402 1554; x_wconf 90' lang='lat' dir='ltr'>conscriptus</span> <span class='ocrx_word' id='word_1_88' title='bbox 419 1477 481 1542; x_wconf 89' lang='lat' dir='ltr'>est,</span> <span class='ocrx_word' id='word_1_89' title='bbox 502 1465 709 1554; x_wconf 87' lang='lat' dir='ltr'>semetipsum</span> <span class='ocrx_word' id='word_1_90' title='bbox 723 1488 792 1530; x_wconf 90' lang='lat' dir='ltr'>csse</span> <span class='ocrx_word' id='word_1_91' title='bbox 806 1465 1001 1533; x_wconf 82' lang='lat' dir='ltr'>veraciorem</span> <span class='ocrx_word' id='word_1_92' title='bbox 1018 1487 1116 1553; x_wconf 88' lang='lat' dir='ltr'>quam</span> 
     </span>
     <span class='ocr_line' id='line_1_13' title="bbox 1 1571 1117 1666; baseline -0.002 -22"><span class='ocrx_word' id='word_1_93' title='bbox 1 1571 2 1574; x_wconf 27' lang='lat'>¹</span> <span class='ocrx_word' id='word_1_94' title='bbox 82 1588 158 1644; x_wconf 91' lang='lat' dir='ltr'>sunt</span> <span class='ocrx_word' id='word_1_95' title='bbox 172 1577 205 1644; x_wconf 94' lang='lat' dir='ltr'>hi</span> <span class='ocrx_word' id='word_1_96' title='bbox 220 1577 275 1665; x_wconf 88' lang='lat' dir='ltr'>qui</span> <span class='ocrx_word' id='word_1_97' title='bbox 289 1575 495 1666; x_wconf 80' lang='lat' dir='ltr'>Evangelium</span> <span class='ocrx_word' id='word_1_98' title='bbox 514 1575 726 1652; x_wconf 87' lang='lat' dir='ltr'>tradiderunt,</span> <span class='ocrx_word' id='word_1_99' title='bbox 743 1574 898 1666; x_wconf 77' lang='lat' dir='ltr'>Apostoli,</span> <span class='ocrx_word' id='word_1_100' title='bbox 914 1576 1011 1643; x_wconf 78' lang='lat' dir='ltr'>suasit</span> <span class='ocrx_word' id='word_1_101' title='bbox 1025 1576 1117 1644; x_wconf 89' lang='lat' dir='ltr'>disci·</span> 
     </span>
     <span class='ocr_line' id='line_1_14' title="bbox 84 1683 1117 1776; baseline -0.002 -24"><span class='ocrx_word' id='word_1_102' title='bbox 84 1684 166 1775; x_wconf 91' lang='lat' dir='ltr'>pulis</span> <span class='ocrx_word' id='word_1_103' title='bbox 181 1685 262 1759; x_wconf 69' lang='lat' dir='ltr'>suisa</span> <span class='ocrx_word' id='word_1_104' title='bbox 283 1709 349 1752; x_wconf 92' lang='lat' dir='ltr'>non</span> <span class='ocrx_word' id='word_1_105' title='bbox 364 1684 585 1775; x_wconf 78' lang='lat' dir='ltr'>Evangelium,</span> <span class='ocrx_word' id='word_1_106' title='bbox 603 1686 660 1752; x_wconf 86' lang='lat' dir='ltr'>sed</span> <span class='ocrx_word' id='word_1_107' title='bbox 674 1683 863 1775; x_wconf 88' lang='lat' dir='ltr'>particulam</span> <span class='ocrx_word' id='word_1_108' title='bbox 882 1685 1041 1776; x_wconf 73' lang='lat' dir='ltr'>Evangelii</span> <span class='ocrx_word' id='word_1_109' title='bbox 1055 1697 1117 1750; x_wconf 90' lang='lat' dir='ltr'>tra-</span> 
     </span>
     <span class='ocr_line' id='line_1_15' title="bbox 83 1791 1117 1884; baseline -0.001 -21"><span class='ocrx_word' id='word_1_110' title='bbox 83 1797 164 1864; x_wconf 90' lang='lat' dir='ltr'>dens</span> <span class='ocrx_word' id='word_1_111' title='bbox 177 1796 232 1862; x_wconf 90' lang='lat' dir='ltr'>eis.</span> <span class='ocrx_word' id='word_1_112' title='bbox 252 1793 404 1862; x_wconf 76' lang='lat' dir='ltr'>Similiter</span> <span class='ocrx_word' id='word_1_113' title='bbox 415 1807 525 1860; x_wconf 85' lang='lat' dir='ltr'>autem</span> <span class='ocrx_word' id='word_1_114' title='bbox 540 1807 573 1860; x_wconf 89' lang='lat' dir='ltr'>at</span> <span class='ocrx_word' id='word_1_115' title='bbox 590 1794 733 1884; x_wconf 80' lang='lat' dir='ltr'>Apostoli</span> <span class='ocrx_word' id='word_1_116' title='bbox 743 1791 832 1862; x_wconf 89' lang='lat' dir='ltr'>Pauli</span> <span class='ocrx_word' id='word_1_117' title='bbox 848 1793 1002 1884; x_wconf 86' lang='lat' dir='ltr'>Epistolas</span> <span class='ocrx_word' id='word_1_118' title='bbox 1017 1795 1117 1862; x_wconf 91' lang='lat' dir='ltr'>absci-</span> 
     </span>
     <span class='ocr_line' id='line_1_16' title="bbox 84 1902 1186 1994; baseline 0.002 -24"><span class='ocrx_word' id='word_1_119' title='bbox 84 1905 146 1979; x_wconf 93' lang='lat' dir='ltr'>dit,</span> <span class='ocrx_word' id='word_1_120' title='bbox 162 1902 307 1968; x_wconf 83' lang='lat' dir='ltr'>auferens</span> <span class='ocrx_word' id='word_1_121' title='bbox 319 1926 528 1992; x_wconf 85' lang='lat' dir='ltr'>quaecumque</span> <span class='ocrx_word' id='word_1_122' title='bbox 542 1905 708 1972; x_wconf 86' lang='lat' dir='ltr'>manifeste</span> <span class='ocrx_word' id='word_1_123' title='bbox 723 1905 807 1972; x_wconf 85' lang='lat' dir='ltr'>diota</span> <span class='ocrx_word' id='word_1_124' title='bbox 822 1907 949 1972; x_wconf 90' lang='lat' dir='ltr'>suntab</span> <span class='ocrx_word' id='word_1_125' title='bbox 965 1905 1116 1994; x_wconf 91' lang='lat' dir='ltr'>Apostolo</span> <span class='ocrx_word' id='word_1_126' title='bbox 1183 1943 1186 1952; x_wconf 92' lang='lat'>·</span> 
     </span>
     <span class='ocr_line' id='line_1_17' title="bbox 86 2015 1118 2107; baseline 0 -25"><span class='ocrx_word' id='word_1_127' title='bbox 86 2015 130 2082; x_wconf 90' lang='lat' dir='ltr'>do</span> <span class='ocrx_word' id='word_1_128' title='bbox 148 2039 187 2081; x_wconf 91' lang='lat' dir='ltr'>eo</span> <span class='ocrx_word' id='word_1_129' title='bbox 208 2015 277 2081; x_wconf 90' lang='lat' dir='ltr'>Deo</span> <span class='ocrx_word' id='word_1_130' title='bbox 299 2017 353 2104; x_wconf 89' lang='lat' dir='ltr'>qui</span> <span class='ocrx_word' id='word_1_131' title='bbox 369 2017 526 2083; x_wconf 86' lang='lat' dir='ltr'>mundum</span> <span class='ocrx_word' id='word_1_132' title='bbox 541 2017 628 2094; x_wconf 85' lang='lat' dir='ltr'>lecit,</span> <span class='ocrx_word' id='word_1_133' title='bbox 646 2018 797 2107; x_wconf 89' lang='lat' dir='ltr'>quoniam</span> <span class='ocrx_word' id='word_1_134' title='bbox 812 2018 866 2084; x_wconf 94' lang='lat' dir='ltr'>hic</span> <span class='ocrx_word' id='word_1_135' title='bbox 881 2017 976 2084; x_wconf 85' lang='lat' dir='ltr'>Pater</span> <span class='ocrx_word' id='word_1_136' title='bbox 989 2017 1118 2083; x_wconf 89' lang='lat' dir='ltr'>Domini</span> 
     </span>
     <span class='ocr_line' id='line_1_18' title="bbox 84 2123 1119 2217; baseline 0.004 -27"><span class='ocrx_word' id='word_1_137' title='bbox 84 2124 187 2190; x_wconf 90' lang='lat' dir='ltr'>nostri</span> <span class='ocrx_word' id='word_1_138' title='bbox 204 2123 281 2192; x_wconf 86' lang='lat' dir='ltr'>Jesu</span> <span class='ocrx_word' id='word_1_139' title='bbox 301 2125 432 2202; x_wconf 83' lang='lat' dir='ltr'>Christi,</span> <span class='ocrx_word' id='word_1_140' title='bbox 452 2137 486 2192; x_wconf 88' lang='lat' dir='ltr'>ct</span> <span class='ocrx_word' id='word_1_141' title='bbox 503 2147 714 2216; x_wconf 85' lang='lat' dir='ltr'>quascumque</span> <span class='ocrx_word' id='word_1_142' title='bbox 731 2149 771 2193; x_wconf 81' lang='lat' dir='ltr'>ex</span> <span class='ocrx_word' id='word_1_143' title='bbox 788 2127 981 2217; x_wconf 73' lang='lat' dir='ltr'>propheticis</span> <span class='ocrx_word' id='word_1_144' title='bbox 999 2149 1119 2194; x_wconf 90' lang='lat' dir='ltr'>memo·</span> 
     </span>
     <span class='ocr_line' id='line_1_19' title="bbox 84 2232 1115 2326; baseline 0.004 -26"><span class='ocrx_word' id='word_1_145' title='bbox 84 2257 160 2300; x_wconf 89' lang='lat' dir='ltr'>rans</span> <span class='ocrx_word' id='word_1_146' title='bbox 178 2232 348 2324; x_wconf 76' lang='lat' dir='ltr'>Apostolus</span> <span class='ocrx_word' id='word_1_147' title='bbox 365 2237 475 2303; x_wconf 89' lang='lat' dir='ltr'>docuit</span> <span class='ocrx_word' id='word_1_148' title='bbox 490 2237 774 2326; x_wconf 81' lang='lat' dir='ltr'>praenuntiantibus</span> <span class='ocrx_word' id='word_1_149' title='bbox 789 2237 961 2305; x_wconf 86' lang='lat' dir='ltr'>adventum</span> <span class='ocrx_word' id='word_1_150' title='bbox 977 2239 1115 2306; x_wconf 88' lang='lat' dir='ltr'>Domini.</span> 
     </span>
    </p>

    <p class='ocr_par' dir='ltr' id='par_1_3' title="bbox 1 2343 1123 3969">
     <span class='ocr_line' id='line_1_20' title="bbox 131 2343 1119 2426; baseline 0.008 -16"><span class='ocrx_word' id='word_1_151' title='bbox 131 2343 274 2412; x_wconf 80' lang='lat' dir='ltr'>Salutem</span> <span class='ocrx_word' id='word_1_152' title='bbox 296 2357 405 2412; x_wconf 86' lang='lat' dir='ltr'>autem</span> <span class='ocrx_word' id='word_1_153' title='bbox 427 2345 532 2414; x_wconf 88' lang='lat' dir='ltr'>solum</span> <span class='ocrx_word' id='word_1_154' title='bbox 549 2349 727 2416; x_wconf 86' lang='lat' dir='ltr'>animarum</span> <span class='ocrx_word' id='word_1_155' title='bbox 749 2369 818 2414; x_wconf 85' lang='lat' dir='ltr'>osse</span> <span class='ocrx_word' id='word_1_156' title='bbox 835 2347 985 2426; x_wconf 83' lang='lat' dir='ltr'>futuram,</span> <span class='ocrx_word' id='word_1_157' title='bbox 1008 2371 1119 2418; x_wconf 88' lang='lat' dir='ltr'>earum</span> 
     </span>
     <span class='ocr_line' id='line_1_21' title="bbox 87 2455 1118 2548; baseline 0.006 -29"><span class='ocrx_word' id='word_1_158' title='bbox 87 2477 159 2542; x_wconf 74' lang='lat' dir='ltr'>quas</span> <span class='ocrx_word' id='word_1_159' title='bbox 181 2456 250 2543; x_wconf 89' lang='lat' dir='ltr'>ejus</span> <span class='ocrx_word' id='word_1_160' title='bbox 272 2455 451 2524; x_wconf 89' lang='lat' dir='ltr'>doctrinam</span> <span class='ocrx_word' id='word_1_161' title='bbox 473 2458 671 2533; x_wconf 77' lang='lat' dir='ltr'>didicissent:</span> <span class='ocrx_word' id='word_1_162' title='bbox 696 2482 811 2548; x_wconf 87' lang='lat' dir='ltr'>corpus</span> <span class='ocrx_word' id='word_1_163' title='bbox 830 2471 949 2536; x_wconf 89' lang='lat' dir='ltr'>autem,</span> <span class='ocrx_word' id='word_1_164' title='bbox 972 2459 1118 2528; x_wconf 82' lang='lat' dir='ltr'>videlicet</span> 
     </span>
     <span class='ocr_line' id='line_1_22' title="bbox 1 2564 1119 2659; baseline 0.008 -32"><span class='ocrx_word' id='word_1_165' title='bbox 1 2641 2 2646; x_wconf 8' lang='grc' dir='ltr'>γ</span> <span class='ocrx_word' id='word_1_166' title='bbox 85 2564 240 2652; x_wconf 87' lang='lat' dir='ltr'>quoniam</span> <span class='ocrx_word' id='word_1_167' title='bbox 255 2587 272 2630; x_wconf 87' lang='lat' dir='ltr'>a</span> <span class='ocrx_word' id='word_1_168' title='bbox 288 2577 371 2632; x_wconf 90' lang='lat' dir='ltr'>terra</span> <span class='ocrx_word' id='word_1_169' title='bbox 386 2567 427 2632; x_wconf 91' lang='lat' dir='ltr'>sit</span> <span class='ocrx_word' id='word_1_170' title='bbox 441 2579 618 2657; x_wconf 85' lang='lat' dir='ltr'>sumptum,</span> <span class='ocrx_word' id='word_1_171' title='bbox 640 2566 834 2658; x_wconf 86' lang='lat' dir='ltr'>impossibile</span> <span class='ocrx_word' id='word_1_172' title='bbox 849 2591 917 2635; x_wconf 88' lang='lat' dir='ltr'>csse</span> <span class='ocrx_word' id='word_1_173' title='bbox 930 2569 1119 2659; x_wconf 87' lang='lat' dir='ltr'>participare</span> 
     </span>
     <span class='ocr_line' id='line_1_23' title="bbox 1 2667 1119 2766; baseline 0.007 -29"><span class='ocrx_word' id='word_1_174' title='bbox 1 2667 2 2672; x_wconf 62' lang='grc'>’</span> <span class='ocrx_word' id='word_1_175' title='bbox 84 2671 232 2739; x_wconf 87' lang='lat' dir='ltr'>salutem.</span> <span class='ocrx_word' id='word_1_176' title='bbox 250 2673 354 2766; x_wconf 87' lang='lat' dir='ltr'>Super</span> <span class='ocrx_word' id='word_1_177' title='bbox 369 2674 599 2766; x_wconf 85' lang='lat' dir='ltr'>blasphemiam</span> <span class='ocrx_word' id='word_1_178' title='bbox 615 2690 722 2744; x_wconf 90' lang='lat' dir='ltr'>autem</span> <span class='ocrx_word' id='word_1_179' title='bbox 737 2701 807 2766; x_wconf 82' lang='lat' dir='ltr'>quae</span> <span class='ocrx_word' id='word_1_180' title='bbox 821 2689 869 2744; x_wconf 90' lang='lat' dir='ltr'>est</span> <span class='ocrx_word' id='word_1_181' title='bbox 883 2678 916 2743; x_wconf 94' lang='lat' dir='ltr'>in</span> <span class='ocrx_word' id='word_1_182' title='bbox 930 2678 1046 2756; x_wconf 90' lang='lat' dir='ltr'>Deum,</span> <span class='ocrx_word' id='word_1_183' title='bbox 1066 2681 1119 2745; x_wconf 90' lang='lat' dir='ltr'>ad-</span> 
     </span>
     <span class='ocr_line' id='line_1_24' title="bbox 85 2783 1116 2874; baseline 0.003 -24"><span class='ocrx_word' id='word_1_184' title='bbox 85 2785 165 2873; x_wconf 86' lang='lat' dir='ltr'>jecit</span> <span class='ocrx_word' id='word_1_185' title='bbox 179 2794 212 2850; x_wconf 88' lang='lat' dir='ltr'>et</span> <span class='ocrx_word' id='word_1_186' title='bbox 229 2783 304 2861; x_wconf 91' lang='lat' dir='ltr'>hoc,</span> <span class='ocrx_word' id='word_1_187' title='bbox 322 2808 396 2852; x_wconf 87' lang='lat' dir='ltr'>vere</span> <span class='ocrx_word' id='word_1_188' title='bbox 412 2785 538 2852; x_wconf 79' lang='lat' dir='ltr'>Diaboli</span> <span class='ocrx_word' id='word_1_189' title='bbox 555 2810 591 2852; x_wconf 91' lang='lat' dir='ltr'>os</span> <span class='ocrx_word' id='word_1_190' title='bbox 605 2785 778 2874; x_wconf 88' lang='lat' dir='ltr'>accipiens,</span> <span class='ocrx_word' id='word_1_191' title='bbox 794 2797 828 2852; x_wconf 89' lang='lat' dir='ltr'>et</span> <span class='ocrx_word' id='word_1_192' title='bbox 838 2785 945 2851; x_wconf 91' lang='lat' dir='ltr'>omnia</span> <span class='ocrx_word' id='word_1_193' title='bbox 959 2789 1116 2853; x_wconf 87' lang='lat' dir='ltr'>contraria</span> 
     </span>
     <span class='ocr_line' id='line_1_25' title="bbox 87 2891 1120 2984; baseline 0.003 -26"><span class='ocrx_word' id='word_1_194' title='bbox 87 2891 197 2958; x_wconf 88' lang='lat' dir='ltr'>dicens</span> <span class='ocrx_word' id='word_1_195' title='bbox 208 2891 353 2984; x_wconf 82' lang='lat' dir='ltr'>veritati:</span> <span class='ocrx_word' id='word_1_196' title='bbox 374 2891 467 2968; x_wconf 87' lang='lat' dir='ltr'>Cain,</span> <span class='ocrx_word' id='word_1_197' title='bbox 483 2906 516 2959; x_wconf 92' lang='lat' dir='ltr'>ct</span> <span class='ocrx_word' id='word_1_198' title='bbox 527 2917 582 2962; x_wconf 85' lang='lat' dir='ltr'>sos</span> <span class='ocrx_word' id='word_1_199' title='bbox 594 2893 647 2980; x_wconf 90' lang='lat' dir='ltr'>qui</span> <span class='ocrx_word' id='word_1_200' title='bbox 663 2892 780 2959; x_wconf 87' lang='lat' dir='ltr'>similes</span> <span class='ocrx_word' id='word_1_201' title='bbox 790 2904 864 2958; x_wconf 91' lang='lat' dir='ltr'>sunt</span> <span class='ocrx_word' id='word_1_202' title='bbox 874 2893 917 2967; x_wconf 93' lang='lat' dir='ltr'>ei,</span> <span class='ocrx_word' id='word_1_203' title='bbox 933 2904 966 2958; x_wconf 90' lang='lat' dir='ltr'>ct</span> <span class='ocrx_word' id='word_1_204' title='bbox 976 2893 1120 2960; x_wconf 89' lang='lat' dir='ltr'>Sodomi-</span> 
     </span>
     <span class='ocr_line' id='line_1_26' title="bbox 86 2999 1119 3094; baseline 0.003 -26"><span class='ocrx_word' id='word_1_205' title='bbox 86 3013 150 3076; x_wconf 88' lang='lat' dir='ltr'>tas,</span> <span class='ocrx_word' id='word_1_206' title='bbox 170 3013 205 3068; x_wconf 88' lang='lat' dir='ltr'>et</span> <span class='ocrx_word' id='word_1_207' title='bbox 220 2999 398 3092; x_wconf 75' lang='lat' dir='ltr'>AEgyptios,</span> <span class='ocrx_word' id='word_1_208' title='bbox 418 3014 450 3068; x_wconf 85' lang='lat' dir='ltr'>at</span> <span class='ocrx_word' id='word_1_209' title='bbox 468 3001 585 3068; x_wconf 86' lang='lat' dir='ltr'>similes</span> <span class='ocrx_word' id='word_1_210' title='bbox 602 3003 660 3078; x_wconf 90' lang='lat' dir='ltr'>eis,</span> <span class='ocrx_word' id='word_1_211' title='bbox 682 3014 715 3067; x_wconf 90' lang='lat' dir='ltr'>et</span> <span class='ocrx_word' id='word_1_212' title='bbox 732 3025 841 3068; x_wconf 88' lang='lat' dir='ltr'>omnes</span> <span class='ocrx_word' id='word_1_213' title='bbox 859 3002 990 3068; x_wconf 90' lang='lat' dir='ltr'>omnino</span> <span class='ocrx_word' id='word_1_214' title='bbox 1009 3018 1119 3094; x_wconf 76' lang='lat' dir='ltr'>gentas</span> 
     </span>
     <span class='ocr_line' id='line_1_27' title="bbox 87 3110 1120 3201; baseline 0.007 -27"><span class='ocrx_word' id='word_1_215' title='bbox 87 3133 161 3199; x_wconf 74' lang='lat' dir='ltr'>quas</span> <span class='ocrx_word' id='word_1_216' title='bbox 172 3110 205 3176; x_wconf 91' lang='lat' dir='ltr'>in</span> <span class='ocrx_word' id='word_1_217' title='bbox 216 3112 303 3178; x_wconf 90' lang='lat' dir='ltr'>omni</span> <span class='ocrx_word' id='word_1_218' title='bbox 317 3112 526 3201; x_wconf 79' lang='lat' dir='ltr'>permistione</span> <span class='ocrx_word' id='word_1_219' title='bbox 537 3110 740 3201; x_wconf 86' lang='lat' dir='ltr'>malignitatis</span> <span class='ocrx_word' id='word_1_220' title='bbox 754 3110 1008 3189; x_wconf 85' lang='lat' dir='ltr'>ambulaverunt,</span> <span class='ocrx_word' id='word_1_221' title='bbox 1024 3113 1120 3181; x_wconf 83' lang='lat' dir='ltr'>salva·</span> 
     </span>
     <span class='ocr_line' id='line_1_28' title="bbox 90 3220 1121 3298; baseline 0.003 -12"><span class='ocrx_word' id='word_1_222' title='bbox 90 3233 139 3286; x_wconf 88' lang='lat' dir='ltr'>tas</span> <span class='ocrx_word' id='word_1_223' title='bbox 151 3243 220 3288; x_wconf 89' lang='lat' dir='ltr'>esse</span> <span class='ocrx_word' id='word_1_224' title='bbox 230 3245 248 3286; x_wconf 88' lang='lat' dir='ltr'>a</span> <span class='ocrx_word' id='word_1_225' title='bbox 259 3223 409 3298; x_wconf 91' lang='lat' dir='ltr'>Domino,</span> <span class='ocrx_word' id='word_1_226' title='bbox 423 3245 498 3290; x_wconf 90' lang='lat' dir='ltr'>cum</span> <span class='ocrx_word' id='word_1_227' title='bbox 510 3221 725 3289; x_wconf 80' lang='lat' dir='ltr'>descendisset</span> <span class='ocrx_word' id='word_1_228' title='bbox 739 3220 780 3286; x_wconf 91' lang='lat' dir='ltr'>ad</span> <span class='ocrx_word' id='word_1_229' title='bbox 794 3221 910 3288; x_wconf 85' lang='lat' dir='ltr'>inferos</span> <span class='ocrx_word' id='word_1_230' title='bbox 925 3235 958 3288; x_wconf 90' lang='lat' dir='ltr'>et</span> <span class='ocrx_word' id='word_1_231' title='bbox 970 3245 1121 3290; x_wconf 78' lang='lat' dir='ltr'>accucur</span> 
     </span>
     <span class='ocr_line' id='line_1_29' title="bbox 86 3331 1122 3424; baseline 0.004 -28"><span class='ocrx_word' id='word_1_232' title='bbox 86 3331 204 3398; x_wconf 87' lang='lat' dir='ltr'>rissent</span> <span class='ocrx_word' id='word_1_233' title='bbox 214 3331 256 3407; x_wconf 86' lang='lat' dir='ltr'>ei,</span> <span class='ocrx_word' id='word_1_234' title='bbox 271 3345 304 3400; x_wconf 87' lang='lat' dir='ltr'>ot</span> <span class='ocrx_word' id='word_1_235' title='bbox 318 3333 352 3399; x_wconf 91' lang='lat' dir='ltr'>in</span> <span class='ocrx_word' id='word_1_236' title='bbox 363 3357 457 3410; x_wconf 87' lang='lat' dir='ltr'>suum</span> <span class='ocrx_word' id='word_1_237' title='bbox 473 3333 677 3423; x_wconf 81' lang='lat' dir='ltr'>assumpsisse</span> <span class='ocrx_word' id='word_1_238' title='bbox 687 3355 844 3424; x_wconf 74' lang='lat' dir='ltr'>regnum:</span> <span class='ocrx_word' id='word_1_239' title='bbox 862 3331 943 3398; x_wconf 89' lang='lat' dir='ltr'>Abel</span> <span class='ocrx_word' id='word_1_240' title='bbox 953 3345 1073 3408; x_wconf 88' lang='lat' dir='ltr'>autem,</span> <span class='ocrx_word' id='word_1_241' title='bbox 1087 3345 1122 3400; x_wconf 87' lang='lat' dir='ltr'>et</span> 
     </span>
     <span class='ocr_line' id='line_1_30' title="bbox 87 3441 1119 3533; baseline 0.004 -27"><span class='ocrx_word' id='word_1_242' title='bbox 87 3441 213 3516; x_wconf 85' lang='lat' dir='ltr'>Enoch,</span> <span class='ocrx_word' id='word_1_243' title='bbox 226 3453 259 3506; x_wconf 90' lang='lat' dir='ltr'>et</span> <span class='ocrx_word' id='word_1_244' title='bbox 269 3442 351 3519; x_wconf 84' lang='lat' dir='ltr'>Noc,</span> <span class='ocrx_word' id='word_1_245' title='bbox 364 3456 397 3509; x_wconf 90' lang='lat' dir='ltr'>et</span> <span class='ocrx_word' id='word_1_246' title='bbox 408 3441 546 3533; x_wconf 85' lang='lat' dir='ltr'>reliquos</span> <span class='ocrx_word' id='word_1_247' title='bbox 555 3444 669 3532; x_wconf 85' lang='lat' dir='ltr'>justos,</span> <span class='ocrx_word' id='word_1_248' title='bbox 681 3453 714 3509; x_wconf 90' lang='lat' dir='ltr'>et</span> <span class='ocrx_word' id='word_1_249' title='bbox 724 3466 778 3509; x_wconf 88' lang='lat' dir='ltr'>ecs</span> <span class='ocrx_word' id='word_1_250' title='bbox 788 3443 842 3531; x_wconf 88' lang='lat' dir='ltr'>qui</span> <span class='ocrx_word' id='word_1_251' title='bbox 854 3453 929 3508; x_wconf 90' lang='lat' dir='ltr'>sunt</span> <span class='ocrx_word' id='word_1_252' title='bbox 937 3465 1011 3532; x_wconf 77' lang='lat' dir='ltr'>erga</span> <span class='ocrx_word' id='word_1_253' title='bbox 1020 3444 1119 3510; x_wconf 89' lang='lat' dir='ltr'>Abra·</span> 
     </span>
     <span class='ocr_line' id='line_1_31' title="bbox 87 3550 1119 3644; baseline 0.004 -28"><span class='ocrx_word' id='word_1_254' title='bbox 87 3550 163 3616; x_wconf 90' lang='lat' dir='ltr'>ham</span> <span class='ocrx_word' id='word_1_255' title='bbox 181 3551 407 3639; x_wconf 87' lang='lat' dir='ltr'>patriarcham,</span> <span class='ocrx_word' id='word_1_256' title='bbox 424 3576 500 3620; x_wconf 88' lang='lat' dir='ltr'>oum</span> <span class='ocrx_word' id='word_1_257' title='bbox 516 3553 663 3620; x_wconf 86' lang='lat' dir='ltr'>omnibus</span> <span class='ocrx_word' id='word_1_258' title='bbox 676 3553 854 3642; x_wconf 88' lang='lat' dir='ltr'>Prophetis,</span> <span class='ocrx_word' id='word_1_259' title='bbox 870 3564 903 3618; x_wconf 89' lang='lat' dir='ltr'>et</span> <span class='ocrx_word' id='word_1_260' title='bbox 918 3552 967 3618; x_wconf 89' lang='lat' dir='ltr'>his</span> <span class='ocrx_word' id='word_1_261' title='bbox 981 3554 1035 3643; x_wconf 83' lang='lat' dir='ltr'>qui</span> <span class='ocrx_word' id='word_1_262' title='bbox 1049 3552 1119 3644; x_wconf 84' lang='lat' dir='ltr'>pla-</span> 
     </span>
     <span class='ocr_line' id='line_1_32' title="bbox 88 3657 1119 3750; baseline 0.006 -26"><span class='ocrx_word' id='word_1_263' title='bbox 88 3669 226 3724; x_wconf 85' lang='lat' dir='ltr'>cuerunt</span> <span class='ocrx_word' id='word_1_264' title='bbox 247 3659 331 3736; x_wconf 86' lang='lat' dir='ltr'>Deo,</span> <span class='ocrx_word' id='word_1_265' title='bbox 352 3682 416 3726; x_wconf 94' lang='lat' dir='ltr'>non</span> <span class='ocrx_word' id='word_1_266' title='bbox 440 3660 643 3749; x_wconf 84' lang='lat' dir='ltr'>participasse</span> <span class='ocrx_word' id='word_1_267' title='bbox 665 3657 812 3736; x_wconf 88' lang='lat' dir='ltr'>salutem,</span> <span class='ocrx_word' id='word_1_268' title='bbox 835 3657 941 3750; x_wconf 89' lang='lat' dir='ltr'>quiin</span> <span class='ocrx_word' id='word_1_269' title='bbox 959 3659 1119 3730; x_wconf 85' lang='lat' dir='ltr'>Marcione</span> 
     </span>
     <span class='ocr_line' id='line_1_33' title="bbox 87 3766 1119 3861; baseline 0.009 -30"><span class='ocrx_word' id='word_1_270' title='bbox 87 3766 148 3832; x_wconf 84' lang='lat' dir='ltr'>luit</span> <span class='ocrx_word' id='word_1_271' title='bbox 167 3791 296 3856; x_wconf 90' lang='lat' dir='ltr'>serpens</span> <span class='ocrx_word' id='word_1_272' title='bbox 314 3769 518 3858; x_wconf 82' lang='lat' dir='ltr'>praeconavit.</span> <span class='ocrx_word' id='word_1_273' title='bbox 542 3769 702 3850; x_wconf 86' lang='lat' dir='ltr'>Quoniam</span> <span class='ocrx_word' id='word_1_274' title='bbox 722 3769 808 3836; x_wconf 90' lang='lat' dir='ltr'>enim</span> <span class='ocrx_word' id='word_1_275' title='bbox 826 3768 982 3847; x_wconf 88' lang='lat' dir='ltr'>sciebant,</span> <span class='ocrx_word' id='word_1_276' title='bbox 1005 3770 1119 3861; x_wconf 88' lang='lat' dir='ltr'>inquit,</span> 
     </span>
     <span class='ocr_line' id='line_1_34' title="bbox 90 3878 1123 3969; baseline 0.002 -23"><span class='ocrx_word' id='word_1_277' title='bbox 90 3878 196 3946; x_wconf 90' lang='lat' dir='ltr'>Deum</span> <span class='ocrx_word' id='word_1_278' title='bbox 215 3901 310 3946; x_wconf 86' lang='lat' dir='ltr'>suum</span> <span class='ocrx_word' id='word_1_279' title='bbox 327 3901 454 3969; x_wconf 85' lang='lat' dir='ltr'>semper</span> <span class='ocrx_word' id='word_1_280' title='bbox 472 3890 647 3948; x_wconf 88' lang='lat' dir='ltr'>tentantem</span> <span class='ocrx_word' id='word_1_281' title='bbox 665 3900 733 3954; x_wconf 86' lang='lat' dir='ltr'>eos,</span> <span class='ocrx_word' id='word_1_282' title='bbox 759 3888 793 3945; x_wconf 88' lang='lat' dir='ltr'>st</span> <span class='ocrx_word' id='word_1_283' title='bbox 810 3889 887 3949; x_wconf 87' lang='lat' dir='ltr'>tunc</span> <span class='ocrx_word' id='word_1_284' title='bbox 904 3889 1028 3950; x_wconf 67' lang='lat' dir='ltr'>tenure</span> <span class='ocrx_word' id='word_1_285' title='bbox 1048 3904 1123 3949; x_wconf 89' lang='lat' dir='ltr'>cum</span> 
     </span>
    </p>
   </div>
   <div class='ocr_carea' id='block_1_3' title="bbox 0 0 1362 4638">
    <p class='ocr_par' dir='ltr' id='par_1_4' title="bbox 0 0 1362 4638">
     <span class='ocr_line' id='line_1_35' title="bbox 0 0 1362 4638; baseline 0 0"><span class='ocrx_word' id='word_1_286' title='bbox 0 0 1362 4638; x_wconf 95' lang='lat' dir='ltr'> </span> 
     </span>
    </p>
   </div>
  </div>
 </body>
</html>
