2738 4632
311 220 370 295 alo
627 239 738 283 saacrr
760 239 871 284 suares
892 241 954 284 aas.
984 243 997 285 1

308 349 432 439 apriori
443 348 569 436 quidem
579 347 698 415 artifice
709 349 748 413 ad
759 351 839 437 regis
848 351 1030 438 imaginem
1041 349 1190 439 preclaro
1199 373 1284 441 caupo

308 462 373 528 sitre
389 460 522 530 suerunt,
539 479 646 522 verum
662 482 679 522 a
693 460 865 546 posteriore
878 459 918 524 ad
929 459 1028 525 canis
1039 461 1175 526 sormam
1188 461 1284 548 inputa

306 565 487 650 translatae);
502 571 594 648 atque
606 587 662 650 per
671 563 848 652 lapillorum
859 566 1004 653 speciem
1016 565 1286 652 imperitioreahoni-

306 697 373 747 nos,
386 672 501 759 quique
512 671 628 758 regiam
640 671 771 737 sormam
789 671 1044 760 haudquaquam
1062 673 1180 748 norint,
1192 673 1285 738 ciraun

305 780 432 852 scribat,
449 775 606 863 fidemque
620 778 694 865 ipsis
709 779 800 844 faciat
819 779 965 867 putidum
990 779 1060 845 hoc
1084 779 1185 869 vulpis
1199 779 1284 844 simula-

305 909 394 952 crum
414 884 578 973 pulchram
593 883 677 950 illam
705 887 784 972 regis
802 886 971 974 imaginem
999 911 1086 952 esse.
1112 886 1162 952 Ad
1184 887 1283 950 eunden

304 996 388 1060 enim
403 993 452 1057 isti
472 1016 594 1080 quoquc
609 992 739 1057 modum
757 991 890 1057 anilibus
906 995 1109 1081 quibusdam
1127 992 1228 1058 tabulis
1239 1015 1285 1056 coa·

302 1104 390 1176 sutis,
407 1125 445 1168 ac
460 1102 572 1167 deinde
588 1102 701 1176 verbis,
714 1113 746 1166 et
756 1102 897 1177 vocibus,
910 1113 942 1167 et
955 1102 1127 1191 parabolis
1145 1103 1212 1166 hinc
1225 1113 1282 1185 atqua

301 1210 376 1275 hinc
388 1207 511 1282 avulsis,
525 1205 649 1272 oracula
662 1207 763 1271 divina
781 1207 892 1273 fabulis
911 1210 973 1274 suis
993 1207 1231 1276 accommodare
1243 1219 1283 1270 stu·

302 1319 387 1384 dent.
409 1317 511 1404 Atque
527 1339 562 1381 oa
575 1315 700 1403 quidem
716 1317 819 1380 omnia
832 1341 901 1405 quae
915 1319 1048 1384 interno
1060 1317 1230 1382 Pleromatis
1242 1337 1280 1381 m·

300 1427 346 1490 tui
361 1426 521 1514 adaptant,
536 1425 601 1511 jum
616 1426 937 1490 commemoravimus.

342 1534 389 1600 Ac
400 1530 532 1598 deinde¹
550 1531 674 1598 voculas
685 1532 833 1620 quasdam
849 1545 881 1598 et
892 1536 1040 1611 nomina,
1058 1559 1130 1625 quae
1147 1531 1280 1599 variislocis

299 1663 402 1730 sparsa
418 1651 503 1714 sunt,
519 1639 552 1703 in
567 1662 665 1703 unum
681 1639 809 1705 collecta
821 1664 859 1705 ex
870 1643 1023 1730 genuino,
1038 1645 1087 1708 uti
1097 1645 1163 1732 jam
1174 1641 1276 1708 dufno,
1309 1655 1310 1714 t

276 1831 280 1838 Δ
299 1773 391 1815 sensu
402 1749 441 1813 ad
457 1747 668 1813 adulterinum
684 1749 853 1815 traducunt
868 1752 1024 1839 :perinde
1045 1753 1157 1840 utique
1171 1750 1277 1814 halantes

298 1872 390 1946 atque
410 1856 453 1922 illi
469 1859 523 1946 qui
538 1867 720 1945 argumenta
738 1857 884 1947 quaelihet
902 1861 959 1926 sibi
975 1873 1217 1952 proponunt,ac
1230 1869 1273 1918 tun

298 1969 372 2032 dant
391 1987 534 2054 operum:
556 1976 589 2027 ut
612 1965 740 2028 Homeri
758 1968 898 2032 versibus
922 1993 957 2032 ea
979 1978 1155 2035 contexant
1176 1964 1237 2028 adeo
1254 1971 1274 2020 at
1309 1965 1310 1992 ;

296 2072 514 2162 imperitissimi
525 2071 642 2157 quique
653 2071 827 2140 Homerum
839 2075 877 2138 de
892 2075 945 2139 illo
963 2099 1080 2142 reeens
1098 2073 1272 2140 elahoratoar·

294 2192 442 2270 gumento
455 2201 559 2242 versus
571 2177 753 2264 hujusmodi
769 2180 943 2246 condidisse
958 2196 1089 2270 putent,
1102 2205 1139 2248 ac
1153 2175 1227 2245 matti
1236 2193 1272 2260 ptr
1309 2271 1310 2277 ἵ

293 2289 350 2352 rite
369 2296 565 2373 compactam
579 2307 727 2350 versuum
742 2288 909 2353 seriemeo
927 2290 1144 2366 adducuntur,
1163 2297 1193 2350 ut
1204 2279 1269 2348 amli-

291 2403 365 2481 gant
381 2415 458 2457 num
472 2393 626 2456 Homerus
643 2393 685 2456 ita
703 2393 771 2457 hmo
789 2392 1031 2461 elucubraverit.
1054 2397 1128 2475 Quo
1146 2395 1175 2458 in
1190 2405 1270 2478 geren
1308 2467 1309 2490 Χ

277 2501 366 2566 'illud
382 2512 428 2564 est
445 2499 531 2588 quod
548 2500 674 2587 quidam
691 2497 860 2564 Herculem
884 2504 922 2567 ah
938 2504 1119 2591 Eurystheo
1133 2500 1170 2564 ad
1185 2489 1267 2562 inserui
1308 2505 1309 2530 t

289 2633 400 2674 canem
424 2609 553 2674 missum
578 2609 749 2674 Homericis
773 2610 911 2675 versibus
940 2612 1136 2686 describens,
1159 2605 1191 2672 ad
1208 2604 1266 2666 huuc

288 2718 417 2783 modum
435 2719 558 2784 cecinit.
586 2717 650 2783 Nec
668 2716 753 2780 enim
774 2717 945 2806 quidquam
967 2723 1118 2808 prohibet
1138 2710 1264 2804 quominus
1308 2789 1309 2792 Ἴ

287 2825 419 2914 exempli
436 2827 533 2915 gratia
548 2827 616 2892 haec
633 2846 927 2904 commemoremus,
942 2852 1015 2895 cum
1031 2827 1139 2896 similis
1155 2823 1263 2900 idemque

287 2934 326 2999 sit
342 2935 481 3022 utrisque
494 2947 622 3001 conatus
637 2958 644 2998 :
1308 2965 1309 3011 q

362 3105 430 3160 Haeo
442 3102 494 3176 ait,
508 3115 592 3181 atque
605 3107 662 3162 alto
675 3106 798 3182 suspiria
812 3106 898 3164 corde
910 3108 1069 3168 trahentem

361 3201 452 3258 Armis
464 3201 607 3278 egregium
620 3201 745 3260 Alcidem
758 3205 918 3264 Stheneleia
929 3208 1024 3283 proles

361 3301 514 3358 Confestim
526 3301 561 3360 ad
573 3303 664 3380 stygii
677 3303 849 3364 descendere
860 3317 935 3364 tecta
946 3311 1059 3382 tyranni

359 3399 455 3470 tussit,
467 3412 499 3455 ut
510 3399 576 3457 inde
588 3421 686 3458 canem
697 3422 815 3480 superas
829 3403 945 3462 efferret
955 3405 992 3462 ad
1003 3425 1079 3464 orasc

360 3499 435 3573 Ergo
448 3498 497 3556 itte
510 3500 677 3579 intrepidus,
692 3501 839 3560 furibundi
854 3522 933 3560 more
948 3503 1049 3576 leonis,
1147 3543 1153 3569 ;

360 3594 522 3669 Egreditur.
536 3605 659 3660 Juvenes
673 3602 767 3673 illum,
782 3602 964 3679 innuptaeque
977 3601 1089 3680 paeto,

359 3689 567 3773 Grandaevique
579 3717 672 3770 senes,
687 3699 778 3756 moesti
791 3699 980 3780 lacrymisque
994 3698 1144 3766 madentes,

313 3805 322 3836 ¹
335 3805 396 3870 Cap.
410 3827 443 3870 ar,
456 3829 480 3862 n.
493 3815 516 3871 l.
