2772 4620
285 317 346 382 279
582 315 696 362 sanent
717 314 836 360 Jusrtttt
859 315 1014 368 Udli'mis

282 426 381 492 sessus
396 435 491 501 esset,
508 424 542 492 in
556 423 680 492 vincula
700 426 867 513 conjectus
882 435 930 488 est
945 445 962 488 a
980 421 1189 497 centurione,
1207 419 1336 508 diuque

281 537 321 604 eb
336 557 375 603 eo
388 537 423 602 in
441 557 569 603 carcere
587 537 732 603 afflictus.
754 535 920 602 Postremo
935 557 1044 601 coram
1064 533 1191 600 Urbico
1202 532 1334 598 adduc-

279 656 344 722 tus,
357 643 500 712 similiter
510 645 544 710 id
556 668 656 711 unum
666 646 877 736 interrogatus
885 653 946 720 est,
955 667 995 709 an
1004 655 1086 710 esset
1099 642 1328 715 Christianus;

281 777 319 821 ac
333 751 484 844 praeclare
499 753 559 850 sibi
572 753 613 818 ob
628 753 778 818 traditam
789 775 807 818 a
820 752 947 818 Christo
962 752 1145 818 doctrinam
1157 752 1327 826 conscius,

278 863 510 929 institutionem
525 861 637 927 divinae
648 859 773 926 virtutis
785 860 902 926 iterum
914 859 1076 927 consessus
1091 871 1151 925 est.
1170 859 1261 926 Nam
1276 861 1325 947 qni

279 984 373 1060 negat
387 969 562 1059 quidpiam,
578 967 627 1034 vei
642 967 714 1033 ideo
730 980 837 1056 negat,
853 969 941 1056 quod
955 991 1025 1034 rem
1043 968 1146 1056 ipsam
1162 967 1323 1034 condem

279 1091 348 1152 net;
366 1076 416 1144 vel
431 1101 465 1142 se
478 1077 545 1167 ipse
560 1075 727 1165 indignum
742 1072 795 1141 illa
810 1089 844 1140 et
856 1069 998 1142 alienum
1011 1076 1175 1164 jutlicans,
1193 1077 1323 1142 conses-

278 1187 400 1253 sionem
414 1186 494 1276 fugit
507 1209 515 1250 :
533 1209 669 1275 quorum
681 1198 831 1252 neutrum
843 1186 925 1252 inest
936 1209 1011 1251 vero
1024 1184 1221 1252 Christiano.
1238 1187 1320 1252 Cum

277 1294 373 1384 igitur
387 1293 523 1360 Urbicus
539 1293 579 1359 ad
598 1291 789 1382 supplicium
803 1293 920 1358 abduci
934 1290 1143 1377 Ptolemaeum
1159 1295 1316 1383 jussisset,

276 1403 392 1470 Lucius
403 1403 552 1493 quidam,
569 1402 624 1491 qui
642 1412 675 1468 et
690 1403 757 1491 ipse
773 1400 971 1468 Christianus
990 1413 1071 1478 erat,
1089 1415 1159 1468 tam
1176 1401 1315 1471 alienum

275 1513 426 1580 aratione
436 1511 593 1602 judicium
604 1511 726 1588 videns,
739 1511 785 1578 sic
798 1509 951 1578 Urbicum
963 1510 1186 1600 compellavit:
1199 1541 1211 1574 ι
1222 1513 1312 1593 Quid

275 1653 288 1686 ι
303 1647 405 1690 eausae
420 1635 480 1699 est,
497 1646 555 1689 cur
569 1621 647 1689 huic
661 1621 784 1690 homini
799 1644 859 1689 nee
874 1621 1020 1688 adulterii
1042 1646 1105 1688 nec
1126 1625 1228 1711 stupri
1242 1649 1309 1698 reo,

274 1757 361 1800 »neo
380 1731 560 1808 homicidas,
583 1755 643 1798 nee
657 1731 733 1807 suri,
749 1755 810 1798 nee
825 1733 957 1821 raptori,
974 1753 1036 1798 nee
1051 1730 1148 1798 ullius
1164 1732 1306 1799 maleficii

276 1841 462 1918 »convictu
486 1841 542 1908 sed
562 1851 688 1906 tantum
711 1839 882 1907 Christiani
902 1841 1040 1906 nominis
1066 1839 1305 1930 appeliationem

274 1979 287 2014 s
302 1950 468 2018 confitenti
486 1970 614 2039 poenam
628 1948 837 2038 irrogaveris?
852 1948 879 2016 N
882 1951 924 2015 oh
939 1962 975 2014 ut
991 1949 1084 2016 decet
1099 1951 1196 2018 Pium
1212 1954 1307 2043 Impe-

274 2069 454 2134 aratorem,
470 2077 531 2122 nec
546 2067 582 2119 ut
596 2053 823 2143 philosophum
844 2053 974 2120 Caesaris
993 2053 1112 2130 filium,
1129 2081 1192 2125 nec
1206 2069 1244 2123 ut
1261 2083 1306 2124 sa-

274 2176 503 2233 ncrosanctum
518 2161 685 2239 Senatum,
705 2163 841 2251 judicas,
866 2161 992 2230 Urbiee.
1015 2163 1132 2231 »Tum
1155 2165 1210 2232 iUe
1233 2169 1304 2235 nihii

272 2273 360 2341 aliud
378 2273 585 2363 respondens,
607 2273 653 2339 sie
674 2272 809 2339 Lucium
825 2271 995 2362 adloquitur
1012 2297 1021 2340 z
1040 2273 1114 2340 «Tu
1130 2301 1257 2365 quoque
1268 2303 1301 2342 er

272 2414 285 2446 ι
301 2384 364 2449 hoe
374 2382 543 2469 hominum
557 2403 672 2471 genere
686 2405 755 2447 esse
766 2380 844 2446 mihi
855 2381 980 2447 videris.
995 2383 1103 2449 ³Cum
1115 2385 1232 2452 Lucius
1242 2411 1297 2451 res-

272 2492 446 2582 pondisset,
463 2490 626 2566 Munime,
644 2491 737 2578 jussit
751 2513 826 2558 eum
841 2489 977 2556 Urbicus
993 2493 1113 2581 pariter
1127 2497 1241 2584 abripi.
1264 2497 1299 2562 ht

270 2601 322 2669 ilie
337 2601 451 2692 gratias
466 2601 562 2666 etiam
577 2602 702 2690 agebat,
720 2622 795 2666 eum
810 2623 844 2666 se
858 2600 898 2665 ab
911 2598 1064 2690 improbis
1074 2603 1233 2690 ejusmodi
1243 2605 1302 2668 do-

270 2712 364 2778 minis
379 2709 518 2787 liberari,
535 2721 567 2776 et
587 2709 627 2774 ad
641 2708 768 2774 Patrem
784 2693 822 2776 ac
836 2707 957 2799 Regem
972 2709 1120 2777 coelorum
1133 2709 1294 2798 proficisci

270 2831 485 2910 cognosceret.
512 2817 637 2884 Tertius
657 2815 736 2882 abus
758 2819 982 2906 superveniens
1007 2819 1108 2888 eodem
1132 2817 1289 2907 supplicio

269 2932 436 2998 damnatus
451 2944 508 2998 est.

313 3043 369 3108 111.
389 3045 456 3132 Ego
471 3045 567 3110 etiam
582 3058 731 3134 exspecto
752 3059 788 3113 ut
806 3050 845 3115 ab
862 3073 987 3128 eorum,
1008 3074 1086 3138 quos
1100 3049 1173 3124 dixi,
1185 3045 1291 3136 aiiquo

268 3151 388 3218 insidiis
402 3165 546 3242 appetat,
562 3165 594 3218 et
605 3153 646 3219 ad
657 3156 796 3244 stipitem
808 3157 929 3249 affigat,
942 3173 998 3225 aut
1008 3173 1096 3228 certe
1106 3160 1146 3225 ab
1157 3155 1210 3223 illo
1221 3169 1296 3222 stre-

267 3262 351 3350 pitus
366 3273 399 3328 et
414 3263 633 3328 ostentationis
648 3277 790 3332 amatore
805 3267 985 3335 Crescente.
1006 3271 1117 3358 Neque
1131 3271 1218 3335 enim
1232 3267 1298 3359 phi-

265 3371 389 3464 losophi
411 3369 621 3470 appellatione
644 3374 756 3464 dignus
776 3389 838 3450 estr
863 3379 979 3469 quippe
1006 3381 1059 3468 qui
1082 3381 1123 3446 de
1146 3379 1237 3446 nohis
1263 3402 1294 3444 ea

265 3483 393 3573 publice
404 3496 551 3560 testetur,
565 3507 634 3571 quae
646 3507 774 3572 prorsus
790 3485 926 3576 ignorat,
943 3490 1052 3556 atheos
1064 3502 1096 3556 et
1108 3491 1223 3581 impios
1233 3513 1297 3556 esse

267 3593 475 3672 Christianos,
498 3594 539 3660 ad
555 3594 687 3683 gratiam
708 3605 741 3662 et
758 3595 954 3687 voluptatem
970 3599 1112 3689 deceptis
1123 3598 1297 3690 plebeculae

265 3721 453 3768 asseverans.
474 3703 555 3772 Nam
571 3703 608 3780 si,
622 3727 697 3770 cum
708 3705 887 3776 doctrinam
900 3709 1016 3776 Christi
1028 3735 1093 3777 non
1105 3709 1232 3800 legerit,
1244 3733 1297 3776 nos

264 3822 373 3876 tamen
387 3813 536 3900 exagitat,
552 3815 772 3902 nequissimus
777 3817 920 3906 profecto
934 3831 982 3886 est
997 3843 1036 3888 ae
1047 3817 1149 3886 multo
1162 3819 1297 3886 deterior

264 3917 447 3986 hominibus
468 3920 635 4010 imperitis,
657 3924 711 4013 qui
733 3947 815 4017 steps
835 3940 948 3994 cavent
968 3951 1010 3994 ne
1034 3929 1073 3996 de
1100 3932 1197 3996 rebus
1223 3951 1296 4017 quas
