2630 4614
304 242 439 312 renarro
463 241 519 283 nno
544 240 747 284 cunrsrrasrs.
995 223 1036 286 65

30 349 222 440 »appellavit
239 350 272 415 id
286 349 384 416 multa
400 349 529 437 quidem
547 348 672 414 aPatro
689 348 791 414 felicia
810 361 1038 436 consequutum

28 473 112 532 »est3
136 460 190 525 sed
212 471 316 524 tamen
341 459 481 546 corporis
503 470 551 522 est
569 458 741 545 particeps;
760 455 835 522 hinc
858 457 1040 522 mutationis

26 592 154 656 »expers
176 590 244 632 esse
266 590 331 633 non
349 577 461 655 potest.
480 594 492 626 a
508 566 606 654 Igitur
621 567 646 630 si
671 564 741 632 coeli
762 578 795 630 et
810 565 1040 632 elementorum

25 687 120 740 artem
135 675 305 750 admirans,
321 697 357 738 ea
373 684 408 738 ut
420 673 494 737 deos
506 696 570 738 non
586 674 695 749 adoro,
710 673 825 763 quippe
845 697 920 741 cum
936 675 1040 763 impo-

26 785 113 848 sitam
132 780 189 846 illis
209 779 417 846 dissolutionis
440 779 541 868 legem
564 781 720 853 noverim
740 804 875 870 quorum
898 781 1041 848 homines

25 889 149 978 opilices
159 912 226 954 esse
238 890 315 962 scio,
324 911 360 954 ea
370 887 528 975 quomodo
536 887 757 977 appellaverim
768 889 842 954 deos
851 888 952 956 illem
963 889 1042 956 mihi

25 999 128 1085 paucis
142 998 346 1063 considerate.
804 1061 811 1075 ,

68 1103 164 1170 XVII.
181 1105 315 1171 Necesse
335 1117 382 1170 est
403 1115 507 1170 autem
523 1127 650 1170 causam
666 1107 797 1180 dicenti,
814 1107 989 1172 accuratius
1010 1119 1043 1172 et

25 1213 65 1277 de
83 1213 273 1288 nominibus,
296 1236 331 1279 ea
356 1237 422 1280 esse
444 1215 595 1289 recentia,
611 1227 643 1278 et
659 1214 698 1279 de
719 1213 906 1289 simulacris,
923 1214 990 1280 heri
1010 1227 1043 1280 et
1129 1271 1133 1276 .

25 1321 136 1386 nudius
149 1321 270 1397 tertius,
285 1333 318 1385 ut
331 1322 373 1386 ita
385 1321 501 1399 dicam,
514 1321 594 1388 lacta
607 1321 821 1387 demonstrare
835 1343 842 1384 :
859 1321 928 1387 haec
938 1332 1043 1388 autem

23 1441 57 1493 ct
68 1453 119 1494 vos
134 1431 308 1496 accuratius
323 1429 420 1506 scitis,
435 1430 538 1517 utqui
554 1453 628 1497 cum
642 1431 788 1496 omuibus
802 1430 933 1495 eruditis
945 1429 1045 1495 homi-

24 1539 127 1612 nibus,
143 1549 176 1602 et
189 1561 281 1626 supra
298 1560 406 1604 omnes
422 1538 455 1602 in
469 1538 605 1626 antiquis
619 1539 824 1626 scriptoribus
840 1539 953 1603 versati
965 1538 1041 1620 sitis.

23 1649 102 1714 Dico
116 1647 210 1735 igitur
225 1647 388 1735 Orpheum
404 1657 435 1711 et
456 1649 630 1712 Homerum
648 1659 680 1711 et
702 1646 875 1712 Hesiodum
893 1669 975 1723 esse,
991 1647 1044 1735 qai

24 1779 136 1844 genera
152 1767 183 1820 et
198 1757 324 1820 aomina
346 1756 383 1820 iis
401 1778 480 1842 quos
499 1753 658 1842 appellant
677 1753 735 1818 diis
755 1753 879 1819 dedere.
899 1752 1046 1820 Testatur

1 1859 2 1862 ¹
24 1865 57 1928 id
74 1865 137 1951 ipse
153 1864 340 1928 Herodotus.
361 1863 560 1930 «Hesiodum
574 1864 671 1939 enim,
689 1864 802 1950 inquit,
822 1875 854 1928 et
874 1851 1046 1929 Homerum

1 1967 2 2058 J
25 1974 142 2038 saunis
156 1972 391 2061 quadringentis
409 1973 551 2038 existimo
568 1973 705 2059 majores
727 1983 802 2036 natu
819 1995 871 2036 me
893 1995 973 2048 esse,
989 1995 1048 2039 uec

24 2109 41 2144 a¹
54 2079 207 2169 pluribus.
222 2081 262 2146 Hi
277 2092 351 2146 sunt
361 2083 415 2170 qui
427 2081 543 2148 Graecis
560 2082 692 2147 deorum
703 2081 855 2168 originem
867 2092 1047 2159 texuerunt,

1 2184 2 2201 ³
23 2219 37 2252 s
55 2212 93 2253 ac
114 2190 171 2254 diis
193 2191 379 2278 cognomina
405 2191 622 2279 imposuerunt
642 2201 675 2254 et
696 2190 831 2254 honores
850 2202 943 2277 atque
966 2203 1047 2256 artes

23 2327 36 2360 s
53 2297 292 2374 distribuerunt,
308 2311 341 2363 et
355 2323 466 2365 eorum
480 2299 595 2364 formas
611 2321 648 2364 ac
666 2297 782 2387 liguros
798 2298 1009 2387 designarunt.
1028 2327 1040 2361 s

23 2403 201 2471 Simulacra
223 2418 342 2483 autem,
365 2407 514 2495 quamdiu
535 2406 664 2496 plastice
679 2417 711 2470 et
730 2407 852 2496 pictura
873 2418 905 2472 et
920 2431 970 2473 ars
984 2418 1048 2473 sta-

1 2500 2 2503 *
22 2515 128 2580 tuaria
143 2537 208 2580 non
222 2528 323 2590 erant,
340 2539 379 2581 ne
401 2516 670 2604 cognoscebantur
686 2515 813 2602 quidem
832 2538 839 2578 :
863 2515 964 2581 donec
979 2513 1050 2580 tan-1

22 2625 99 2688 dem
116 2623 244 2689 Saurius
256 2624 379 2690 Samius
390 2637 422 2690 et
435 2625 552 2690 Craton
567 2624 733 2712 Sicyonius
749 2637 781 2689 et
797 2625 978 2714 Corcffrirgo
991 2625 1051 2690 Co-

21 2732 140 2797 rinthia
157 2733 350 2820 prodierunt.
369 2734 417 2800 Ac
433 2732 599 2799 delineatio
615 2733 744 2819 quidem
759 2756 777 2797 a
798 2731 911 2796 Saurio
926 2733 1050 2796 inventa

20 2851 85 2916 ost,
103 2863 179 2905 cum
193 2840 219 2904 is
234 2863 351 2928 equum
362 2842 403 2906 ad
417 2840 516 2906 solem
527 2839 823 2927 circumscripsisset
841 2862 849 2902 ε
867 2839 989 2927 pictura
1000 2862 1054 2904 au·

22 2966 92 3016 tem
118 2974 136 3014 a
164 2951 313 3026 Crotone,
337 2973 411 3016 cum
434 2951 466 3016 in
493 2948 598 3016 tabula
621 2947 765 3014 dealbata
788 2949 915 3012 umbras
935 2947 993 3013 riri
1014 2971 1053 3015 ac

23 3055 171 3122 mulieris
185 3055 331 3121 illevisset
348 3080 355 3120 :
378 3079 395 3122 a
415 3056 497 3122 Gore
510 3067 617 3120 autern
629 3053 844 3142 ceroplastice.
864 3056 939 3122 Haec
954 3057 1051 3132 enim,

23 3164 197 3250 cujusdam
212 3187 319 3228 amore
333 3174 437 3250 capta,
454 3162 637 3229 dormientis
650 3164 796 3228 umbram
807 3163 839 3228 iu
850 3164 967 3251 pariete
979 3162 1055 3230 deli-

22 3272 156 3338 neavit:
175 3283 243 3335 tum
259 3283 359 3360 pater,
376 3271 510 3360 imagine
526 3270 683 3338 simillima
700 3270 871 3338 delectatus
892 3271 932 3352 (is
948 3285 1054 3338 autem

22 3379 147 3470 figulus
157 3382 259 3468 erat),
273 3378 512 3447 delineationem
523 3379 676 3469 exculpsit
688 3403 725 3446 ac
736 3379 804 3446 luto
815 3379 964 3468 implevit.
980 3381 1055 3446 llaec

21 3491 149 3580 effigies
165 3491 338 3556 etiamnum
353 3503 493 3556 servatur
508 3490 663 3556 Corinthi.
678 3490 735 3556 His
748 3490 935 3580 posteriores
946 3489 1055 3556 Deda-

22 3600 76 3664 lus
93 3611 127 3664 et
142 3598 327 3664 Theodorus
343 3596 478 3664 Milesius
490 3598 642 3688 plasticen
657 3610 689 3663 et
701 3599 882 3664 statuariam
893 3610 992 3664 artem
1004 3599 1054 3662 iu-

24 3718 196 3772 vencruat.
206 3706 293 3774 AEtas
305 3706 400 3795 igitur
411 3707 598 3797 imaginihus
607 3719 638 3772 et
647 3705 1056 3796 simulacrorumapparatui

25 3811 155 3879 tantula
167 3827 226 3890 est,
239 3827 273 3879 ut
289 3815 444 3901 cujusque
456 3813 506 3878 dei
518 3813 672 3879 artificem
683 3814 790 3878 dicere
800 3813 962 3900 possimus.
978 3813 1057 3880 Nam
