2684 4638
248 297 313 364 eso
563 313 677 362 sancrr
699 311 814 359 unum
837 313 898 356 mr.
923 309 961 356 ιιι

246 426 332 494 »lari
352 447 464 494 omnes
481 421 666 514 plangentes
675 422 727 488 ’.ι
748 421 830 489 Nam
848 420 1028 487 secundum
1046 418 1081 486 id
1101 418 1197 508 quod
1215 415 1282 484 Ver

244 541 325 608 bum
339 537 397 606 Dei
413 537 509 604 homo
524 547 605 611 erat,
621 558 661 602 ex
676 533 783 600 radice
798 531 900 608 «lesse,
915 543 949 597 et
962 529 1048 596 filins
1063 529 1225 605 Abrahae,
1240 553 1283 595 se-

246 647 390 717 cuudum
411 645 474 712 hoc
491 645 710 735 requiescebat
725 642 861 732 Spiritus
880 641 939 708 Dei
955 663 1052 730 super
1069 663 1166 716 eum,
1183 651 1218 705 et
1235 665 1284 706 un-

247 759 381 849 gebatur
399 756 440 821 ad
459 752 739 845 evangelizandum
759 749 943 818 humilibus.
966 747 1162 815 Secundum
1183 759 1279 815 auten

247 867 334 959 quod
351 867 437 934 Deus
454 877 536 942 erat,
555 887 620 932 non
638 861 815 930 secundum
831 859 963 950 gloriam
980 858 1168 948 judicabat,
1187 883 1279 946 neque

245 975 423 1044 secundum
442 971 601 1064 loquelam
618 973 795 1062 arguebat:
819 969 913 1036 «Non
928 968 1016 1035 enim
1030 991 1115 1058 opus
1137 981 1211 1034 crat
1230 967 1277 1043 illi,

245 1098 310 1152 rut
327 1087 397 1176 quis
415 1085 632 1152 testimonium
649 1083 771 1150 diceret
790 1082 830 1147 de
843 1079 987 1155 homine,
1003 1101 1080 1145 oum
1101 1079 1177 1168 ipsc
1196 1081 1279 1146 sciret

245 1195 351 1286 aquid
364 1205 447 1261 esset
460 1194 495 1260 in
508 1189 670 1260 homiue².
685 1219 699 1254 ι
713 1191 899 1259 Adroonhat
915 1201 1026 1254 autem
1044 1211 1164 1254 omnes
1183 1187 1278 1256 honu'-

245 1327 302 1372 nes
317 1301 514 1394 plangentes,
528 1314 563 1396 pt
578 1301 796 1369 remissionem
809 1301 859 1367 his
873 1302 928 1391 qui
942 1325 960 1368 a
972 1303 1117 1391 peccatis
1134 1301 1171 1368 iu
1188 1301 1276 1388 capti·
1324 1351 1325 1356 η

245 1417 375 1483 vitatem
396 1413 525 1481 deducti
544 1425 636 1480 erant
652 1413 788 1489 donans,
813 1410 955 1478 solvebat
971 1435 1060 1479 cosa
1077 1410 1275 1487 vinculis,da

245 1525 362 1616 quibus
373 1525 417 1592 sit
427 1521 578 1590 Salomon
593 1545 602 1589 r
619 1521 791 1590 «Restibus
807 1535 914 1592 eutem
925 1535 1138 1613 pcccatorum
1155 1546 1274 1588 suumn

246 1665 259 1701 s
274 1637 491 1726 unusquisque
505 1633 764 1724 constringitur¹.
778 1661 793 1696 ι
808 1633 943 1723 Spiritus
953 1657 1031 1724 ergo
1042 1633 1103 1702 Dei
1120 1633 1273 1701 descen&

246 1747 381 1824 inarum,
400 1745 542 1835 ejusqui
563 1765 621 1832 per
641 1742 815 1832 Prophetas
837 1743 1026 1832 promiserat
1047 1757 1232 1810 uncturum
1249 1767 1273 1808 rr

244 1881 331 1935 eum,
348 1871 383 1922 ut
398 1857 439 1922 de
454 1853 648 1924 abundantia
663 1851 821 1920 unctionis
836 1853 907 1942 ejus
918 1877 977 1921 nos
992 1855 1215 1944 percipientes
1229 1853 1273 1922 sal·

246 1990 402 2035 varemur.
421 1967 462 2031 Et
473 1963 523 2032 sic
538 1962 668 2052 quidem
682 1962 857 2029 Mattheus.
915 2015 920 2028 ι

292 2147 333 2204 2⁰
351 2136 405 2204 Ex
418 2136 516 2205 Luca
532 2147 568 2204 et
587 2133 710 2203 Marco
726 2140 737 2174 ⁴
756 2158 764 2200 :

287 2287 390 2355 Lucos
412 2299 533 2365 autem,
563 2298 700 2355 sectator
720 2299 753 2354 et
780 2287 952 2378 discipulus
973 2288 1219 2380 Apostolorum,
1241 2293 1273 2356 rh

241 2395 409 2472 Zacharia,
424 2407 457 2460 et
479 2394 657 2470 Elisabeth,
673 2393 845 2484 exquibus
860 2397 1036 2464 secundum
1058 2399 1269 2488 repronu'raio-
1327 2473 1328 2496 χ

240 2529 316 2572 nem
336 2504 396 2571 Dei
419 2504 558 2570 Jonnnes
579 2516 672 2568 natus
693 2517 754 2580 est,
776 2505 916 2572 reserens
935 2507 979 2572 ait
996 2529 1005 2572 τ
1023 2529 1036 2568 ι
1057 2509 1163 2576 Erant
1176 2519 1273 2576 autem

240 2645 255 2680 ι
271 2615 347 2704 justi
362 2615 458 2680 ambo
473 2625 546 2678 aute
561 2613 677 2688 Deum,
702 2613 886 2682 incedentes
903 2617 934 2683 in
954 2617 1109 2684 omnibus
1124 2620 1271 2686 mandatis

241 2754 255 2790 ι
270 2737 302 2790 et
317 2723 444 2814 justitiis
459 2721 586 2788 Domini
602 2723 670 2788 siue
686 2722 814 2812 querela
824 2724 846 2790 ⁶.
865 2727 929 2791 »Et
943 2725 1060 2793 iterum
1071 2728 1114 2793 de
1125 2728 1269 2796 Zacbuh

242 2837 352 2902 dicens
375 2857 413 2900 :r
431 2833 567 2900 Factum
586 2845 635 2898 est
655 2844 777 2912 autem,
798 2857 873 2902 cum
895 2836 1072 2902 sacerdotio
1094 2835 1273 2928 iungeretur

242 2975 256 3010 ι
271 2947 305 3012 in
320 2945 432 3010 ordine
443 2943 519 3010 vicis
531 2965 594 3010 suae
609 2955 683 3009 ante
695 2944 811 3020 Deum,
824 2946 1002 3012 secundnm
1014 2949 1272 3015 consuetudinem

242 3083 255 3123 a
271 3053 451 3130 moeruotii,
468 3065 552 3120 sorte
566 3053 663 3119 exivit
678 3065 713 3118 ut
733 3055 898 3122 incensum
913 3068 1060 3145 poneret,
1077 3069 1112 3122 et
1131 3059 1221 3124 venit
1235 3059 1273 3122 ati

241 3194 254 3230 s
270 3164 474 3239 sacrificaret,
491 3164 611 3230 intrans
627 3163 659 3229 iu
675 3163 829 3254 templum
841 3165 999 3232 Domini⁸.
1014 3193 1027 3228 r
1044 3165 1109 3246 Qui
1121 3169 1275 3256 prreestin

242 3288 417 3367 conspectu
432 3273 573 3352 Domini,
590 3273 787 3363 simpliciter,
804 3289 837 3342 et
847 3275 1004 3352 absolute,
1020 3288 1054 3342 et
1068 3275 1164 3344 firme
1176 3279 1276 3345 Deum

241 3401 275 3454 et
286 3387 458 3454 Dominum
470 3383 625 3452 confitens
637 3405 676 3448 ex
690 3407 746 3450 sun
761 3406 910 3475 persona,
925 3409 1000 3452 eum
1015 3387 1070 3475 qui
1083 3386 1218 3477 elegerit
1228 3389 1277 3456 Ja·

241 3497 393 3574 ruralem,
416 3509 450 3562 ot
468 3495 707 3586 legisdatiouem
723 3497 891 3564 sacerdotii
914 3497 1037 3573 iecerit,
1059 3497 1153 3585 cujus
1177 3513 1229 3566 est
1249 3513 1277 3564 rt

242 3608 382 3700 Angelus
398 3604 536 3674 Gabriel.
563 3605 690 3674 Etenim
710 3606 846 3674 alterum
864 3631 959 3698 snper
973 3607 1062 3676 huno
1085 3609 1273 3678 nesciebat:
