2646 4628
312 267 381 332 256*
641 291 756 337 sanari
780 289 895 337 rarum
915 291 977 338 arr.
1002 295 1012 336 r

358 419 393 496 7·
420 397 587 472 Ostendit
605 403 767 498 regulum
792 405 950 474 veritatis
975 425 1103 502 exque
1128 402 1259 477 deflectu:

307 509 513 582 haeretiei¹t

670 659 874 734 Intemretatt'o
888 669 979 715 uerus.

350 845 433 911 Cum
452 859 617 914 teneamus
640 868 698 914 nos
715 845 858 940 regulam
877 849 1035 924 veritatis,
1057 847 1089 912 id
1108 855 1164 922 esi,
1186 847 1232 934 quia
1244 849 1258 908 sl

306 979 388 1022 uuus
411 957 497 1024 Deus
520 963 734 1051 omnipotens,
754 963 808 1050 qui
828 961 935 1027 omnia
959 959 1099 1027 condidit
1119 981 1168 1048 per
1181 957 1259 1022 Verba

303 1089 410 1144 suum,
429 1081 461 1134 et
479 1073 610 1159 aptavit,
630 1081 663 1138 et
684 1071 760 1137 lecit
776 1095 814 1138 ex
833 1072 975 1162 eoquod
995 1094 1059 1137 non
1072 1079 1145 1146 erui,
1163 1067 1257 1132 adlocu

302 1180 365 1246 siut
381 1183 500 1259 omnia,
520 1185 795 1272 quemadmodum
811 1185 976 1274 Scriptum
994 1184 1091 1250 dieite
1108 1177 1256 1247 ‹vertom

301 1285 456 1355 »Domini
473 1291 544 1357 eoeli
563 1291 682 1360 sarmati
698 1305 785 1370 sunt,
807 1305 839 1359 et
854 1293 976 1382 Spiritu
997 1293 1061 1357 oris
1076 1291 1139 1378 ejus
1152 1289 1255 1354 omnisn-

300 1409 379 1464 »tus
395 1401 545 1475 eorum²3
561 1431 573 1463 ι
587 1413 620 1468 et
642 1401 780 1468 iterum:
799 1401 938 1468 «Omnia
957 1422 1019 1492 per
1034 1402 1132 1490 ipsum
1144 1398 1207 1464 lucta
1220 1417 1251 1460 su

300 1535 313 1570 ι
326 1520 360 1574 et
370 1511 437 1576 sine
447 1513 515 1601 ipso
526 1512 646 1578 [uotum
657 1525 704 1578 est
714 1511 831 1579 nihil⁸»
842 1513 896 1599 (ex
904 1506 1056 1577 omnibus
1066 1523 1163 1575 autem
1170 1506 1249 1572 ulle

299 1633 438 1687 tractum
450 1634 513 1697 est3
532 1623 588 1688 sed
601 1622 707 1690 omnis
719 1643 778 1712 per
789 1621 893 1714 ipsum
906 1621 981 1688 iecit
993 1621 1101 1697 Pater,
1116 1621 1170 1685 sire
1179 1613 1249 1682 visilia

299 1731 362 1798 sive
379 1731 558 1809 invisibilia,
577 1732 641 1798 sive
658 1730 831 1808 sensibilia,
850 1734 915 1799 sive
930 1729 1151 1823 intelligihssia,
1166 1730 1209 1793 sire
1220 1741 1252 1788 nu

298 1838 417 1930 poralia
436 1851 566 1931 propter
584 1841 755 1930 quemdam
774 1840 1031 1931 dispositionem,
1054 1842 1118 1907 sive
1134 1837 1252 1926 supino.

297 1959 330 2014 et
341 1949 460 2037 monia)
475 1973 483 2014 :
498 1973 562 2015 non
574 1973 630 2039 per
642 1949 792 2040 Angelos,
805 1973 907 2039 neque
921 1973 979 2040 per
990 1949 1135 2017 Virtutes
1148 1941 1251 2034 aliquod

297 2061 407 2126 scissos
419 2063 458 2126 ab
471 2061 540 2149 ejus
553 2061 725 2134 sementim
745 2059 824 2126 nihil
836 2061 922 2125 enim
934 2059 1059 2151 indiget
1070 2057 1249 2127 omninum:

297 2167 353 2234 sed
373 2178 405 2233 ei
417 2175 484 2258 'per
502 2167 645 2236 Verbum
665 2180 698 2236 ot
717 2168 872 2259 Spiritum
891 2193 984 2235 suum
1013 2172 1123 2236 omnia
1143 2168 1214 2234 netu
1229 2169 1245 2219 ‘i

297 2277 480 2367 disponens,
502 2290 533 2343 et
555 2281 749 2369 gubernans,
770 2292 803 2345 et
823 2279 972 2347 omnihus
992 2305 1067 2347 esse
1089 2267 1242 2372 prostasii

297 2387 351 2475 qui
370 2385 527 2452 muudum
547 2389 622 2454 lecit
644 2389 781 2476 (etenim
799 2389 938 2454 mundus
954 2413 993 2455 ex
1009 2373 1250 2478 omnihusliitu't

295 2498 459 2563 hominem
476 2497 655 2587 plasmavit,
676 2499 729 2566 hio
743 2499 829 2566 Deus
845 2499 1022 2578 Abraham,
1040 2514 1074 2569 et
1088 2501 1168 2569 Deus
1180 2497 1250 2562 lasti

294 2596 514 2686 Deusdacob,
538 2632 634 2700 super
652 2633 749 2698 quem
768 2607 847 2675 alius
866 2609 952 2677 Deus
972 2634 1039 2677 non
1060 2625 1121 2689 est,
1144 2599 1238 2696 nequtl

294 2719 388 2795 tium,
401 2742 506 2809 aeque
516 2719 638 2799 Virtus,
652 2743 755 2809 neque
766 2717 911 2787 Pleroma
925 2741 935 2785 t
950 2721 1002 2788 hio
1013 2721 1112 2788 Pater
1122 2711 1241 2788 Dominio

293 2831 334 2896 tri
353 2829 430 2897 Jesu
450 2829 580 2909 Christi,
605 2829 876 2920 quemadmodum
895 2831 1104 2898 ostendemus
1124 2855 1133 2897 ε
1155 2829 1251 2900 hanes

293 2952 438 3006 tenentes
455 2939 610 3031 regulam,
629 2937 704 3005 licet
720 2935 811 3004 valde
829 2939 915 3004 varin
932 2949 965 3004 et
982 2938 1086 3005 multa
1105 2939 1208 3008 dicant,
1220 2929 1253 2993 lat:

292 3071 347 3115 eos
358 3049 496 3116 deviasse
509 3075 526 3115 a
539 3049 670 3116 veritate
681 3049 852 3137 arguimus.
870 3047 991 3115 Omnes
1001 3049 1091 3116 enim
1101 3049 1162 3116 lere
1172 3048 1258 3134 quotqti

293 3171 366 3226 suut
377 3157 525 3235 hereses,
542 3159 647 3225 Deu'm
661 3157 791 3247 quidem
805 3181 904 3224 unum
917 3156 1042 3236 dieunt,
1062 3158 1118 3225 sed
1131 3179 1182 3247 per
1194 3159 1261 3217 seuit

291 3269 368 3334 tiam
383 3265 500 3335 malam
517 3268 700 3344 immutant,
722 3267 838 3358 ingrati
853 3267 1023 3334 existentes
1038 3269 1069 3335 ei
1089 3267 1141 3358 qui
1162 3261 1221 3329 lecit
1234 3271 1261 3316 eu

291 3378 563 3468 quemadmodum
581 3387 613 3444 et
630 3388 740 3469 gentes
758 3402 816 3469 per
834 3375 1055 3446 idololatriam.
1078 3377 1192 3445 Plasma
1207 3375 1261 3433 anun

289 3488 348 3555 Dei
361 3499 583 3563 contemnunt,
601 3487 855 3554 contradicentes
867 3511 932 3554 suae
944 3488 1050 3566 saluti,
1068 3487 1127 3578 ipsi
1141 3483 1261 3552 suiacos

290 3606 374 3658 tores
390 3591 589 3670 amarissimi,
605 3605 637 3660 et
653 3593 720 3660 lalsi
736 3605 832 3661 testes
848 3595 1027 3661 existentes.
1051 3593 1115 3675 Qui
1131 3587 1260 3692 quidemr

291 3703 464 3790 surgentia
475 3725 584 3781 earne,
601 3701 675 3771 lieet
686 3699 801 3780 nolint,
819 3705 864 3771 uti
881 3713 1055 3796 ugnosoant
1071 3703 1260 3772 intumus

323 3849 406 3914 ¹Cap.
422 3867 483 3902 uu.

321 3933 405 3986 ’Pul
421 3951 499 3996 mu,
513 3937 536 3986 6.
552 3965 582 3976 -
596 3937 692 3989 ¹ioan.
707 3959 723 3998 ι,
739 3939 760 3987 5.
