2586 4642
178 293 242 370 548
497 311 612 356 santra
636 311 754 356 tanam
780 311 847 354 aaa.
878 311 911 352 rv

178 422 264 490 idem
284 421 377 488 Pater
397 419 653 486 manifestissime
667 419 873 494 ostenditur,
890 443 904 478 a
922 415 1152 506 semensas

180 530 347 598 scondeua
368 527 450 596 mala
462 527 488 605 ¹,
513 557 526 590 ι
546 551 730 618 preparans
756 529 915 615 utrisque
943 549 1011 614 que
1034 539 1089 592 suut
1104 543 1155 615 qu:

179 638 448 726 quemadmodum
466 647 501 701 et
519 659 602 702 unua
620 637 719 724 judex
735 647 903 724 utrosque
925 637 961 701 in
981 637 1169 723 aptumnittaas

179 747 286 814 locum
300 771 309 814 z
323 744 593 836 quemadmodum
612 745 645 810 in
660 745 868 810 zizaniorum
881 757 919 810 et
933 745 968 809 in
979 744 1174 832 triticiparalvh

180 855 391 922 manifestavit
403 853 572 929 Dominus,
587 853 697 918 dicens
713 874 722 916 ι
737 878 751 913 a
769 852 1062 933 Quemadmodum
1074 853 1178 941 uellam

179 995 193 1026 ι
209 977 263 1030 tur
277 965 408 1036 zizania.
423 975 457 1028 et
473 963 537 1052 igni
555 964 813 1036 comburunnm
836 965 889 1029 aic
905 963 972 1028 erit
987 963 1019 1028 iu
1031 987 1178 1029 conam-

180 1105 194 1136 ι
210 1077 294 1142 tione
308 1073 426 1142 saeouli.
445 1074 549 1141 blittet
564 1071 662 1139 Filius
677 1073 825 1140 hominis
842 1071 994 1163 Angelos
1004 1097 1082 1148 suos,
1093 1073 1180 1140 aab·

180 1195 282 1274 »gent
303 1182 344 1248 de
365 1204 465 1272 regno
485 1181 555 1268 ejus
574 1181 681 1246 omnia
706 1180 891 1257 scandala,
909 1193 946 1246 et
968 1205 1023 1247 eos
1042 1184 1090 1270 qui
1106 1183 1183 1248 bunt

180 1293 425 1381 »iniquitatem
440 1303 473 1356 et
493 1291 621 1356 mittent
641 1313 697 1355 eos
712 1290 745 1355 in
767 1288 951 1356 clibanum
974 1292 1053 1380 ignis
1069 1315 1076 1355 :
1090 1289 1188 1356 llieeit
1264 1299 1267 1380 1

179 1429 193 1463 ι
209 1399 304 1466 lletua
318 1411 352 1464 et
366 1397 483 1464 stridor
502 1397 658 1464 dentium.
679 1395 776 1464 Tunc
796 1399 884 1485 justi
909 1399 1077 1488 fulgebunt
1091 1399 1190 1465 acatal
1265 1381 1268 1448 l

181 1509 243 1574 siu
260 1530 360 1596 regno
374 1505 474 1574 Patris
489 1503 661 1594 ipsorum'.
680 1505 769 1584 »Qui
785 1529 872 1594 ergo
893 1531 1037 1596 reguum
1052 1507 1193 1596 preparavit
1269 1544 1270 1570 l

183 1615 275 1704 justis
294 1613 398 1688 Pater,
420 1612 453 1677 iu
474 1610 560 1698 quod
581 1610 753 1699 assumpsit
775 1610 888 1676 Filius
905 1614 984 1701 ejus
999 1614 1112 1702 dignoss
1125 1613 1194 1678 biert
1270 1626 1271 1652 ¹

185 1723 346 1790 mminum
364 1719 445 1810 iguis
459 1718 660 1808 preparavit,
675 1719 709 1783 in
724 1742 827 1806 quem
848 1721 977 1809 dignos
998 1725 1114 1788 mittent
1128 1723 1199 1810 iiqui
1271 1708 1272 1724 ¹

186 1856 203 1898 u
219 1831 300 1898 Filio
311 1829 448 1896 bominis
459 1827 544 1896 missi
556 1839 642 1904 suut,
655 1827 781 1918 Angeli.
794 1831 997 1896 secundum
1008 1829 1179 1920 jussude

230 1939 286 2008 lll.
300 1939 360 2008 llio
370 1938 456 2004 enim
467 1936 499 2002 in
510 1959 587 2026 agro
598 1959 656 2002 auo
665 1937 791 2002 bonum
798 1961 922 2004 semen
930 1942 1115 2008 seminavit:
1125 1942 1202 2028 *Apa

187 2073 202 2114 ι
217 2061 338 2126 autem,
350 2049 465 2138 inquit,
474 2045 624 2114 seculum
635 2046 714 2112 est'.
725 2047 810 2113 Cum
822 2061 945 2115 autem
956 2050 1203 2116 dorminutbani

189 2183 285 2236 snas,
301 2159 389 2224 veuit
410 2157 569 2233 inimicus,
585 2167 617 2221 et
632 2158 906 2244 superseminavit
930 2161 1057 2226 zizania
1075 2161 1142 2226 iuter
1150 2159 1200 2222 iru-

187 2297 201 2331 ι
214 2281 373 2346 mentum,
382 2279 415 2334 et
428 2265 536 2334 abiitl.
546 2267 615 2332 »Ea
622 2277 702 2332 tune
710 2245 799 2334 claim
807 2283 964 2357 apostata
979 2269 1201 2360 eatlngrlnb'a
1278 2278 1279 2284 ’

185 2389 220 2442 et
234 2377 395 2451 inimicus,
411 2399 452 2441 ex
470 2396 534 2463 quo
553 2372 666 2442 zelavit
681 2374 802 2465 plasma
818 2377 897 2455 Dei,
915 2393 953 2444 et
970 2381 1132 2448 inimicam
1142 2379 1207 2445 dan

185 2487 255 2555 Deo
267 2486 371 2554 iacere
386 2507 551 2576 aggressus
561 2496 619 2550 est.
635 2484 843 2574 Quapropter
861 2499 897 2553 et
909 2489 1006 2555 Deus
1021 2515 1094 2556 eum
1109 2491 1210 2579 quidam

187 2597 268 2685 quia
278 2596 446 2684 semetipso
459 2594 576 2660 anania
589 2593 742 2660 absconse
754 2595 944 2674 seminavit,
956 2599 1061 2676 idest,
1070 2589 1213 2688 lransprrs

188 2701 1214 2793 sionemquamipaeintulit,separavitasuaoonversatiuue:eum

188 2828 294 2883 autem
309 2813 364 2902 qui
375 2809 721 2900 negligenterquidem
734 2811 790 2876 aed
802 2811 890 2879 male
906 2817 1041 2905 accepit
1059 2815 1215 2882 inobedien-

190 2925 280 2998 tium,
300 2921 463 2990 bominem
482 2919 649 2985 miseratus
666 2930 729 2993 est;
747 2931 780 2986 et
795 2923 930 2988 retorsit
945 2925 1155 3000 inimicitiam.
1170 2947 1215 3014 per

190 3055 288 3122 quam
307 3031 472 3096 inimicum
488 3028 558 3096 Deo
571 3027 677 3094 lacere
692 3027 805 3106 voluit,
822 3030 856 3096 in
871 3031 986 3121 ipsum
1002 3035 1215 3101 inimicitiarum

192 3151 377 3206 auctorem:
394 3132 541 3202 auferens
558 3135 687 3226 quidem
704 3159 807 3212 suam,
825 3160 899 3226 qum
917 3155 993 3207 erat
1010 3144 1152 3210 adversus
1166 3143 1214 3206 bo-

193 3251 326 3324 minem,
339 3245 554 3319 inimicitiam
574 3258 760 3334 retorquens
775 3259 885 3312 autem
900 3247 1009 3328 illam,
1027 3265 1062 3318 et
1076 3253 1211 3318 remittens

194 3356 280 3424 illam
295 3357 328 3422 iu
341 3355 538 3443 Serpentem.
550 3353 832 3434 Quemadmodum
843 3369 877 3421 et
887 3355 1062 3448 Scriptura
1074 3361 1208 3428 adiuuat

195 3465 343 3556 Serpenti
354 3463 455 3530 Deum
468 3486 476 3530 ι
489 3463 549 3528 «Et
560 3463 757 3530 inimicitiam
766 3487 886 3553 ponam
898 3467 1028 3536 intorte
1036 3484 1071 3537 et
1080 3473 1152 3538 intas
1158 3493 1210 3536 nu·

197 3603 209 3636 ι
224 3571 347 3651 lierem,
360 3586 393 3640 et
408 3573 491 3638 inter
502 3593 610 3638 semen
622 3583 712 3639 tuum
724 3585 757 3638 et
771 3573 855 3640 inter
868 3597 985 3644 semen
996 3581 1148 3648 mulieris
1163 3581 1218 3671 lpse

198 3714 210 3746 ι
226 3695 317 3750 tuum
332 3681 468 3750 calcabit
483 3691 592 3768 caput,
607 3692 640 3746 et
654 3693 689 3746 tu
703 3682 887 3751 observabis
899 3683 1094 3758 calcaneum
1108 3689 1212 3780 ejn'a

231 3845 315 3894 ¹Esai.
329 3861 383 3904 xiv,
394 3862 419 3910 ς.
434 3871 464 3882 -
474 3843 485 3878 ²
495 3841 585 3894 uaria
599 3859 655 3906 un,
666 3844 697 3904 to
706 3851 730 3895 rt
741 3861 814 3910 seqq.
827 3846 878 3886 -⁸
889 3847 954 3898 ltid.
965 3851 1009 3904 38.
1023 3881 1057 3893 -
1067 3855 1077 3888 t
1087 3853 1144 3904 md,
1157 3855 1190 3902 ιε.
1200 3879 1224 3888 -

197 3930 284 3980 ‘Gom
296 3947 334 3990 ιιι,
349 3931 385 3978 15.
