2688 4626
314 282 373 364 ¹94
608 299 722 344 sancus
745 300 867 344 susurru
893 299 1044 344 saturatus

307 404 437 494 quidem
451 401 693 494 appellationem
710 427 775 472 non
792 426 963 494 usurpare,
979 395 1033 470 eisd
1043 425 1144 470 nomon
1154 407 1176 469 si
1186 428 1254 493 ope

308 516 386 582 simo
403 513 485 580 illius
499 512 625 580 actione
639 515 813 603 imponere.
833 513 964 582 Nonam
978 512 1060 578 enim
1074 535 1138 578 eum
1149 513 1254 602 appellus,

307 624 424 693 ecoelo
445 625 484 690 ah
501 623 629 712 opinato
645 625 730 712 apud
745 621 816 690 illos
837 624 910 690 Deo
930 622 1114 712 praecipitem
1133 623 1211 687 utun
1223 647 1255 687 es

309 735 401 807 dicits
419 733 508 822 quasi
520 755 713 822 eorumquae
729 733 769 799 de
785 732 838 799 illo
853 756 873 798 a
886 733 1045 822 propheta
1055 733 1133 798 Esaia
1142 733 1256 798 dictasunt.

309 853 458 911 accurate
472 841 678 909 meminisset.
698 841 752 910 Sic
764 843 859 932 igitur
874 843 991 910 scribit
1002 841 1034 906 in
1046 841 1190 930 suapoesi:

386 987 469 1078 lllipo
481 986 625 1067 corripuit
635 993 730 1060 Atenr,
742 989 836 1068 capite
848 986 1014 1047 nitentibus
1027 984 1128 1063 capillis
1136 993 1219 1053 ornato,

385 1090 480 1144 Iratus
491 1087 589 1145 animo
600 1107 667 1160 suo,
678 1100 707 1146 et
717 1088 827 1165 juravit
840 1090 963 1147 firmum
973 1087 1163 1164 juramentum,

389 1188 546 1263 Nunquam
562 1187 593 1245 in
610 1187 772 1267 Olympum
788 1201 817 1248 et
832 1189 943 1248 caelum
960 1186 1102 1247 stellatum

386 1286 559 1362 Rediturana
575 1293 676 1360 Atem,
693 1309 758 1367 quse
771 1309 871 1348 ornnes
885 1286 1053 1348 infortunio
1067 1285 1150 1344 allicit.

353 1403 359 1412 ·
388 1385 436 1444 sic
453 1387 542 1458 satus,
554 1385 625 1466 jecit
642 1407 658 1446 a
674 1389 749 1446 ooelo
765 1387 878 1447 stellato

388 1487 478 1542 Manu
493 1497 590 1544 rotans
601 1506 608 1543 ε
623 1504 693 1564 mex
704 1488 837 1566 pervenit
848 1487 885 1546 ad
896 1505 992 1566 opera
1005 1482 1208 1544 nominemur,
1216 1475 1247 1530 nl·

353 1607 478 1674 XXIX.
497 1608 661 1678 Platonem
677 1623 798 1691 autem,
814 1613 892 1680 (lum
914 1623 993 1702 post
1014 1609 1113 1676 Deum
1128 1615 1155 1669 et
1166 1599 1257 1666 manu

310 1719 441 1784 tertium
454 1719 648 1810 principium
664 1721 798 1788 sormam
817 1747 885 1790 esse
906 1719 1104 1813 pronuntiat,
1120 1719 1253 1801 argonam

311 1851 376 1894 non
390 1827 519 1895 aliunde
533 1831 692 1920 accepisse
715 1845 815 1922 patet,
836 1855 936 1921 quam
957 1829 1090 1902 allose,
1108 1813 1250 1910 cujuspu‘ltffl

309 1960 349 2002 ex
367 1937 460 2004 dictis
475 1961 592 2006 nomeu
612 1939 721 2008 formis
736 1942 864 2016 didicits
886 1954 969 2010 tunc
990 1951 1096 2005 antem
1107 1941 1251 2018 nequeml

310 2045 419 2134 pertus
435 2044 547 2113 unes
560 2047 638 2114 ntnu
653 2071 693 2114 οι
710 2049 760 2116 nu
775 2031 880 2138 quea
901 2049 994 2116 noso
1010 2047 1091 2113 use
1104 2049 1169 2110 snt.
1183 2035 1255 2144 nes·

309 2172 388 2216 cana
407 2149 674 2241 contemplatione
694 2153 779 2221 elare
800 2157 952 2245 cognosci
980 2174 1083 2242 posse.
1105 2141 1199 2230 Scripsit
1210 2153 1256 2198 sun

309 2257 410 2326 lloses
428 2260 474 2326 sio
490 2261 596 2328 Deum
611 2262 672 2328 sibi
689 2264 730 2330 de
745 2262 955 2330 tabernaculo
966 2258 1141 2330 mandasse:
1151 2239 1256 2312 ‘lilii‘

309 2397 323 2430 s
338 2367 416 2434 mihi
428 2369 606 2438 secundum
617 2373 724 2439 omnia
735 2395 949 2462 quoscumque
960 2371 1021 2438 tilsi
1034 2356 1252 2434 momumento

310 2506 323 2541 ι
339 2475 500 2566 exemplar
514 2481 711 2550 tabernaculi
721 2482 744 2548 ¹.
760 2485 827 2550 »Es
842 2501 994 2549 rursum:
1012 2460 1256 2558 «Etefigssulffll'

309 2610 323 2646 ι
338 2583 447 2651 culum
462 2587 638 2654 secundum
653 2587 814 2679 exemplar
829 2591 976 2656 omnium
992 2601 1133 2654 vasorum
1143 2573 1258 2660 „jusum

310 2693 379 2760 »ita
394 2695 500 2762 facies.
515 2724 529 2758 s
544 2696 585 2762 Et
600 2720 709 2766 rursus
724 2697 820 2790 paulo
835 2711 930 2789 post:
949 2699 1025 2766 «lta
1041 2683 1189 2762 sancsone
1197 2691 1257 2742 seut·

309 2831 323 2864 s
339 2803 417 2870 dum
428 2817 542 2895 typum
554 2820 587 2874 et
599 2807 736 2897 liguram
748 2832 818 2899 quae
831 2810 888 2876 tihi
900 2811 932 2876 in
944 2817 1059 2874 monte
1069 2793 1257 2902 monstntattl’

310 2913 387 2979 llaee
409 2937 484 2982 cnm
506 2915 633 3006 legisset
648 2916 750 2996 Plato,
767 2943 828 2988 nee
843 2943 904 3009 qua
918 2942 977 3008 par
992 2927 1063 2985 erat
1080 2893 1260 3004 conunplltt

308 3019 425 3108 scripta
448 3021 500 3088 illa
523 3027 619 3092 verba
641 3027 834 3117 excepisset3
860 3027 1036 3094 exitimavit
1059 3022 1178 3089 sormam
1194 2988 1260 3068 nell

308 3126 395 3215 quod
416 3129 559 3196 sensibus
582 3133 764 3223 subjectum
785 3147 846 3210 est,
869 3137 1040 3224 separatim
1062 3118 1262 3198 exsisteosutt

308 3235 438 3324 quidem
458 3237 555 3303 etiam
577 3243 738 3332 exemplar
763 3265 875 3310 eorum
895 3264 966 3331 quae
986 3241 1069 3309 lacta
1092 3242 1167 3301 siml,
1182 3227 1265 3303 saepenl·

308 3369 397 3413 mero
413 3359 517 3425 vocat,
539 3351 612 3439 quia
630 3351 733 3419 Moses
756 3345 800 3419 de*
808 3350 1014 3419 tabernaculo
1031 3351 1073 3416 ite
1092 3332 1210 3426 scripsll²
1223 3314 1266 3378 ⁸⁵*
1297 3401 1298 3404 ,

309 3483 321 3516 s
336 3456 479 3522 cundum
496 3456 631 3524 sormam
646 3461 704 3527 tini
719 3463 752 3528 in
768 3475 876 3528 monte
891 3473 1097 3528 monstratam
1107 3453 1145 3518 iu
1157 3435 1247 3557 [saiw
1295 3405 1298 3518 l

352 3563 461 3630 XXX.
473 3564 624 3634 Similiter
634 3581 666 3634 et
679 3570 809 3639 deterre
822 3583 854 3636 et
866 3571 906 3636 de
920 3568 1001 3636 eoelo
1013 3582 1045 3635 et
1056 3567 1094 3633 de
1105 3549 1268 3628 hominene
1297 3627 1298 3634 ἵ

308 3671 394 3736 tione
409 3671 614 3744 allucinatum
633 3692 736 3770 patets
756 3703 830 3748 nam
845 3679 1009 3746 ethorum
1033 3676 1114 3744 ideas
1134 3679 1189 3730 esst
1203 3643 1266 3754 ⁰ll¹²⁶s

246 3765 265 3784 ⁶
308 3790 370 3843 lul·
386 3777 546 3857 Qufflllstm
560 3789 646 3856 enim
666 3789 767 3859 Moses
783 3790 826 3854 ita
848 3788 994 3877 scripsit:
1013 3787 1073 3854 «ln
1089 3751 1269 3870 princlpl⁰llll

334 3905 352 3958 .¹
364 3905 446 3957 Exod.
460 3923 555 3989 αγις),
