2816 4610
251 281 310 342 no
650 301 862 344 transuectus

245 429 317 472 cunr
333 406 462 474 hebebit
476 409 586 471 animm
602 407 770 494 judicium,
791 409 906 496 quippe
924 431 998 473 cum
1013 408 1131 495 justitia
1148 406 1270 472 dentie-

245 527 356 580 retor:
381 516 405 578 si
427 515 554 602 quidem
576 515 661 581 nesas
683 529 730 581 est
750 517 899 604 suspicari
916 515 1015 581 ullum
1035 537 1073 582 ex
1090 516 1159 581 Deo
1174 527 1231 579 aut
1249 538 1268 579 a

244 625 312 689 Deo
332 623 487 711 judicium
509 623 577 688 fieri
600 625 652 690 cui
674 647 738 689 non
758 625 838 690 adsit
860 624 995 712 justitia;
1019 623 1140 712 judicio
1160 634 1269 688 eutem

243 735 331 797 abest
345 732 476 820 justitio,
493 756 557 798 non
568 745 710 798 exstante
724 757 762 798 eo
777 733 829 820 qui
845 733 997 821 justitiam
1012 745 1067 797 out
1081 734 1268 819 injustitiam

242 842 390 907 exercuit.
418 841 566 930 Numqui
587 843 834 931 unumquodque
852 864 962 907 corum
984 841 1159 930 dequibus
1179 842 1268 928 judi·

243 948 327 1023 cium
342 948 528 1024 instituitur,
544 947 578 1014 in
589 951 652 1014 vita
666 949 741 1039 egit,
758 949 853 1015 homo
868 959 947 1024 crat,
964 972 1029 1014 non
1045 949 1149 1014 anima
1164 972 1221 1036 per
1231 973 1266 1014 sc

240 1055 316 1143 ipsa.
332 1055 448 1142 Atque,
461 1067 498 1119 ut
508 1058 605 1122 verbo
618 1056 733 1132 dicum,
746 1055 815 1124 haec
826 1057 935 1145 judicii
946 1059 1026 1123 ratio
1037 1055 1155 1124 nuliam
1168 1059 1265 1146 requi-

240 1162 312 1226 tatis
326 1173 449 1248 purtem
465 1163 589 1228 retinet.

283 1269 374 1336 XXI.
398 1270 477 1336 Num
496 1271 521 1336 si
540 1263 626 1337 recte
646 1272 726 1337 factu
744 1285 999 1347 remunerentur,
1018 1283 1126 1360 aperte
1144 1272 1199 1337 fiet
1217 1273 1265 1338 in·

239 1375 320 1462 juria
336 1377 474 1464 corpori,
490 1399 528 1441 co
547 1378 633 1464 quod
651 1389 869 1466 susceptorum
883 1379 915 1442 in
931 1378 1027 1444 rebus
1040 1377 1192 1467 preclare
1208 1404 1265 1468 ge-

239 1484 345 1549 rendis
359 1482 504 1549 tuborum
519 1484 675 1574 particeps
690 1485 795 1561 suerit,
812 1486 965 1550 mercedis
977 1498 1084 1550 autem
1100 1499 1187 1554 recte
1203 1487 1263 1554 sac-

239 1604 345 1660 torum
360 1595 515 1683 particeps
531 1617 594 1660 non
610 1595 666 1668 sit3
688 1617 726 1659 ac
740 1596 863 1661 veniam
879 1594 1007 1682 quidem
1022 1596 1128 1660 anima
1145 1598 1177 1661 in
1198 1598 1265 1683 qui·

239 1702 373 1766 busdam
394 1704 531 1790 puocatis
552 1702 667 1767 hubent
688 1715 818 1790 propter
840 1704 979 1790 corporis
1002 1703 1208 1792 indigentiam
1230 1719 1262 1770 et

238 1832 344 1884 usum,
364 1810 466 1898 ipsum
480 1823 586 1874 autem
601 1831 716 1896 corpus
730 1821 816 1876 recte
834 1810 1002 1884 factorum,
1022 1833 1080 1896 pro
1095 1813 1208 1899 quihus
1224 1813 1262 1876 si·

238 1917 305 1982 mul
327 1916 449 1984 labores
472 1917 504 1982 in
525 1919 586 1984 rita
609 1916 765 1992 tolcravit,
790 1919 939 1983 socictate
962 1919 1096 1983 excidat.
1120 1921 1261 1986 Peccatis

238 2036 343 2090 autem
366 2025 525 2112 judicetis,
550 2048 613 2090 non
633 2037 774 2091 servatur
796 2026 908 2090 animae
929 2027 1061 2112 justitia,
1085 2029 1109 2091 si
1132 2028 1263 2114 quidem

238 2134 302 2198 sola
325 2155 432 2220 poenos
455 2156 566 2198 eorum
583 2132 740 2220 persolvat
760 2157 829 2220 qum
852 2136 1054 2222 obstrepente
1072 2159 1204 2224 corpore
1227 2151 1260 2202 et

237 2241 277 2304 ad
291 2243 433 2328 proprios
448 2241 604 2329 appetitus
619 2253 651 2306 et
666 2253 770 2306 motus
784 2241 929 2307 trahente
946 2245 1097 2332 peccavit,
1116 2269 1203 2310 nunc
1218 2247 1257 2310 si-

234 2345 301 2411 mul
313 2349 441 2434 abrepta
454 2359 486 2412 et
496 2347 591 2412 veluti
607 2349 691 2413 furto
702 2349 851 2424 abducta,
869 2375 954 2417 nunc
965 2349 1123 2416 violentius
1136 2365 1254 2431 tractu,

234 2454 395 2520 interdum
410 2456 701 2522 accommodatione
717 2457 853 2545 quodam
869 2459 1000 2546 gratiam
1016 2469 1047 2524 et
1062 2458 1184 2525 cultum
1201 2461 1261 2527 im·

233 2563 374 2652 pendens
396 2564 436 2629 ad
459 2565 600 2652 corporis
622 2565 901 2632 conservationem.
928 2567 992 2632 Aut
1012 2567 1173 2654 quomodo
1195 2591 1260 2634 non

234 2675 386 2764 injustum
409 2675 546 2739 animum
572 2674 611 2740 de
636 2675 672 2740 iis
701 2677 794 2740 rebus
821 2699 879 2764 per
904 2676 1036 2765 seipsum
1060 2677 1192 2763 judicari
1216 2676 1258 2740 ad

234 2804 324 2868 quas,
343 2782 518 2850 seeundum
537 2805 626 2848 suam
644 2782 740 2870 ipsius
759 2796 916 2858 naturam,
935 2783 1059 2849 nullum
1074 2785 1172 2850 habet
1188 2808 1260 2850 om-

234 2892 309 2956 nino
328 2891 501 2979 appetitum
520 2915 579 2958 nec
593 2905 729 2968 motum,
750 2917 809 2958 nec
827 2895 993 2982 impetum,
1013 2907 1047 2958 ut
1067 2894 1106 2958 da
1122 2893 1255 2968 luxurie,

233 2997 391 3074 violentia,
409 3000 549 3075 avaritia,
566 3000 729 3089 injustitia,
744 3014 777 3065 et
792 3002 865 3067 inde
880 3003 1082 3068 nascentibus
1097 3002 1258 3090 peccatis?

232 3105 311 3171 Nam
327 3107 352 3170 si
368 3108 523 3195 ejusmodi
539 3108 619 3174 mala
634 3109 706 3175 inde
720 3107 869 3198 pleraque
884 3110 1042 3186 oriuntur,
1058 3111 1145 3198 quod
1158 3110 1258 3175 humi-

231 3237 286 3278 nes
299 3238 363 3280 non
375 3217 585 3304 comprimant
593 3216 821 3283 tumultuantes
832 3218 928 3284 animi
936 3231 1053 3294 motus,
1062 3219 1260 3284 tumultuan-

231 3335 283 3387 tur
297 3337 404 3389 autem
419 3338 548 3413 propter
567 3327 707 3414 eorporis
721 3327 926 3416 indigentium
945 3339 976 3392 et
996 3350 1101 3401 usum,
1122 3338 1155 3391 et
1174 3325 1258 3391 illius

231 3429 356 3495 fovendi
375 3431 515 3494 studium
534 3425 567 3496 et
585 3430 707 3496 cultum
730 3431 862 3518 (horum
881 3433 966 3498 enim
985 3455 1078 3498 causa
1101 3434 1258 3520 possessio

230 3537 344 3612 omnis,
361 3550 393 3602 et
406 3538 510 3626 potior
524 3541 718 3626 possessione
735 3564 819 3615 usus,
838 3543 953 3630 nuptioe
968 3552 1134 3630 praetcrea,
1150 3557 1183 3606 et
1198 3566 1257 3607 cce-

230 3655 303 3708 terse
322 3646 391 3710 vitre
407 3647 546 3712 actiones
567 3648 728 3734 inquibus
750 3659 781 3713 ct
801 3649 885 3714 circa
904 3672 978 3736 quas
998 3661 1159 3736 spectatur
1179 3650 1257 3738 quid

228 3739 374 3816 vitiosum
391 3753 431 3816 sit
446 3766 477 3818 et
492 3755 569 3841 quid
586 3758 685 3843 non);
708 3755 761 3820 ulti
779 3757 920 3844 equitus,
940 3768 975 3822 ut
987 3759 1102 3844 quihus
1114 3759 1146 3822 in
1159 3761 1252 3823 rebus

226 3879 340 3945 corpus
359 3859 475 3946 primos
494 3862 648 3926 sentiendi
665 3875 768 3950 partes
787 3865 931 3940 sustinet,
951 3877 983 3931 et
1000 3867 1138 3932 animam
1156 3868 1252 3932 trahit
