2586 4642
396 337 519 385 sorren
544 337 694 384 nunusns.
994 323 1059 408 477
1196 311 1200 320 '

21 442 120 510 ‚ris
139 445 325 536 petiebatur
337 445 464 513 insidias
479 457 512 512 et
521 447 757 536 persecutiones
768 444 865 514 freter
880 469 967 526 suus,
979 450 1062 520 siout

20 551 210 621 {eclesie
223 555 285 622 boo
297 553 382 621 idem
394 577 411 620 e
423 553 444 620 J
446 554 544 621 udaeis
556 555 686 644 potitur.
700 553 835 644 Peregre
850 559 1062 626 nssoeboutur

21 663 198 734 ›deoim
213 664 342 742 Tribus,
359 687 461 755 genus
474 663 585 742 lsrael,
600 664 750 754 quonism
764 677 798 732 et
813 665 958 734 Christus
968 691 1062 757 pere-

18 797 34 838 2
68 775 275 865 incipiebat
297 772 561 863 duodeoestylum
580 774 818 846 firmamentum
837 775 987 845 Eooiesiae
1005 802 1062 869 ge-

17 905 144 950 rare.
172 884 277 952 Vuriae
293 907 368 954 oses
387 907 458 974 quae
476 883 609 962 fiebunt.
628 885 705 954 buin
718 884 819 953 Jseob
836 909 959 954 meroes
975 887 986 922 ¹
1005 913 1015 956 r
1032 902 1065 957 et

16 993 141 1060 eristi
168 1017 306 1080 meroes,
327 995 382 1084 qui
403 1017 443 1060 ex
461 994 555 1062 variis
572 1004 605 1061 et
623 993 844 1064 differentibus
863 998 1011 1086 gentibus
1031 998 1065 1066 iu

22 1125 115 1170 am
134 1105 308 1172 eohortem
327 1102 403 1172 fidei
426 1104 652 1170 conuenientes
670 1102 752 1170 fiunt
772 1103 930 1183 homines,
951 1129 1066 1196 quem-

24 1213 203 1280 modum
225 1213 318 1280 Peter
331 1213 478 1303 promisit
493 1212 549 1278 ei:
574 1239 587 1274 r
610 1211 751 1288 Postulo,
771 1212 894 1291 dicens,
912 1237 930 1281 o
951 1238 1016 1294 me.
1032 1229 1066 1284 et

18 1323 134 1390 iube
146 1325 208 1392 tibi
216 1324 335 1392 Gentes
346 1324 563 1392 haereditutem
575 1335 677 1400 tuum,
693 1335 727 1390 et
736 1325 965 1413 possessionem
978 1340 1066 1395 tuem

18 1433 209 1500 usn-minos
224 1445 317 1502 terrae
334 1431 357 1500 ².
376 1435 443 1500 »Et
457 1431 609 1520 quonium
625 1429 837 1499 multitudinis
851 1429 991 1502 filiorum
1005 1437 1068 1504 Do·

16 1543 92 1608 sini
115 1543 291 1633 Prophetes
310 1541 409 1612 fiebat
423 1541 539 1619 Jooob,
555 1542 726 1611 necessitas
741 1542 845 1608 omnis
858 1541 918 1610 suit
933 1537 972 1610 eir
986 1545 1067 1614 due·

16 1677 64 1720 us
88 1654 267 1720 sororibus
278 1675 353 1720 eum
365 1650 447 1723 filios
458 1651 576 1726 iooore;
591 1650 862 1740 quemadmodum
872 1652 1018 1722 Christus
1027 1677 1068 1724 ex

15 1763 154 1828 uobus
171 1761 309 1852 Legibus
328 1760 422 1827 unius
440 1771 473 1826 et
490 1759 635 1847 ejusdem
649 1759 777 1826 Petris:
798 1759 943 1828 similiter
959 1777 1067 1836 nutnn

18 1885 33 1936 t
63 1895 119 1938 ex
145 1869 285 1944 ancillis3
311 1867 493 1960 significuus
515 1867 667 1956 quonism
685 1867 862 1936 secundum
880 1892 1009 1940 osrnom
1029 1897 1070 1942 ex

12 1983 153 2057 iberis,
174 1993 209 2048 et
225 2003 264 2047 ex
286 1979 384 2046 servis
404 1979 550 2046 Christus
572 1985 725 2044 statueret
740 1975 822 2044 {ilios
836 1977 909 2056 Dei.
926 1981 1070 2052 similiter

14 2092 183 2158 »mnibus
192 2089 270 2159 dnus
278 2111 395 2156 munus
407 2087 545 2177 Spiritus
557 2085 745 2154 vivificantis
755 2109 823 2154 nos.
838 2087 1071 2162 Omninnutem

12 2201 67 2268 tte
92 2201 241 2270 seniebat
258 2211 389 2290 propter
404 2197 491 2267 illem
513 2197 685 2287 juniorem,
705 2198 807 2266 bonos
823 2197 932 2270 oeulos
947 2202 1071 2274 beben-

12 2336 104 2388 Ιειιῑι,
128 2309 266 2387 Rsohei,
287 2331 357 2400 quae
377 2306 602 2399 praefigurabat
622 2302 808 2382 Eoolesism.
828 2321 958 2400 propter
974 2337 1073 2404 quum

13 2422 186 2490 sustinuit
207 2421 353 2488 Christus
369 2443 377 2486 ε
396 2420 450 2509 qui
466 2430 545 2486 tuno
559 2416 692 2506 quidem
709 2439 767 2506 per
780 2417 980 2495 Putrisrobts
997 2449 1072 2494 suos

11 2546 52 2598 ot
68 2531 256 2622 Prophetes
278 2529 484 2621 proeiigurans
499 2539 532 2594 et
546 2527 761 2618 praenuntians
776 2527 896 2607 future,
913 2555 1071 2622 praeexer-

17 2666 107 2710 cens
125 2664 216 2708 suum
232 2651 356 2730 purtem
368 2636 626 2728 dispositionibus
640 2636 712 2713 Dei,
727 2646 760 2704 et
774 2659 959 2708 assuescens
974 2641 1073 2708 baere·

16 2755 169 2820 ditotem
179 2773 269 2824 suem
276 2750 408 2820 obedire
415 2749 496 2825 Deo,
507 2760 540 2814 et
550 2748 745 2837 peregrinari
757 2747 791 2812 in
800 2747 931 2826 saeeulo,
939 2764 972 2818 et
982 2756 1072 2843 sequi

20 2865 173 2932 verbum
188 2862 271 2951 ejus.
290 2872 323 2928 et
340 2857 584 2951 praesiguiiiosre
597 2855 715 2924 futuru.
734 2855 819 2924 Nibii
834 2858 921 2926 euim
936 2883 1074 2932 nocuum

2 2968 142 3064 *neque
158 2971 225 3040 sine
240 2971 330 3062 siguo
344 2967 431 3060 opud
445 2968 560 3036 Deum.

409 3153 560 3223 curor
584 3153 704 3222 xxu.
795 3119 798 3126 ’

29 3311 186 3372 croisum
205 3333 259 3370 nen
279 3312 387 3372 oeru'sse
401 3321 512 3386 propter
530 3308 616 3368 ιυιιὶω
632 3303 735 3366 saculi
750 3302 884 3380 bomt'nes,
904 3305 956 3366 sed
968 3319 1079 3386 proper

70 3433 173 3472 omnes
187 3412 323 3488 qur'juste
334 3432 369 3470 ac
377 3411 424 3487 pie
437 3410 556 3468 nubentes
571 3409 600 3468 r'n
610 3409 702 3484 ipsum
713 3403 894 3480 crediderant
909 3427 943 3466 ac
953 3405 1079 3490 derbem

69 3512 212 3576 credituri
218 3525 303 3570 εναιιι.

76 3645 106 3712 Ι.
127 3642 167 3710 In
183 3641 361 3710 novissimis
375 3651 484 3709 sutem
499 3637 710 3728 temporibus,
723 3657 798 3704 oum
813 3635 900 3702 vonit
914 3635 1079 3726 plenitudo

30 3752 194 3845 temporis
201 3750 370 3828 libertatis,
380 3749 486 3839 ipsum
498 3746 707 3837 Verbumper
714 3744 853 3835 seipsum
860 3746 969 3816 sordes
980 3747 1081 3816 obluit

33 3863 180 3931 filiorum
191 3859 282 3938 Sion,
299 3859 447 3928 munibus
458 3858 523 3926 suis
534 3856 641 3926 iuvuns
656 3855 752 3948 pedet
764 3854 1004 3946 discipulorum.
1018 3859 1080 3930 flio

67 3990 159 4042 ¹Geu.
171 4004 229 4046 ux,
241 3988 282 4038 52.
292 3987 343 4028 -2
355 3985 420 4040 rur.
436 4003 466 4046 u,
475 3986 499 4035 8.
