2710 4662
160 175 1021 417 senonicum

378 579 801 686 EPISTOLAE.

69 821 99 866 (1
103 849 119 864 'b
124 845 455 868 §wfflfflmmm
458 847 543 867 mm
547 845 1080 868 ἈδΜΜΜῊΜΜΜἊΩΜἊ
1083 847 1112 865 Ἀ

177 1012 511 1104 ΕΡΙεΤοιΑ
544 1015 630 1102 An
664 989 1009 1124 urnuslos

74 1209 244 1300 Ignotius,
262 1213 324 1300 qui
345 1231 378 1280 et
400 1213 616 1304 Theophorus,
637 1215 812 1280 hnudictoe
826 1215 864 1309 ire
878 1211 1112 1305 magnitudin

116 1320 182 1385 Dei
194 1322 325 1398 Patris,
344 1340 377 1390 et
386 1323 604 1412 plenitudine,
621 1309 855 1411 predestinati
882 1306 960 1386 onte
972 1321 1107 1393 recudi,

116 1448 153 1496 ut
180 1448 259 1498 esset
278 1455 409 1522 comper
430 1435 467 1498 in
489 1447 704 1523 pmnamnte
729 1432 851 1523 gioria,
877 1428 1109 1503 immutabilia,

118 1543 229 1616 unico,
248 1559 280 1608 et
297 1544 412 1620 eleeto,
428 1547 466 1609 in
477 1568 559 1609 uera
573 1542 737 1632 passione,
751 1563 810 1629 por
824 1539 1030 1606 voluntatem
1044 1537 1114 1604 Pa-

120 1650 183 1714 tris
196 1665 229 1714 ct
241 1649 266 1712 J
267 1673 326 1719 au
345 1651 471 1716 Christi
487 1650 551 1714 Dei
560 1650 688 1723 noctri‚·
708 1639 861 1712 hecteriae
873 1645 992 1710 merito
1003 1645 1113 1720 heotoe,

121 1777 199 1842 quoe
219 1770 267 1820 at
284 1753 409 1843 Ephesi
425 1757 465 1818 iu
485 1755 583 1828 Asia,
599 1747 785 1841 plurimam
798 1753 837 1816 in
849 1750 929 1818 lero
948 1749 1077 1817 Christo
1090 1766 1120 1816 et

129 1864 169 1926 in
183 1864 407 1928 immaculata
421 1862 532 1952 gratio
546 1859 697 1927 ocinum.

139 2038 165 2103 1.
194 2035 332 2104 Soscnrs
353 2049 490 2104 vestrum
511 2039 542 2105 in
564 2037 633 2105 Deo
651 2037 785 2104 multum
807 2036 960 2106 dilectum
982 2063 1115 2115 nomen,

95 2146 182 2234 quod
191 2147 358 2234 possidetis
370 2159 479 2213 nutura
487 2149 768 2236 justo,secundum
778 2148 874 2216 fidem
885 2162 918 2216 et
929 2149 1114 2217 charitatem

93 2257 122 2320 in
138 2254 217 2320 Jesu
233 2255 361 2322 Christo
376 2255 536 2323 Suirotoro
550 2268 670 2332 nostro,
686 2280 761 2324 cum
776 2249 947 2325 imitatores
962 2261 1027 2326 sitis
1041 2261 1112 2335 Dei;

86 2375 261 2454 cognatum
290 2387 369 2453 opus
393 2365 539 2431 omnihus
560 2367 625 2431 suis
650 2367 789 2431 numeris
811 2367 1004 2444 absolvistis,
1026 2379 1115 2458 post-

85 2497 179 2562 quem
198 2473 331 2540 audistis
346 2497 397 2540 me
412 2475 553 2541 vinctum
572 2498 590 2540 u
613 2474 717 2563 Syrio,
732 2498 790 2565 pro
806 2479 970 2543 communi
986 2480 1115 2544 nomine

85 2597 116 2650 et
127 2609 193 2675 spe,
206 2595 388 2674 sperantem
399 2587 485 2673 quod
496 2587 606 2652 restris
620 2588 768 2675 precihus
776 2610 952 2676 consequor
963 2599 999 2654 ut
1008 2589 1117 2656 Romae

82 2697 231 2762 adversus
248 2697 367 2762 bestias
382 2717 534 2786 pugnem,
551 2721 615 2786 quo
630 2721 688 2786 per
703 2699 891 2786 martyrium
906 2697 1038 2786 adipisci
1048 2703 1126 2787 pos-¹

82 2807 139 2872 sim
153 2805 333 2895 discipulus
344 2828 412 2872 esse
429 2803 512 2870 illius
525 2806 580 2894 qui
597 2807 736 2894 seipsum
748 2827 807 2894 pro
819 2805 912 2900 nohis
924 2803 1040 2870 ohtulit
1050 2807 1118 2872 Deo

81 2915 281 2984 oblationem
303 2927 336 2982 et
356 2915 502 2981 hostiam.
529 2915 799 3001 Quandoquidem
819 2929 1020 2982 numerosam
1034 2913 1119 2982 mul-

83 3027 254 3094 titudinem
271 3035 406 3091 vestrom
424 3025 457 3089 in
473 3023 602 3088 nomine
616 3022 675 3087 Dei
691 3023 814 3112 suscepi
832 3021 864 3087 in
878 3021 1039 3098 onesimo,
1056 3022 1120 3090 ine·

84 3135 252 3203 narrabilis
273 3134 434 3201 charitatis
452 3133 540 3208 viro,'
553 3141 657 3198 restro
675 3142 782 3198 eutem
800 3131 832 3197 in
844 3153 939 3198 corne
953 3133 1114 3224 episcopm

83 3271 181 3336 quem
199 3247 336 3312 obsecro
352 3253 387 3308 ut
406 3245 494 3330 juxte
509 3241 620 3306 Jesum
636 3223 800 3304 Christum
814 3240 939 3313 umetis,
952 3251 1050 3328 utque
1065 3263 1119 3308 ros

83 3377 200 3420 omnes
212 3351 298 3418 iliius
309 3349 424 3416 similes
440 3350 516 3415 sitis.
534 3348 727 3414 Benedictus
738 3347 838 3420 enim,
855 3347 909 3433 qui
926 3345 1054 3413 donavit
1065 3371 1120 3414 ro-

85 3465 147 3538 bis,
164 3461 225 3551 qui
241 3459 328 3547 digni
343 3458 417 3524 estis
431 3455 526 3521 telem
540 3457 726 3547 episcopum
741 3454 912 3542 possidere.
1008 3485 1015 3500 ·

131 3573 172 3638 11.
188 3571 239 3637 De
251 3566 381 3634 Burrho
392 3575 499 3631 eutem
511 3563 773 3654 conservomeo'.
788 3573 821 3629 et
834 3565 1006 3633 secundum
1016 3569 1119 3640 Deum

91 3684 226 3750 diacono
246 3690 351 3746 vestro
363 3679 396 3744 in
409 3677 558 3743 omnihus
569 3676 754 3750 benedicto,
771 3699 827 3740 oro
844 3686 878 3742 ut
888 3685 1119 3766 permanented

95 3790 247 3858 honorem
268 3787 360 3856 vestri
370 3806 372 3810 ’
383 3798 417 3853 et
436 3785 588 3876 episcopi.
607 3783 671 3850 Sed
692 3795 725 3850 ct
740 3783 871 3861 Crocus,
887 3797 919 3853 et
934 3788 1047 3858 Decet
1062 3815 1116 3858 vo·

127 3915 198 3966 ¹001.
210 3934 228 3974 ι,
239 3933 263 3981 7,
273 3923 299 3966 rt
312 3931 348 3976 ir,
361 3934 385 3982 7.
