2646 4628
390 295 513 340 conans
537 295 688 342 muers.
995 279 1060 364 sip

35 425 99 468 rum
111 422 166 492 per
175 405 317 472 carmina
333 401 577 471 maledicentem
588 429 672 482 ιιι,
689 407 838 472 erbetum
850 406 970 474 oculis:
990 421 1062 498 post

32 512 137 578 deinde
155 514 363 602 paenitentem
381 525 414 579 et
430 514 624 580 scribentem
644 537 697 582 eea
716 537 787 603 qua
806 529 962 584 vocantur
980 514 1060 606 pali·

30 622 145 700 nodias,
164 624 197 690 in
215 624 332 713 quibus
350 623 546 712 hymnizavit
564 647 648 703 eam,
668 649 777 692 rursus
791 626 916 694 vidisse.
937 627 1058 696 Trans-

30 733 212 822 migrantem
238 744 348 800 autem
372 755 444 798 eam
470 733 511 800 de
534 755 668 823 corpore
694 735 727 800 in
749 758 880 824 corpus,
906 759 945 802 ex
965 759 1005 803 eo
1029 749 1062 802 et

27 861 147 932 semper
165 839 393 912 contumeliam
412 844 634 922 sustinentem,
659 846 692 910 in
713 846 889 913 nemesimis
907 847 1005 914 etiam
1027 849 1061 914 in

26 952 142 1018 fornice
159 952 354 1041 prostitisse:
373 964 406 1017 ct
421 951 505 1018 banc
521 973 590 1018 esse
604 954 762 1042 perditam
775 979 878 1024 ovem.

76 1061 274 1152 Quapropter
294 1073 328 1128 at
349 1062 454 1150 ipsum
476 1061 612 1140 venisse,
638 1064 683 1129 uti
705 1088 777 1130 cam
799 1082 973 1134 assumeret
994 1069 1061 1158 pri·¹

29 1183 173 1247 memet
191 1169 341 1239 liberaret
357 1193 429 1238 eam
447 1170 629 1247 avinculis,
646 1171 832 1240 bominibus
849 1186 957 1242 autem
974 1175 1061 1242 sclu-

25 1295 90 1348 tem
105 1293 265 1372 prestaret
282 1304 341 1371 per
355 1305 445 1349 suam
464 1283 670 1372 agnitionem
689 1284 774 1352 Cum
787 1285 875 1351 enim
893 1285 976 1353 male
991 1309 1063 1355 mo-

25 1393 210 1458 derarentur
224 1389 337 1482 Angeli
355 1391 526 1467 mundum,
546 1393 698 1481 quoniam
715 1395 931 1484 unusquisque
949 1419 1061 1462 eorum

24 1503 263 1592 concupisceret
282 1499 511 1591 principatum,
532 1502 574 1568 ad
593 1504 852 1571 emendationem
872 1505 994 1572 senine
1014 1527 1062 1570 re·

24 1629 108 1687 rum,
129 1624 161 1678 ot
183 1608 383 1679 descendisse
403 1630 479 1679 eum
500 1611 776 1702 transfiguratum,
799 1627 834 1679 et
854 1612 1062 1682 assimilatum
1098 1629 1104 1640 ’

24 1721 214 1798 Virtutibus,
230 1734 264 1788 et
273 1720 502 1796 Potestatibus,
518 1733 553 1792 ct
565 1721 718 1812 Angelis:
737 1735 819 1790 utet
834 1723 866 1789 in
878 1719 1063 1791 bominibus

16 1833 121 1908 rhomo
136 1841 302 1920 appareret
317 1831 396 1920 ipse,
413 1853 489 1898 eum
503 1853 570 1897 non
584 1842 668 1898 esset
681 1831 797 1906 homos
814 1845 847 1899 ct
861 1855 992 1922 passum
1002 1857 1063 1900 au-

25 1955 91 2006 tem
109 1941 141 2006 in
158 1938 270 2004 Judsec
286 1951 448 2027 putatum,
468 1959 544 2004 cum
562 1961 628 2006 non
643 1953 727 2006 esset
744 1963 864 2030 passus.
888 1939 1063 2031 Prophetes

16 2061 132 2134 ¹sunem
158 2071 176 2112 a
202 2046 314 2112 mundi
336 2047 580 2113 fabricatoribus
606 2047 734 2138 Angelis
757 2049 924 2138 inspiratos
947 2051 1062 2118 dialem

16 2156 230 2247 prophetias:
252 2167 447 2245 quapropter
468 2179 529 2223 nec
552 2155 684 2224 ulterius
702 2172 852 2226 curarent
872 2183 926 2226 eos
947 2159 982 2226 bi
1005 2163 1059 2249 qui

16 2269 56 2360 in
78 2287 152 2332 eum
176 2277 209 2332 et
229 2263 436 2332 in-Helenam
456 2266 526 2355 ejus
547 2290 636 2356 spem
659 2267 810 2344 habeant,
833 2281 866 2335 et
887 2281 923 2336 ut
943 2269 1061 2338 liberos

18 2399 117 2468 agere
136 2397 207 2466 quc
224 2375 346 2444 velint:
370 2376 548 2442 secandum
569 2378 656 2444 enim
675 2378 774 2468 ipsius
795 2379 931 2468 gratiam
950 2377 1062 2445 saltari
1149 2471 1153 2480 Ι

20 2487 186 2562 homines.
205 2487 261 2552 sed
279 2507 344 2554 non
359 2487 536 2554 secandum
552 2509 664 2578 operm
676 2489 789 2577 justas.
812 2485 878 2557 llee
893 2490 980 2556 enim
994 2511 1062 2558 essc

18 2595 212 2662 naturaliter
229 2596 427 2686 operationes
443 2598 555 2685 justes,
577 2599 633 2664 sed
651 2621 692 2665 ex
709 2599 884 2674 accidenti:
907 2599 1062 2686 quemad-

17 2707 156 2774 modum
173 2717 349 2797 posuerunt
367 2708 422 2796 qui
440 2709 599 2776 mundum
616 2709 764 2775 lecerunt
780 2707 905 2798 Angeli,
925 2729 983 2796 per
997 2708 1062 2774 bu-

17 2817 161 2908 jusmodi
176 2828 335 2908 praecepta
350 2819 383 2886 in
396 2820 582 2885 servitutem
593 2817 789 2886 dedaremm
800 2820 955 2886 hcnrinee.
975 2819 1060 2899 Quo

17 2941 153 3018 propter
172 2939 205 2992 et
226 2925 303 2994 solvi
324 2927 495 3003 mumdum,
517 2937 551 2992 et
573 2926 701 2994 liberari
724 2947 782 2993 eos
801 2924 855 3016 qui
879 2939 955 2992 sunt
976 2927 1059 3016 ejus,

17 3040 59 3104 ab
78 3038 216 3124 imperio
227 3057 341 3102 οοιιιιιι
355 3037 410 3124 qui
425 3037 583 3104 mundum
598 3036 755 3114 sosarmo,
771 3037 961 3127 repromisit.

64 3145 169 3232 Igitur
189 3145 304 3210 borum
326 3145 454 3233 mystici
474 3145 656 3212 mcerdotes
677 3143 846 3214 libidinose
865 3147 996 3236 quidem
1019 3148 1062 3212 vl

17 3267 113 3330 runt,
126 3255 245 3344 magias
255 3267 363 3322 autem
372 3254 557 3345 perficiunt,
569 3257 840 3344 quemadmodum
851 3269 956 3347 petest
965 3278 1061 3324 unus

17 3366 157 3456 quisque
178 3365 330 3455 ipsorum.
356 3364 548 3431 Exorcismis
570 3378 603 3431 et
622 3366 892 3434 incantationibus
910 3377 1055 3432 utuntur.

17 3475 186 3545 nmemris
207 3495 333 3564 quoque
353 3475 562 3564 magogitae,
584 3487 617 3542 at
637 3477 691 3566 qai
709 3476 862 3544 dicuntur
880 3475 1007 3567 pmcdri
1027 3487 1060 3540 ct

17 3586 237 3675 ›nicopompi
264 3598 297 3651 et
319 3605 530 3674 quacumque
552 3598 630 3651 sunt
647 3583 708 3652 alin
730 3588 873 3676 perierga
895 3585 981 3676 apud
1002 3605 1058 3650 eos

18 3697 166 3764 studiose
175 3707 374 3762 exercentur.
394 3695 569 3786 Imaginem
580 3717 708 3786 qaroque
718 3695 856 3764 Simonis
868 3693 1061 3764 babentfac-

18 3829 85 3872 :em
104 3807 149 3872 ad
168 3799 303 3896 liguram
321 3805 422 3882 lovis,
442 3818 476 3872 ct
490 3804 619 3872 llelenae
633 3807 667 3873 in
686 3807 824 3898 Qumm
841 3807 1006 3878 llincrraes
1027 3817 1060 3870 et

18 3939 74 3980 nne
92 3915 252 3981 adorant:
274 3916 393 3983 babent
408 3939 536 4006 quoquc
551 3928 583 3981 et
598 3915 791 3985 vocabulum
806 3941 824 3982 a
840 3919 983 4007 principe
999 3916 1061 3981 ism·

830 4051 876 4114 ¹7·
