2586 4642
357 405 359 410 .
395 391 517 436 coarat
541 389 692 436 ananam.
993 375 1059 462 499

23 481 120 574 ²titia,
134 497 277 566 tradidit
290 497 359 566 illos
372 499 457 568 Deua
471 500 503 567 in
517 501 691 591 reprobum
710 523 851 578 santum,
872 501 977 573 fauore
988 527 1060 596 quae

23 597 105 676 ‘non
118 607 356 676 conveniunt¹.
370 607 430 676 »In
440 608 581 677 aoounda
591 621 700 676 autam
711 609 753 676 ad
764 609 1061 684 Thaaadoniuanaoa

23 709 184 786 anferre
207 719 269 797 ait,
292 719 333 787 du
355 719 553 788 Antiohristo
571 719 681 787 dorna
700 721 791 788 :rEt
811 720 887 788 ideo
906 722 1004 790 mittit
1017 725 1064 793 eia

37 831 126 898 Dans
142 831 373 921 operationem
389 831 518 908 erroris,
532 831 577 897 uti
596 831 730 898 oradant
747 830 936 901 mandacio:
953 835 999 900 nti
1014 836 1064 924 ju·

23 939 197 1010 dioantur
208 963 324 1008 omnaa
339 941 395 1030 qui
414 963 480 1008 nou
490 937 697 1008 crediderunt
707 940 844 1018 veritati,
857 941 915 1010 aad
932 965 1065 1012 oonaen·

39 1062 155 1118 aurunt
173 1051 340 1142 iniquitati
348 1049 372 1118 ³.
395 1078 409 1113 a

56 1165 97 1231 lt.
118 1161 156 1230 Si
173 1163 277 1254 igitur
292 1175 325 1230 at
338 1172 610 1250 nuno-quotquot
626 1161 685 1228 suit
695 1183 761 1228 non
774 1161 950 1231 credituros
965 1165 1065 1252 Deus„

26 1296 89 1338 :um
101 1274 145 1339 sit
155 1273 310 1340 omnium
317 1271 541 1364 procognitor,
552 1269 743 1362 tradiditjeoa
752 1270 930 1339 infidelitati
938 1298 1063 1354 aurum,

25 1395 47 1448 at
61 1383 184 1450 avortit
200 1383 318 1450 faciem
333 1383 373 1460 ab
387 1381 584 1471 hujusmodi,
601 1377 783 1470 relinquens
797 1404 852 1448 eoa
863 1381 897 1448 in
911 1385 1065 1464 tenebris,

23 1515 95 1582 {uas
111 1493 177 1582 ipsi
200 1493 264 1560 siti
278 1490 461 1583 elegerunta
480 1491 558 1581 quid
573 1493 705 1571 mirum,
721 1495 746 1561 ai
762 1506 795 1560 ot
809 1506 888 1564 tnnc
903 1518 1068 1584 nunquam

23 1603 230 1670 eruditurum
241 1602 453 1680 Pharaonem,
466 1625 542 1670 cum
552 1602 602 1670 bia
614 1605 669 1692 qui
680 1627 755 1672 cum
766 1629 806 1672 ao
821 1617 925 1682 erant,
938 1605 1068 1674 tradidit

23 1734 160 1780 rossum
178 1711 385 1780 infidelitati?
401 1711 683 1792 Quemadmodum
697 1713 841 1783 Verbum
862 1715 906 1781 ait
925 1713 966 1781 do
986 1716 1068 1782 rubo

23 1820 61 1887 ad
80 1820 248 1910 Moysen:
269 1846 283 1882 ι
303 1821 371 1910 Ego
393 1832 502 1888 numm
520 1821 587 1890 auio
600 1821 753 1911 quoniam
775 1845 841 1890 non
862 1823 1002 1890 dimittet
1017 1847 1071 1894 voa

23 1959 33 1994 a
48 1931 179 1999 Pharao
199 1955 255 2000 rax
270 1929 399 2022 AEgypti
411 1933 512 2008 abira,
528 1932 588 1999 nisi
604 1933 637 1998 in
652 1956 751 1999 manu
766 1931 867 2001 valida
884 1935 908 2000 ⁸.
924 1963 937 1998 ι
952 1937 994 2002 Et
1007 1957 1069 2024 qua

24 2043 149 2110 ratione
164 2043 326 2110 Dominus
340 2043 374 2109 in
389 2041 549 2131 parabolis
564 2041 766 2132 loquabatur,
784 2058 817 2111 et
832 2047 1008 2114 oaecitatom
1023 2045 1073 2113 sa·

25 2155 133 2222 aiebat
149 2153 264 2232 laraal,
281 2166 317 2220 ut
331 2153 474 2220 viduatas
489 2176 554 2220 non
570 2153 728 2231 viderent,
745 2155 848 2222 scians
864 2155 1071 2224 incredulita-

27 2277 92 2332 tem
107 2287 227 2332 oorum
245 2287 253 2330 a
271 2265 383 2332 eadam
395 2265 518 2330 ratione
532 2275 634 2331 atuor
646 2263 819 2332 Pharaonis
835 2265 1019 2345 indurabat,
1037 2280 1072 2336 ut
1193 2327 1194 2332 ,

28 2375 140 2444 vident
159 2376 312 2466 quoniam
330 2374 447 2466 digitus
467 2375 526 2442 Dei
546 2387 595 2442 aat
617 2376 671 2464 qui
692 2376 801 2444 educit
819 2377 988 2467 populum,
1005 2401 1071 2446 non

29 2489 194 2565 crederet,
217 2489 273 2556 aad
294 2489 327 2554 in
346 2485 541 2554 infidelitatis
563 2486 815 2578 pracipitarotur
842 2487 988 2579 polaguaa
1014 2510 1072 2580 per

33 2602 192 2691 magicum
206 2601 422 2692 operationem
438 2599 584 2692 opinatur
598 2591 668 2666 fiiri
684 2601 806 2667 exitum
819 2621 945 2677 uorum,
961 2612 995 2666 ot
1009 2600 1072 2668 Ru·
1199 2592 1201 2596 ’

31 2711 129 2779 trum
141 2735 229 2780 maro
241 2735 307 2780 aon
317 2735 358 2780 ax
367 2712 484 2778 virtuto
494 2709 554 2777 Dei
566 2710 735 2776 tramitum
747 2709 929 2798 praeatitiaao
939 2709 1071 2798 populo,

30 2823 87 2888 aad
100 2821 287 2892 naturaliter
302 2823 347 2891 aio
362 2843 396 2888 aa
410 2820 539 2887 habore.

410 3021 563 3092 CAPUT
584 3021 702 3090 XXX.

34 3209 136 3270 Diluit
148 3209 233 3274 alud
241 3203 474 3272 mactandarum
482 3223 685 3292 argrmrmtum,
706 3205 785 3284 quod
797 3209 928 3270 ninu'rum
950 3209 1074 3286 chroei,

276 3309 393 3391 jutura
407 3309 481 3384 Deo,
496 3309 660 3391 spoliatam!
671 3311 832 3392 AEgypuirs.

82 3487 107 3554 Ι.
128 3485 192 3566 Qui
214 3507 289 3552 varo
310 3484 504 3574 exprobrant
520 3496 553 3550 ot
574 3484 745 3575 imputant,
766 3481 853 3571 quod
871 3482 1072 3573 profecturus

38 3595 173 3688 populus
188 3597 277 3688 juaau
292 3594 351 3661 Dei
367 3593 493 3662 vaseula
507 3594 610 3662 omnia
626 3594 749 3685 generis
764 3603 796 3660 at
812 3593 998 3662 vestimenta
1016 3619 1073 3664 ao-

40 3707 160 3797 ceparit
173 3707 213 3774 ab
225 3703 392 3796 AEgyptiia,
408 3717 442 3771 ot
456 3705 502 3772 aio
512 3703 637 3781 abierit,
650 3725 690 3770 ox
700 3703 816 3793 quibua
829 3715 863 3770 et
872 3701 1076 3774 ‘sabernacu-

41 3817 108 3887 lum
123 3817 243 3886 sactum
258 3829 307 3884 oat
324 3815 358 3884 in
373 3838 481 3884 emmo
491 3815 517 3892 ’ς
541 3813 722 3906 ignorantes
740 3811 980 3904 justificationes
999 3815 1072 3891 Dai,

74 3971 169 4022 ¹Rom.
184 3967 478 4031 r,28.-·²nThaaa.tr‚
492 3966 784 4031 ro‚11.-³1ixod.nr‚
801 3965 1074 4032 19.-⁶Itx0d.n‚=‚

45 4067 69 4106 rt
81 4075 127 4120 arr,
138 4057 180 4117 35,
193 4055 230 4106 36.

835 4137 887 4198 59.
