2684 4638
227 253 289 320 512
545 281 658 326 sauorr
681 282 794 330 annuns
817 285 878 328 ιιιι.
905 283 941 328 ιιι

224 411 258 454 se
281 411 347 456 non
367 387 470 455 solum
491 391 696 478 presbyteris,
718 390 891 457 sedetiam
911 385 1081 479 Apostolis
1107 385 1269 452 existentes

223 500 440 589 sapientiores,
456 501 613 568 sinceram
627 502 783 570 invenisse
798 501 965 568 veritatem
980 523 990 564 ι
1007 495 1271 588 apostolosenia

225 609 427 676 admiscuisse
447 631 484 674 eu
503 632 574 697 quae
593 621 669 675 sunt
686 609 795 699 legalia
812 609 984 676 salvatoris
999 607 1146 679 verbis;
1172 616 1206 670 et
1222 627 1272 669 noa

224 717 327 785 solum
346 716 526 806 Apostolos,
549 719 604 785 sed
625 721 721 786 etiam
743 721 846 809 ipsum
866 719 1063 792 Dominum,
1087 715 1202 784 modo
1219 715 1272 800 qui

224 829 329 894 (lema
349 827 535 916 Demiurgo,
556 827 653 892 modo
672 839 778 893 eutem
797 849 815 891 ιι
831 826 1016 900 medietate,
1035 822 1220 890 interdum
1233 845 1272 884 aa

224 946 289 1002 tem
308 933 524 1002 asammitata
538 933 648 1002 secisse
664 955 824 999 sormones
841 955 849 996 :
871 943 904 998 et
924 957 959 998 so
978 957 1061 999 vero
1077 931 1272 1002 indubitate,

223 1057 256 1112 ot
276 1043 474 1119 inluminate,
493 1057 526 1109 et
546 1045 669 1110 sineere
691 1041 916 1110 absconditum
936 1042 1019 1108 seire
1043 1042 1272 1130 mysterium:

223 1151 309 1238 quod
328 1151 457 1240 quidem
476 1149 747 1240 impudentissime
767 1161 816 1214 est
833 1148 1061 1238 blasphemare
1085 1173 1201 1216 suum
1222 1149 1275 1215 lae-

223 1273 337 1328 torum.
356 1259 469 1329 Euenit
485 1261 603 1349 itaque,
624 1283 727 1348 aeque
746 1259 918 1348 Soripturis
938 1261 1020 1348 jam,
1040 1284 1166 1348 neque
1189 1259 1275 1326 tradi

224 1370 302 1436 tioni
318 1371 498 1436 eonsentire
513 1392 578 1436 eos.
699 1417 705 1428 -

269 1479 427 1546 Adversus
442 1477 519 1546 tales
533 1491 695 1546 certamen
710 1479 802 1548 nobis
817 1490 877 1555 est,
897 1502 919 1544 o
934 1476 1173 1554 dilectissime,
1196 1502 1272 1544 mors

223 1599 408 1678 serpentum
425 1586 566 1656 lubricos
584 1589 725 1680 undique
743 1589 883 1678 effugere
902 1601 1072 1655 conantes.
1097 1588 1273 1678 Quaprop

222 1711 273 1766 ter
289 1699 429 1787 undique
447 1698 658 1766 resistendum
673 1711 721 1765 est
740 1697 811 1774 illis,
832 1698 857 1762 si
876 1721 957 1787 quos
976 1720 1017 1762 ex
1034 1698 1091 1764 his
1109 1699 1273 1764 retusionr

224 1807 469 1884 confundentes,
492 1807 532 1874 ad
555 1807 794 1874 conversionem
818 1807 957 1872 veritatis
975 1806 1154 1876 adducere
1178 1809 1271 1898 possi

224 1942 305 1988 mus.
324 1918 450 1985 Etenim
467 1918 492 1984 si
506 1941 572 1984 non
587 1915 678 1983 facile
694 1931 741 1982 est
756 1919 796 1983 ab
811 1941 920 1984 errore
935 1917 1188 2006 apprehensam
1203 1919 1272 1984 resi-

223 2029 345 2118 pisoore
363 2027 518 2101 enimam
540 2026 676 2092 sednon
692 2027 877 2094 omnimodo
895 2027 1097 2116 impossibile
1114 2042 1170 2096 est
1187 2052 1268 2095 erro-

223 2159 292 2202 rem
306 2135 458 2224 effugere,
475 2135 615 2223 opposita
632 2135 773 2202 veritate.

267 2244 485 2313 Traditioaem
501 2244 629 2333 itaque¹
646 2243 871 2336 Apostolorum
884 2245 919 2312 iu
936 2255 1005 2314 toto
1020 2249 1156 2316 mundo
1172 2249 1266 2315 meri·

223 2353 380 2427 lostatam,
404 2351 547 2419 inomni
569 2351 709 2420 Eoelesio
733 2354 822 2420 adest
847 2355 1004 2444 respioero
1031 2359 1196 2426 omnibus
1214 2357 1260 2447 qai

223 2484 295 2530 vera
310 2459 406 2529 velint
416 2462 524 2529 videro
537 2486 545 2528 ι
560 2476 593 2530 ot
603 2464 760 2532 habemas
770 2489 981 2532 annumerare
992 2471 1122 2557 eosqui
1135 2473 1180 2537 ab
1193 2471 1265 2559 Ape

222 2569 308 2638 stolis
324 2571 461 2639 instituti
477 2571 552 2640 sunt
565 2574 705 2664 episcopi
722 2576 755 2642 in
770 2575 925 2654 eeclesiis,
940 2587 973 2643 ot
987 2600 1204 2646 sueoessores
1217 2603 1265 2645 eo-

222 2701 294 2746 rum
309 2680 464 2770 usquead
479 2705 549 2758 nos,
567 2683 621 2771 qui
637 2683 717 2750 nihil
731 2684 794 2751 tole
810 2685 1003 2764 docuerunt,
1018 2709 1131 2778 aeque
1147 2713 1266 2780 eogno-

222 2801 354 2866 vorunt,
370 2789 463 2878 qualo
485 2791 524 2857 ub
548 2789 599 2856 his
619 2790 781 2858 deliratur.
801 2793 928 2861 Etenim
943 2795 969 2860 si
989 2797 1164 2864 recondita
1189 2821 1267 2887 mys

221 2899 301 2966 teria
319 2897 453 2967 scissent
466 2897 622 2987 Apostoli,
642 2924 712 2988 quae
727 2903 858 2968 seorsim
873 2914 906 2968 ot
922 2901 1056 2970 latenter
1075 2906 1118 2971 ab
1136 2905 1268 2997 reliquis

221 3007 378 3100 perlectos
401 3008 572 3085 docebunt,
596 3008 645 3074 his
667 3006 716 3075 vel
738 3012 876 3078 maxime
899 3012 1062 3078 traderent
1083 3037 1123 3080 ea
1150 3017 1267 3104 quibus

221 3119 317 3187 etium
337 3119 420 3207 ipses
438 3115 588 3185 ecelesias
612 3119 869 3194 committebant;
892 3119 982 3187 valde
1000 3123 1087 3188 enim
1103 3127 1268 3214 perlectos
1332 3209 1333 3212 Ἴ

221 3239 254 3293 et
272 3224 564 3315 irreprehensibiles
580 3227 613 3294 in
631 3229 780 3294 omnihus
802 3233 857 3295 eo's
879 3229 1028 3297 volebant
1041 3255 1111 3298 esso
1133 3259 1221 3322 quoe
1236 3249 1267 3301 et

221 3357 419 3402 successores
435 3331 668 3424 relinquebant,
690 3359 782 3400 suum
802 3337 943 3426 ipsorum
963 3337 1070 3406 looum
1086 3344 1265 3433 magisterii

219 3446 404 3513 trudentes:
427 3447 543 3536 quibus
560 3448 727 3514 emendate
746 3450 912 3540 agentibus
930 3449 1021 3518 lieret
1039 3475 1156 3544 magna
1179 3457 1267 3523 utili·

218 3567 279 3632 tas,
296 3555 391 3648 lapsis
406 3567 513 3624 autom
529 3580 653 3626 summa
669 3557 841 3626 columitas.

263 3665 328 3732 Sed
343 3667 494 3755 quonism
505 3664 596 3733 valde
611 3665 742 3757 longum
758 3678 805 3735 ost
820 3669 852 3735 in
869 3670 933 3736 hoe
948 3669 1001 3738 tuli
1013 3671 1175 3740 volumine
1186 3697 1261 3740 om·

219 3769 309 3838 nium
336 3770 541 3839 ecelesiarum
570 3797 758 3840 enumerare
782 3777 1013 3851 successionem
1038 3780 1200 3858 maxims,
1230 3795 1261 3846 et

250 3895 338 3966 JCap.
353 3915 390 3946 ιιι.
