2586 4642
415 239 538 286 conrns
563 216 717 284 lunenses.
1017 218 1083 300 47¹.

34 335 243 416 ostonem
253 345 376 438 populi,
388 360 422 414 et
429 361 561 436 propter
572 345 828 432 interfectionem
838 345 1084 436 Prophetarum,

31 453 240 524 'uebatur
254 457 363 526 mitius
378 479 491 548 agerer
505 481 544 528 ec
562 459 741 528 secundum
756 456 920 524 henrinem
931 455 1085 532 ,adventus

30 559 164 632 mini
183 566 428 658 significabatur
439 567 566 637 iuturus
583 581 656 658 post
674 566 762 637 illem
776 566 911 656 Legem,
923 587 995 654 quse
1010 563 1083 630 dete

47 693 158 760 pen·
170 675 332 767 Moysem,
345 669 431 754 mitis
449 692 482 750 et
499 677 700 768 nanthtes.
716 679 750 746 in
768 700 836 766 que
847 699 908 747 nec
921 673 1083 746 wcalumum

24 800 227 880 isaacum
242 790 413 880 confregit,
430 813 491 864 nee
501 770 608 860 'heum
623 790 780 880 fumigans
794 789 951 862 exstinxit.
970 786 1085 858 Ostenr

23 909 173 966 :ratur
203 913 313 974 eutem
341 911 375 968 et
395 890 486 991 regni
503 902 577 991 ejus
596 902 682 974 mitis
703 914 736 968 et
758 899 891 993 proilieu
913 897 1080 985 requietio.

23 1016 77 1072 st
100 1009 219 1078 enim
231 1009 380 1099 spiritum
392 1011 447 1100 qui
459 1011 597 1082 conterit
612 1021 751 1087 montes.
768 1021 888 1099 etpost
905 1017 997 1076 terren
1012 1029 1084 1080 mov.

21 1138 95 1194 tn,
118 1131 166 1186 et
185 1131 259 1210 post
274 1119 396 1210 ignem,¹
413 1119 583 1210 tranquille
599 1132 632 1188 et
646 1119 779 1211 pucilice
796 1119 887 1210 regni
901 1119 971 1208 ejus
989 1117 1084 1187 edre·

21 1239 113 1294 unt
136 1241 307 1320 tempore,
324 1231 356 1314 in
372 1229 582 1320 quibuscum
597 1233 685 1304 omui
702 1229 934 1321 uunquillitste
945 1229 1083 1322 Spiritus

20 1337 56 1404 ei
91 1339 261 1409 vivificet
283 1352 317 1406 et
332 1341 616 1432 eugethominem·
635 1342 835 1415 Manifestior
849 1354 960 1420 eutem
976 1341 1083 1422 adhue

42 1471 142 1538 per
152 1449 364 1520 Ezechielem
381 1449 501 1520 luctum
514 1465 576 1531 est,
588 1453 740 1542 quonium
751 1477 790 1520 ex
808 1465 898 1544 purte
910 1451 1084 1542 dispositio-

20 1581 63 1624 rs
87 1557 187 1638 Dei,
205 1559 261 1626 sed
276 1583 342 1628 non
356 1559 462 1650 ipsum
477 1560 627 1630 ridebant
639 1561 805 1652 Prophetae
824 1561 953 1653 proprie
965 1560 1081 1627 Deum.

18 1666 72 1736 ic
96 1667 293 1738 enimcum
309 1666 438 1736 vidisset
455 1668 623 1746 visionem,
637 1681 669 1736 et
682 1667 872 1744 Cherubim,
886 1679 922 1750 ¹et
937 1679 1021 1736 rotas
1033 1689 1085 1732 eo-

18 1799 119 1854 um,
143 1789 180 1848 et
195 1775 349 1844 universe
363 1778 594 1870 progressionis
607 1781 681 1869 ejus
692 1779 884 1868 mysterium
900 1799 977 1846 cum
995 1788 1078 1844 retu·

18 1893 139 1968 isset,
157 1899 194 1956 et
208 1886 449 1958 similitudmem
472 1889 580 1958 throni
602 1913 679 1960 cum
699 1890 829 1961 vidisset
849 1912 944 1980 super
959 1911 1028 1966 eos,
1052 1901 1085 1961 et

19 2023 134 2092 nuper
152 1999 310 2069 thronum
324 1999 567 2072 similitudinem
582 2002 672 2090 quusi
688 2001 797 2092 ligurre
814 2000 964 2088 hominis,
980 2011 1015 2065 et
1032 1996 1085 2080 ille

19 2109 176 2196 ,uidem
185 2131 258 2200 qum
268 2121 359 2178 erent
370 2134 466 2202 super
476 2109 604 2180 lumbos
615 2113 700 2201 ejus,
711 2112 800 2200 quusi
813 2111 951 2202 ligurum
961 2107 1084 2188 electri,

20 2244 108 2308 puae
120 2231 236 2288 eutem
251 2219 414 2308 deorsum,
427 2221 517 2310 quael
527 2221 681 2290 visionem
693 2223 787 2312 ignis,
800 2219 1001 2310 etreliquum
1016 2219 1086 2284 uni,

20 2353 167 2398 sersnm
184 2329 376 2420 thronorum
390 2333 543 2404 visionem
558 2331 801 2407 menifestsns¹3
816 2355 857 2407 ne
872 2331 946 2420 quie·
957 2341 1085 2420 putaret

20 2441 127 2508 forte
142 2463 216 2508 eum
231 2439 264 2506 in
279 2439 329 2508 his
340 2442 468 2531 proprie
480 2442 593 2510 vidisse
612 2429 729 2518 Deum,
743 2439 851 2514 intulit
868 2466 902 2507 :s
919 2441 995 2510 Hecc
1006 2437 1084 2506 visio

28 2580 47 2611 e
68 2546 288 2616 similitudinis
302 2546 411 2638 glorie
425 2548 583 2619 Domini².
605 2578 619 2614 ι

82 2657 151 2728 Xl.
171 2657 269 2750 igitur
281 2659 307 2726 si
325 2681 430 2750 neque
441 2657 565 2748 Moyses
576 2658 655 2725 vidit
674 2658 792 2734 Deum,
806 2679 867 2738 nec
884 2655 1003 2730 Helius,
1024 2675 1085 2740 nec

25 2766 206 2847 Ezechiel,
218 2769 275 2860 qui
285 2759 385 2838 mults
400 2771 440 2840 de
452 2769 635 2838 eoelestihus
648 2769 812 2854 viderunt3
828 2789 899 2857 qum
915 2779 1023 2836 nutem
1036 2768 1083 2850 ‘nh
1182 2773 1185 2782 “

25 2883 86 2948 his
99 2879 307 2957 videbantur,
320 2893 412 2948 erent
423 2879 645 2948 similitudines
657 2877 808 2949 claritatis
819 2877 960 2954 Domini,
970 2888 1002 2944 et
1013 2899 1084 2967 pro-¹

31 2992 159 3083 phetiae
172 2989 355 3060 futurorum
368 3014 376 3058 ε
387 2989 593 3062 menifestum
605 3002 667 3067 est,
681 2988 832 3078 quonium
847 2986 942 3057 Peter
953 2987 1084 3076 quidem

33 3099 222 3192 invisibilis,
242 3100 284 3168 de
300 3123 364 3188 quo
382 3112 416 3166 et
428 3099 585 3170 Dominus
600 3083 679 3186 disit
699 3121 706 3164 ε
727 3127 739 3162 r
762 3099 867 3165 Deum
889 3119 984 3166 nemo
1008 3097 1086 3164 sidit

34 3243 48 3274 r
69 3234 217 3302 unquam
226 3210 250 3278 ³.
263 3209 435 3277 rVerhum
450 3222 559 3277 sutem
573 3209 656 3298 ejus,
669 3206 940 3298 quemadmodum
960 3206 1086 3276 volebat

33 3325 124 3414 ipse,
137 3335 172 3390 et
186 3321 228 3388 ud
244 3319 415 3390 utilitatem
426 3320 615 3398 videntium,
628 3313 805 3396 cleritatem
817 3315 1014 3400 monstrabat
1030 3317 1086 3386 Po·

37 3434 112 3508 tris,
123 3444 158 3500 et
165 3430 387 3521 dispositiones
395 3427 574 3522 exponeh'ut
587 3430 880 3520 (quemadmodum
888 3441 921 3494 et
929 3428 1086 3497 Dominus

39 3543 122 3610 dixit
135 3563 144 3606 :
157 3568 171 3602 ι
184 3541 370 3633 Unigenitus
382 3541 482 3618 Deus,
496 3541 552 3630 qui
565 3553 613 3612 est
626 3542 741 3610 insinu
754 3540 869 3616 Petris,
883 3540 950 3629 ipse
961 3563 1088 3608 enarre-

40 3683 53 3714 ·
70 3650 135 3718 rit*
144 3676 154 3726 ς
170 3681 184 3714 r
198 3664 231 3718 et
247 3653 313 3742 ipse
328 3663 437 3723 nutem
453 3653 680 3742 interpretetur
690 3651 792 3721 Petris
803 3648 961 3727 Verbum,
976 3661 1086 3739 utpote

40 3761 145 3837 dives,
163 3773 195 3827 et
210 3760 329 3828 multus
344 3763 499 3854 existens)
516 3785 523 3827 τ
545 3763 663 3860 nonin
682 3784 744 3828 una
765 3759 878 3850 ligure,
896 3760 1003 3828 necin
1022 3783 1086 3828 uno

79 3893 192 3945 'Erech
206 3913 245 3956 r,r
261 3907 285 3947 rt
300 3913 372 3964 reqq.
384 3897 435 3935 —2
446 3897 537 3948 Enoch.
550 3914 577 3956 n,
593 3915 610 3947 ι,
624 3923 654 3936 -
665 3895 673 3931 ¹
684 3897 758 3946 leun.
777 3915 794 3955 r,
810 3895 846 3944 ro.
859 3923 888 3933 -
901 3895 910 3926 l
921 3895 981 3943 loiri.
