2710 4662
241 180 299 224 teo
511 183 693 228 ”ARN-bill!
715 181 828 228 Shilss'ss
851 182 987 228 lGllA'l'll·

233 288 299 352 »tis
317 289 452 381 ignatio,
471 288 555 356 llul‘o
568 303 601 356 et
616 289 757 368 Zosimo,
779 291 946 357 sedetiam
964 292 998 361 in
1018 287 1139 356 multis
1163 277 1289 358 eliisei

233 397 362 474 nohis,
381 410 413 462 et
428 399 460 463 in
476 397 544 487 ipso
558 396 669 474 Paulo,
688 410 721 464 ot
737 399 774 464 iis
789 401 932 488 quicum
950 397 1285 488 ipsocredidenmt:

232 503 347 593 »quod
364 505 386 570 ii
405 527 514 572 omues
528 529 593 573 non
612 509 645 572 in
658 527 781 578 vanum,
793 520 1018 585 cucurrerunt,
1039 531 1163 598 neque
1182 509 1222 574 in
1236 532 1287 574 ra-

232 642 245 674 »
260 635 338 677 ιιιιιιι
349 610 583 690 laboraverunt,
596 614 649 680 sed
662 615 695 680 in
708 614 771 680 fide
783 628 814 680 et
821 615 940 703 justitia
949 638 1020 704 quae
1031 617 1136 681 estin
1152 614 1285 680 curto

232 722 345 788 »Jesu
369 723 586 801 Quamobrem
606 737 639 789 et
656 738 731 790 sunt
749 748 836 792 nunc
854 726 888 791 in
904 725 976 793 loco
995 727 1051 814 qni
1069 724 1120 790 eis
1139 725 1281 791 debetru

232 859 245 893 ι
260 829 701 922 apuduominum,cum'qu0
712 844 745 898 et
755 833 836 922 passi
849 846 932 899 sunt.
948 833 1019 901 Non
1031 833 1127 899 enim
1135 855 1282 922 praesens

231 969 244 1001 ι
259 938 409 1004 saeculum
421 938 609 1016 dilexerunt,
622 940 678 1024 sed
687 941 864 1018 Christum,
877 943 931 1033 qui
943 966 1001 1030 pro
1014 942 1114 1008 nobis
1123 954 1279 1008 mortuus

231 1058 306 1112 »est
322 1057 355 1110 et
373 1047 552 1112 resurrexit.
568 1075 581 1108 ι
595 1045 650 1112 Sic
669 1069 744 1160 ergo
760 1049 837 1114 situs
851 1062 920 1113 erat
933 1049 1058 1115 divinus
1077 1048 1277 1137 ignatinsin
1341 1078 1342 1146 p

231 1153 328 1220 sacris
342 1151 469 1219 illorum
480 1155 615 1220 animis:
634 1167 666 1219 et
682 1151 756 1220 cuin
771 1156 979 1246 desiderasset
992 1157 1183 1222 bestiarum
1200 1183 1274 1224 reu

230 1273 295 1326 tres
310 1261 368 1326 sibi
384 1259 564 1350 sepulcrum
580 1261 745 1337 efficeres
737 1263 910 1352 inpiorum
926 1264 1068 1330 virorum
1087 1267 1199 1356 magis
1217 1265 1269 1332 ba·

154 1373 160 1390 '
230 1369 311 1434 bitot
325 1369 447 1434 animis.

273 1477 409 1544 XXVll.
435 1479 618 1566 Imperator
627 1494 733 1546 autem
753 1455 907 1569 Trajunus
926 1501 1001 1546 cum
1019 1480 1061 1546 de
1080 1479 1267 1572 Theopbori
1341 1505 1342 1512 ¹

230 1587 326 1676 hujus
340 1587 452 1676 ignatii
468 1588 563 1652 rebus
578 1599 687 1673 postea
703 1587 874 1662 didicisset,
891 1601 923 1654 et
938 1610 1035 1675 qnam
1050 1589 1182 1656 fortiter
1194 1614 1264 1680 per-

229 1697 342 1784 egisset
358 1707 518 1761 certamen
534 1695 691 1782 martyrii,
708 1695 856 1783 quodque
874 1708 909 1760 ut
923 1697 990 1784 ipse
1004 1696 1129 1763 tulerat
1144 1713 1256 1764 senten

230 1805 319 1880 tiam,
335 1829 353 1868 a
367 1803 475 1870 bestiis
490 1803 599 1867 luisset
615 1803 797 1877 devoratus;
822 1826 959 1890 cumque
973 1803 1075 1870 multa
1091 1808 1183 1872 etiarn
1197 1831 1251 1870 ιιι-

230 1914 356 1978 divisset
371 1912 410 1976 de
427 1910 614 1977 Christianis
628 1911 684 1997 qui
694 1924 785 1976 erant
799 1934 856 1999 per
868 1911 1024 2001 regiones,
1041 1915 1133 2001 quod
1145 1913 1259 1982 scilicet

230 2020 308 2087 nihil
323 2033 438 2111 praeter
453 2017 537 2108 leges
553 2017 705 2094 lacerent,
725 2041 829 2104 neque
848 2043 916 2084 rem
936 2017 1033 2085 ullam
1051 2037 1186 2110 egerent
1203 2023 1265 2088 im·

230 2132 327 2221 piam,
350 2130 408 2196 sed
426 2127 567 2200 diluculo
590 2139 766 2218 surgentes,
784 2138 816 2192 et
832 2127 994 2196 Christum
1009 2131 1177 2198 adorarent
1195 2146 1264 2198 tan-

229 2263 325 2330 quam
339 2238 399 2307 Dei
417 2239 443 2305 F
445 2237 546 2315 ilium,
567 2260 757 2326 omnemque
779 2252 964 2305 exercerent
983 2240 1198 2309 abstinentiam
1223 2244 1263 2308 in
1340 2270 1342 2351 p

229 2351 302 2416 cibo
323 2371 362 2416 cc
380 2359 459 2438 potu
478 2348 647 2422 sumendo,
668 2359 701 2412 et
719 2345 799 2412 nihil
820 2359 986 2436 tangerent
1005 2371 1041 2414 ex
1056 2349 1092 2414 iis
1109 2372 1182 2437 quse
1200 2349 1263 2415 lex

228 2459 434 2549 prohiberet:
449 2479 524 2524 cum
539 2454 631 2530 ille‚'
622 2479 765 2544 inquam,
783 2455 852 2521 haec
862 2456 1045 2532 audivisset
1060 2470 1128 2523 tum
1140 2458 1259 2524 ductus

227 2581 275 2634 est
294 2565 477 2657 poenitentie
498 2589 695 2654 eorumquae
715 2565 797 2631 lacta
817 2537 954 2642 iderant,
975 2579 1045 2633 turn
1063 2567 1182 2633 dicitur
1195 2567 1257 2633 tale

227 2679 393 2744 decretum
408 2676 624 2766 proposuisse.
616 2687 675 2740 .ut
686 2697 763 2764 gens
776 2674 1029 2743 Christianorum
1040 2677 1250 2766 exquireretur

146 2777 148 2791 '
227 2779 362 2875 quidem
375 2797 470 2873 utque
489 2785 637 2850 omnibus
657 2795 740 2848 esset
761 2784 902 2871 cognitu:
926 2785 1045 2851 inventi
1066 2800 1253 2855 autemnon

226 2891 482 2958 interficerentur
487 2914 497 2963 ς
512 2891 568 2956 sed
579 2913 683 2978 neque
695 2891 895 2979 magistratus
907 2907 1066 2980 gererent,
1078 2917 1186 2984 neque
1195 2921 1254 2964 sus

227 3002 370 3089 ciperent
385 2999 483 3074 ullam
498 3000 680 3089 reipublice
695 3001 1010 3071 administrationem.
1033 3003 1090 3072 Sic
1109 3029 1177 3074 non
1198 3009 1254 3072 rita

226 3108 330 3178 selum
345 3109 470 3198 lguatii,
491 3110 547 3175 sed
561 3110 628 3198 jam
643 3135 729 3179 mors
744 3133 873 3201 quoque
888 3112 948 3178 luit
962 3111 1140 3181 multorum
1156 3119 1257 3182 bono-

227 3243 299 3286 rum
314 3216 522 3294 conciliatrix,
543 3217 687 3308 gloriatio
708 3219 782 3286 fidei
798 3223 868 3308 que
887 3221 920 3287 in
936 3221 1064 3288 Christo
1079 3237 1141 3300 est,
1164 3250 1258 3314 argu-

226 3341 371 3396 mentum
393 3327 529 3417 pietatis,
554 3327 733 3396 adhortatio
756 3328 798 3394 ad
819 3329 942 3395 divinos
963 3328 1101 3408 labores,
1130 3346 1165 3398 et
1188 3355 1257 3401 con·

225 3439 357 3526 temptio
380 3437 577 3525 temporarie
602 3436 685 3510 vite,
710 3434 788 3504 item
814 3437 1007 3506 continentia
1033 3461 1051 3502 a
1078 3441 1194 3517 noxiis,
1222 3464 1259 3506 ac

226 3547 368 3618 studium
382 3546 453 3610 vitae
468 3545 612 3634 puritatis
627 3567 635 3609 ι
653 3543 750 3633 gretia
763 3554 795 3609 et
807 3544 1001 3633 benignitate
1013 3530 1143 3613 Domini
1159 3551 1257 3614 nostri

226 3655 304 3722 desu
327 3653 457 3729 Christi,
482 3678 557 3722 curn
579 3677 643 3743 quo
658 3652 743 3717 Patri
762 3650 927 3740 gloria,‚et
946 3665 1056 3720 sancto
1074 3679 1114 3721 ec
1133 3657 1257 3722 vivifico

227 3763 371 3853 Spiritui,
388 3785 473 3831 nunc
489 3775 521 3828 et
534 3785 662 3852 'semper
673 3772 705 3826 et
720 3759 752 3826 iu
768 3761 882 3828 secula
899 3761 1100 3832 saeculorum.
1119 3763 1230 3834 Amen.

652 3907 831 3924 Μ
