2646 4596
261 275 325 338 566
560 295 672 338 sanem
695 296 814 340 susrrm
837 297 990 342 uanrrars

1320 353 1321 390 l

262 437 273 468 tt
288 405 453 496 paenitebit
472 427 568 472 eum:
592 406 640 470 Tu
662 431 695 472 es
716 407 861 474 sacerdos
884 409 915 473 in
935 396 1089 474 aetcrnuni
1111 411 1278 476 sectandum
1320 409 1321 490 ᾗ

261 548 274 579 s
290 519 434 584 ordinem
446 516 710 592 Melchisedeeh¹,
724 549 736 580 a
751 543 856 586 nonne
868 520 955 586 vobis
966 520 1144 608 significant
1155 523 1280 610 antiqui-

260 641 310 693 tus
326 629 467 694 suturam
484 629 579 694 fuisse
594 642 629 694 ut
644 652 718 696 eum
733 632 829 696 etiarn
844 655 885 696 ex
898 633 1038 698 humano
1054 644 1144 696 utero
1157 633 1241 698 Deus
1251 647 1279 696 et

260 737 353 802 Pater
372 738 591 804 universorum
606 740 768 828 gigneret:
791 742 846 829 qui
865 741 994 829 quidem
1013 753 1046 805 et
1066 739 1128 805 alio
1146 741 1177 806 in
1195 744 1278 806 testi-

260 848 379 920 monio,
401 846 488 934 quod
507 860 540 911 et
561 849 665 935 ipsum
684 851 749 936 jam
770 851 951 924 recitatum,
973 850 1071 916 dicit:
1090 849 1211 914 «Sedes
1231 863 1276 913 tua

260 954 370 1020 »Deus
392 956 425 1020 in
446 954 600 1022 saeculum
620 957 749 1023 saecuti:
773 959 858 1046 virga
880 959 1074 1034 directionis,
1096 957 1181 1045 virga
1198 963 1276 1046 rqni

259 1091 271 1122 ι
288 1063 343 1126 tui.
367 1063 509 1129 Dilexisti
530 1067 696 1153 justitiam,
716 1080 749 1132 et
768 1067 861 1133 odisti
879 1068 1099 1155 iniquitatem:
1122 1081 1275 1155 propterea

258 1197 270 1228 ι
288 1170 376 1234 unxit
392 1183 436 1244 te,
452 1172 550 1248 Deus,
566 1172 650 1238 Deus
668 1187 741 1240 tuus
762 1173 831 1240 oleo
845 1172 1061 1240 exsultationis
1079 1197 1146 1261 pras
1160 1175 1267 1262 partiri

256 1305 269 1338 s
285 1277 377 1365 pibus
390 1279 460 1342 tuis.
479 1279 618 1365 Myrrha,
630 1294 663 1346 et
684 1293 786 1370 gutta,
798 1295 831 1347 et
841 1284 923 1348 casia
941 1307 959 1346 a
971 1281 1167 1348 vestimentis
1179 1285 1248 1354 tuis;
1259 1307 1273 1344 a

257 1385 432 1453 »domibus
447 1391 607 1465 eburneis,
628 1415 667 1456 ex
686 1394 801 1479 quibus
817 1391 1053 1458 delectaverunt
1070 1405 1113 1456 te.
1135 1391 1219 1456 Filiae
1235 1413 1275 1455 rs-

257 1523 269 1554 »
283 1517 360 1583 gum
375 1496 539 1561 inhonore
552 1507 618 1562 tuo.
634 1497 741 1563 Astitit
758 1499 864 1588 regina
882 1523 899 1564 a
912 1499 1029 1564 dextris
1041 1501 1116 1572 tuis,
1130 1500 1164 1564 in
1175 1501 1274 1564 vestitu

256 1630 268 1661 ι
284 1603 447 1678 deaurato,
465 1606 717 1684 circumamictu,
730 1608 898 1696 variegata.
914 1607 997 1673 Audi
1014 1605 1092 1682 tilia,
1113 1619 1145 1671 et
1161 1607 1237 1680 ride,
1248 1619 1275 1671 et

256 1737 268 1768 a
285 1709 398 1776 inclina
412 1735 523 1778 aurem
534 1725 622 1780 tuem
636 1738 644 1778 t
658 1728 691 1781 et
706 1715 890 1781 obliviscere
905 1714 1058 1804 populum
1073 1727 1167 1779 tuum
1180 1729 1211 1780 et
1224 1717 1273 1780 do-
1321 1741 1322 1792 f

256 1845 268 1880 a
284 1840 373 1884 mum
387 1822 484 1908 patris
499 1823 558 1896 tui,
575 1835 607 1888 et
622 1825 827 1912 concupiscet
842 1847 898 1889 rex
912 1823 1062 1890 decorem
1077 1837 1193 1888 tuum:
1210 1825 1269 1909 quia

167 2009 174 2024 ‚
255 1955 267 1986 ι
283 1927 350 2013 ipse
365 1941 412 1994 est
426 1930 581 1997 Dominus
596 1942 681 2007 tuus,
698 1947 730 1997 et
742 1934 887 2000 adorabis
902 1955 977 1997 eum
987 1931 1010 1996 ².
1024 1960 1039 1993 s
1053 1932 1156 2020 igitur
1168 1948 1273 1996 enmet

255 2035 452 2103 adorandum
464 2061 544 2114 esse,
560 2052 591 2104 et
603 2041 719 2117 Deum,
732 2053 764 2105 et
778 2041 941 2106 Christum
956 2039 1052 2116 illius,
1065 2040 1120 2128 qni
1130 2041 1200 2106 haec
1208 2065 1271 2128 per-

254 2141 341 2219 leeit,
355 2145 536 2211 testimonio
551 2147 761 2224 declaratum,
774 2148 939 2214 manifeste
952 2170 993 2213 ex
1007 2148 1057 2214 his
1071 2148 1165 2213 etiam
1179 2149 1270 2214 serbis

253 2251 453 2338 perspicitur.
474 2253 538 2332 Qui
550 2269 658 2320 antem
672 2257 705 2321 in
718 2255 806 2322 illum
818 2257 966 2330 credunt,
978 2278 1056 2322 cum
1068 2278 1127 2320 una
1139 2255 1198 2320 sint
1207 2255 1269 2319 ani-

253 2379 304 2420 ma
321 2369 353 2421 et
376 2381 437 2423 una
462 2381 619 2450 synagoge
640 2385 678 2428 ac
697 2386 758 2428 una
781 2362 933 2437 ecclesia,
957 2363 1078 2429 idcireo
1091 2360 1262 2434 Ecclesium,

253 2487 322 2552 qum
338 2489 377 2532 ex
392 2466 475 2533 illius
490 2471 620 2536 nomine
635 2473 804 2537 constituta
819 2484 879 2546 est,
896 2470 1044 2558 illiusque
1059 2471 1187 2538 nominis
1199 2493 1268 2558 par-

254 2573 355 2662 ticeps
370 2586 418 2639 est
437 2574 567 2676 (omnep
580 2578 665 2644 enim
682 2579 851 2644 Christiani
867 2582 1054 2666 vocamur),
1072 2577 1168 2644 veluti
1182 2576 1268 2642 liliam

252 2705 269 2745 a
291 2682 394 2748 diviua
418 2684 581 2772 Scriptura
603 2683 800 2775 compellari,
823 2685 965 2752 similiter
981 2685 1052 2751 bate
1066 2687 1162 2752 verba
1178 2687 1269 2750 mani-

252 2790 330 2856 feste
345 2793 579 2867 demonstratum
601 2797 715 2881 quibus
733 2794 812 2860 illud
829 2797 925 2860 etiam
943 2795 1131 2868 edocemur,
1149 2807 1186 2858 ut
1198 2795 1268 2858 anti-

251 2921 311 2984 qua
335 2913 461 2987 patrum
480 2916 663 2968 nostrorum
685 2904 827 2968 instituta
850 2903 1000 2970 oblivioni
1023 2905 1199 2968 tradamus.
1224 2902 1268 2966 Sic

250 3018 356 3071 nutem
371 3008 511 3076 habent:
529 3013 637 3078 «Audi
649 3011 713 3076 filia
728 3025 761 3077 et
776 3013 860 3088 vide,
876 3023 908 3078 et
919 3011 1035 3078 inclina
1052 3035 1166 3078 aurern
1181 3025 1267 3083 nram,

249 3141 261 3172 s
276 3126 309 3177 et
319 3112 505 3183 obliviscere
517 3118 670 3207 populum
681 3131 772 3184 tuum
783 3131 816 3182 et
827 3119 960 3184 domum
971 3118 1071 3185 Patris
1082 3121 1145 3195 tui,
1157 3133 1191 3186 et
1200 3143 1268 3186 con-

248 3251 260 3285 s
276 3224 417 3312 cupiscet
433 3249 486 3292 rex
502 3228 654 3294 decorum
672 3241 782 3293 tuum:
802 3227 962 3306 Quoniam
977 3229 1043 3317 ipse
1059 3239 1109 3295 est
1123 3229 1270 3296 Domimu

247 3359 260 3392 a
275 3343 361 3407 tuus,
374 3345 407 3397 et
417 3334 563 3402 adorabis
575 3359 660 3402 aum.
675 3366 687 3398 s
1148 3389 1151 3394 ·

290 3439 403 3506 LXIV.
428 3443 488 3509 llic
510 3441 639 3534 Trypho
663 3469 671 3509 :
694 3443 743 3510 Sit
764 3467 838 3510 sane
859 3458 974 3521 vester,
996 3445 1111 3533 quiex
1132 3446 1270 3534 gentibus

245 3549 331 3622 estis,
348 3547 400 3614 illo
415 3550 570 3618 Dominus
584 3565 617 3618 et
633 3552 777 3618 Christus
797 3575 836 3619 ae
857 3553 944 3619 Deus
958 3553 1096 3642 agnitus,
1122 3552 1269 3639 quemad-

246 3655 377 3721 modum
399 3657 571 3750 Scripturae
592 3661 781 3750 significant,
803 3663 857 3750 qui
878 3662 973 3729 etiam
995 3663 1126 3748 exejus
1149 3661 1269 3730 nomint

278 3889 286 3922 ¹
299 3891 359 3942 Psal.
374 3911 425 3956 cix,
436 3897 461 3954 l.
474 3897 526 3936 ..2
538 3899 601 3948 Paal.
615 3913 681 3958 xtra,
694 3915 716 3962 7.
