2636 4648
222 241 286 330 ipo
544 259 658 308 sineri
682 261 794 308 rnsrnr
818 261 879 310 ιιι.
907 265 939 308 ιι

224 369 398 436 admodum
418 369 505 438 enim
524 368 569 438 illi
594 394 658 439 non
679 371 877 461 imputabunt
899 373 994 441 nobis
1008 371 1206 444 ieronimum

223 492 360 558 nostrus.
376 504 455 569 quus
475 483 595 573 operuti
618 506 729 556 sumus
751 485 938 575 priusquam
954 485 1092 552 Christus
1105 486 1133 552 in
1148 489 1207 554 udi

224 592 494 668 manifestareturr
514 595 561 662 sie
580 604 689 664 etune
712 617 778 666 nou
798 608 847 663 est
866 597 994 687 justum
1015 596 1153 686 imputem
1162 612 1207 664 uo

224 701 395 770 adrentum
412 703 527 772 Christi
541 703 592 772 bis
607 701 662 792 qui
683 715 906 795 peeesvsrunt.
924 731 939 768 r
954 704 1074 772 Omnes
1091 704 1209 770 minis

225 840 238 875 ι
253 813 357 880 mines
370 823 463 902 egent
476 811 576 903 glorie
592 813 684 890 Μ’,
701 815 945 904 »justificentur
963 827 1070 882 nutem
1086 837 1141 880 nou
1154 839 1168 878 ι
1179 837 1210 881 se

224 919 375 1008 metipsis.
391 919 448 988 sod
462 941 480 986 r
495 919 624 994 Domini
639 921 789 999 adventu.
801 923 856 1013 qui
869 922 1046 992 intendunt
1056 919 1210 1010 lunrenejrs

224 1026 261 1093 ln
275 1039 414 1096 nostrum
428 1040 538 1102 eutem
552 1031 786 1121 eorreptionem
801 1032 1003 1122 oonsoriptos
1025 1054 1090 1097 esse
1102 1041 1212 1098 retuso

224 1159 309 1214 rum,
321 1147 356 1204 ut
367 1137 535 1216 sciremus,
547 1140 687 1229 primum
697 1140 841 1230 quidem.
853 1141 1011 1230 quonium
1021 1143 1099 1208 rinus
1110 1140 1211 1207 ostlleu

207 1257 331 1316 ‚noster
340 1257 374 1317 et
388 1245 528 1326 illorum,
543 1250 595 1318 oui
607 1273 672 1318 non
682 1248 830 1340 pleoeent
844 1261 994 1340 moute.
1005 1248 1212 1316 mimano

224 1356 464 1444 fientrdoinde.
477 1369 513 1428 ut
527 1359 741 1432 abstineamus
756 1383 774 1426 e
789 1359 893 1428 melis.
910 1359 946 1428 Si
963 1359 1050 1426 enim
1065 1358 1150 1446 biqui
1162 1381 1210 1446 pre

224 1473 390 1532 cesserunt
402 1487 460 1534 nos
474 1465 508 1532 in
523 1465 766 1538 charismatibus
781 1480 917 1545 veteres,
934 1479 1068 1557 propter
1078 1487 1146 1553 quos
1158 1485 1211 1529 nur-

225 1573 302 1640 dum
318 1572 417 1643 Filius
431 1574 490 1644 Dei
503 1597 612 1665 pessus
626 1587 707 1652 erut,
719 1575 942 1666 delinquentes
961 1577 995 1643 in
1007 1574 1118 1664 eliquo,
1127 1583 1210 1638 dno

225 1681 427 1773 cupisoentire
448 1684 552 1755 nuruis
573 1685 758 1762 servientes.
779 1684 835 1752 tuli
857 1683 967 1753 ulleeti
983 1695 1058 1751 sunt
1070 1679 1208 1772 ignominie

226 1793 303 1881 quid
317 1793 440 1888 passini
454 1805 529 1864 sunt
540 1794 594 1882 qui
606 1814 693 1861 nuno
704 1804 792 1872 sunt,
803 1795 858 1882 qui
872 1791 1208 1882 oontempseruntrdru·

226 1914 296 1969 tum
310 1901 450 1978 Domini,
465 1913 499 1972 ot
513 1902 730 1972 deservierunt
742 1901 957 1992 voluptatibus
969 1899 1103 1970 suisillt
1114 1895 1207 1985 illisqui

225 2011 300 2082 dem
321 2011 443 2080 ourutio
463 2023 497 2078 ot
517 2011 660 2080 remissio
677 2023 883 2101 peecatorum
911 2035 1001 2079 mors
1022 2007 1135 2077 Domini
1150 2005 1207 2070 luit:

224 2134 357 2216 propter
370 2145 426 2190 eos
440 2143 516 2188 vero
529 2121 584 2211 qui
599 2143 686 2189 nuno
700 2121 1010 2211 permonuimus
1025 2142 1085 2188 non
1099 2119 1151 2208 jen
1162 2135 1206 2180 no

225 2232 337 2305 rietur.
362 2230 429 2319 jum
444 2229 531 2298 enirn
545 2251 633 2296 mors
654 2251 719 2298 non
738 2230 957 2298 dominabitur
974 2230 1061 2319 ejuss
1078 2225 1126 2293 sed
1140 2223 1207 2289 reid

224 2338 323 2408 Filius
336 2339 369 2406 in
384 2337 483 2428 glorie
499 2338 613 2416 Putris,
629 2341 798 2430 exquirens
812 2342 851 2409 eb
868 2342 1032 2408 sutoribus
1049 2351 1079 2404 et
1092 2335 1206 2424 dmm

225 2446 347 2518 toribus
361 2446 426 2514 suis
446 2445 617 2534 penumsm
631 2469 730 2536 quem
750 2449 797 2516 eis
810 2448 960 2527 credidit,
982 2469 1057 2518 oum
1077 2441 1207 2510 umristrt

226 2555 341 2645 quibus
365 2553 539 2644 plurimum
554 2554 655 2632 dedit,
669 2555 844 2647 plurimum
860 2559 900 2625 eb
917 2556 966 2624 eis
980 2556 1089 2646 exiget.
1105 2551 1160 2619 llou
1172 2547 1206 2611 lr-

225 2667 341 2736 bemm
354 2685 444 2754 ergo,
460 2663 562 2752 inquit
576 2663 629 2732 ille
644 2665 762 2743 senior,
779 2665 1004 2756 superbiente,
1025 2683 1120 2752 neque
1134 2675 1206 2745 repr

226 2774 368 2844 bondeno
382 2783 520 2846 retersss
539 2772 596 2844 sed
610 2773 669 2864 ipsi
685 2774 811 2850 timere,
826 2797 867 2842 ne
883 2774 965 2841 sorte
979 2784 1050 2864 post
1062 2767 1206 2861 agnitione

228 2883 350 2951 Christi
362 2895 489 2974 egentes
504 2882 623 2973 aliquid
633 2885 719 2972 quod
730 2908 795 2952 non
811 2885 934 2976 plnoeet
945 2885 1027 2963 lleo,
1041 2878 1204 2950 modeim

229 2993 311 3064 ultre
331 3015 396 3064 non
411 2994 585 3084 bubeemus
603 2993 805 3072 delictorum,
825 2996 882 3062 sed
896 2993 1098 3063 excludemur
1112 3011 1128 3054 ι
1142 3002 1206 3071 repro

229 3105 309 3195 ejus.
328 3105 369 3171 Et
381 3103 455 3170 ideo
464 3101 599 3172 Penlnm
615 3105 728 3172 dixisse
744 3129 752 3172 ι
769 3132 783 3168 r
800 3105 835 3173 Si
849 3107 937 3174 enim
951 3101 1131 3172 naturalibus
1142 3089 1205 3160 mi

136 3205 139 3211 ’
228 3232 322 3278 »non
336 3209 491 3300 pepercit,
504 3233 546 3278 no
556 3210 637 3281 sorte
649 3234 710 3280 nec
721 3212 779 3280 tibi
793 3225 915 3302 puroet,
929 3213 986 3301 qni
997 3197 1206 3280 eumundo*

230 3331 337 3398 nter,
359 3319 496 3392 munus
515 3341 550 3392 er
570 3320 603 3388 in
617 3320 845 3412 pinguedinem
861 3321 964 3399 olirae,
982 3333 1014 3389 et
1030 3317 1121 3386 sudus
1136 3310 1204 3376 oen

230 3451 294 3498 »os
308 3429 509 3519 pinguedinis
522 3430 592 3519 elus
601 3428 624 3496 ¹.
643 3458 657 3493 ι

275 3538 332 3608 111.
353 3537 505 3610 Similiter
521 3552 554 3606 et
574 3538 674 3631 plebis
694 3541 967 3632 prevaricationes
980 3540 1062 3608 rides
1078 3526 1203 3614 mpii·

232 3671 313 3725 esse,
329 3670 394 3718 nou
412 3663 542 3740 propter
557 3647 626 3720 illos
641 3652 695 3740 qui
717 3664 795 3722 tunc
815 3651 1118 3743 transgrediebrutun
1132 3631 1201 3704 ‘fill'

233 3758 466 3848 eorreptionem
487 3773 641 3838 nostrum,
664 3775 697 3830 et
717 3775 753 3830 ut
773 3763 927 3832 iniremus
944 3783 1040 3832 unum
1052 3767 1081 3824 ot
1097 3741 1201 3820 eunden

267 3893 361 3950 tuom.
376 3867 415 3954 ui,
427 3895 464 3944 eb.
478 3921 509 3932 -
519 3893 531 3928 ²
541 3895 615 3945 Rom.
626 3911 662 3957 ιι,
673 3912 712 3955 ar,
725 3911 733 3944 ι
739 3913 761 3960 7.
