<?xml version="1.0" encoding="UTF-8"?>
<!DOCTYPE html PUBLIC "-//W3C//DTD XHTML 1.0 Transitional//EN"
    "http://www.w3.org/TR/xhtml1/DTD/xhtml1-transitional.dtd">
<html xmlns="http://www.w3.org/1999/xhtml" xml:lang="en" lang="en">
 <head>
  <title>
</title>
<meta http-equiv="Content-Type" content="text/html;charset=utf-8" />
  <meta name='ocr-system' content='tesseract 3.04.00' />
  <meta name='ocr-capabilities' content='ocr_page ocr_carea ocr_par ocr_line ocrx_word'/>
</head>
<body>
  <div class='ocr_page' id='page_1' title='image "./collectioselect02guilgoog_0020.png"; bbox 0 0 2808 4688; ppageno 0'>
   <div class='ocr_carea' id='block_1_1' title="bbox 116 158 1220 3796">
    <p class='ocr_par' dir='ltr' id='par_1_1' title="bbox 116 158 1220 802">
     <span class='ocr_line' id='line_1_1' title="bbox 553 158 1161 222; baseline -0.008 -6"><span class='ocrx_word' id='word_1_1' title='bbox 553 173 734 218; x_wconf 81' lang='lat' dir='ltr'><strong>arosronos.</strong></span> <span class='ocrx_word' id='word_1_2' title='bbox 1140 158 1161 222; x_wconf 80' lang='lat'>5</span> 
     </span>
     <span class='ocr_line' id='line_1_2' title="bbox 117 279 1161 382; baseline 0.002 -28"><span class='ocrx_word' id='word_1_3' title='bbox 117 284 323 356; x_wconf 83' lang='lat' dir='ltr'><strong>Barnabam</strong></span> <span class='ocrx_word' id='word_1_4' title='bbox 337 309 346 352; x_wconf 90' lang='lat'>:</span> <span class='ocrx_word' id='word_1_5' title='bbox 361 281 506 378; x_wconf 86' lang='lat' dir='ltr'><strong>quibus</strong></span> <span class='ocrx_word' id='word_1_6' title='bbox 520 279 836 352; x_wconf 68' lang='lat' dir='ltr'><strong>«ministrmubus</strong></span> <span class='ocrx_word' id='word_1_7' title='bbox 851 287 1009 354; x_wconf 87' lang='lat' dir='ltr'><strong>Domino</strong></span> <span class='ocrx_word' id='word_1_8' title='bbox 1021 299 1056 356; x_wconf 87' lang='lat' dir='ltr'><strong>et</strong></span> <span class='ocrx_word' id='word_1_9' title='bbox 1066 286 1161 382; x_wconf 80' lang='lat' dir='ltr'><strong>jeju·</strong></span> 
     </span>
     <span class='ocr_line' id='line_1_3' title="bbox 116 389 1161 484; baseline -0.01 -24"><span class='ocrx_word' id='word_1_10' title='bbox 116 389 326 462; x_wconf 72' lang='lat' dir='ltr'><strong>»nantibus</strong></span> <span class='ocrx_word' id='word_1_11' title='bbox 333 390 432 462; x_wconf 79' lang='lat' dir='ltr'><strong>dixit</strong></span> <span class='ocrx_word' id='word_1_12' title='bbox 441 390 595 483; x_wconf 87' lang='lat' dir='ltr'><strong>Spiritus</strong></span> <span class='ocrx_word' id='word_1_13' title='bbox 603 399 764 457; x_wconf 82' lang='lat' dir='ltr'><strong>sanctus:</strong></span> <span class='ocrx_word' id='word_1_14' title='bbox 776 389 1161 484; x_wconf 65' lang='lat' dir='ltr'><strong>Segmgatemihipau.</strong></span> 
     </span>
     <span class='ocr_line' id='line_1_4' title="bbox 119 490 1220 594; baseline 0.013 -37"><span class='ocrx_word' id='word_1_15' title='bbox 119 495 230 566; x_wconf 83' lang='lat' dir='ltr'><strong>»lmn</strong></span> <span class='ocrx_word' id='word_1_16' title='bbox 251 509 293 568; x_wconf 87' lang='lat' dir='ltr'><strong>et</strong></span> <span class='ocrx_word' id='word_1_17' title='bbox 308 492 524 568; x_wconf 85' lang='lat' dir='ltr'><strong>Barnabam</strong></span> <span class='ocrx_word' id='word_1_18' title='bbox 544 493 584 562; x_wconf 93' lang='lat' dir='ltr'><strong>in</strong></span> <span class='ocrx_word' id='word_1_19' title='bbox 602 515 696 588; x_wconf 87' lang='lat' dir='ltr'><strong>opos</strong></span> <span class='ocrx_word' id='word_1_20' title='bbox 711 490 756 564; x_wconf 89' lang='lat' dir='ltr'><strong>ad</strong></span> <span class='ocrx_word' id='word_1_21' title='bbox 776 492 881 589; x_wconf 91' lang='lat' dir='ltr'><strong>quod</strong></span> <span class='ocrx_word' id='word_1_22' title='bbox 901 503 1079 594; x_wconf 79' lang='lat' dir='ltr'><strong>assumpsi</strong></span> <span class='ocrx_word' id='word_1_23' title='bbox 1092 523 1160 571; x_wconf 86' lang='lat' dir='ltr'><strong>eos.</strong></span> <span class='ocrx_word' id='word_1_24' title='bbox 1216 537 1220 544; x_wconf 93' lang='lat'>·</span> 
     </span>
     <span class='ocr_line' id='line_1_5' title="bbox 120 601 1165 698; baseline 0.007 -30"><span class='ocrx_word' id='word_1_25' title='bbox 120 635 137 668; x_wconf 68' lang='grc' dir='ltr'><strong><em>ι</em></strong></span> <span class='ocrx_word' id='word_1_26' title='bbox 150 607 263 674; x_wconf 89' lang='lat' dir='ltr'><strong>Tunc</strong></span> <span class='ocrx_word' id='word_1_27' title='bbox 275 603 490 698; x_wconf 76' lang='lat' dir='ltr'><strong>jejunantes</strong></span> <span class='ocrx_word' id='word_1_28' title='bbox 499 611 536 670; x_wconf 90' lang='lat' dir='ltr'><strong>et</strong></span> <span class='ocrx_word' id='word_1_29' title='bbox 547 613 708 684; x_wconf 88' lang='lat' dir='ltr'><strong>orantes,</strong></span> <span class='ocrx_word' id='word_1_30' title='bbox 720 601 1021 698; x_wconf 82' lang='lat' dir='ltr'><strong>imponentesque</strong></span> <span class='ocrx_word' id='word_1_31' title='bbox 1030 606 1083 673; x_wconf 86' lang='lat' dir='ltr'><strong>eis</strong></span> <span class='ocrx_word' id='word_1_32' title='bbox 1094 629 1165 676; x_wconf 88' lang='lat' dir='ltr'><strong>ma·</strong></span> 
     </span>
     <span class='ocr_line' id='line_1_6' title="bbox 123 703 936 802; baseline -0.002 -22"><span class='ocrx_word' id='word_1_33' title='bbox 123 739 143 772; x_wconf 75' lang='lat' dir='ltr'><strong>a</strong></span> <span class='ocrx_word' id='word_1_34' title='bbox 154 733 249 794; x_wconf 72' lang='lat' dir='ltr'><strong>nias,</strong></span> <span class='ocrx_word' id='word_1_35' title='bbox 264 709 484 780; x_wconf 87' lang='lat' dir='ltr'><strong>dimiserunt</strong></span> <span class='ocrx_word' id='word_1_36' title='bbox 496 703 588 774; x_wconf 82' lang='lat' dir='ltr'><strong>illos.</strong></span> <span class='ocrx_word' id='word_1_37' title='bbox 598 733 616 770; x_wconf 81' lang='grc' dir='ltr'><strong><em>ι</em></strong></span> <span class='ocrx_word' id='word_1_38' title='bbox 629 705 732 798; x_wconf 82' lang='lat'>(1111,</span> <span class='ocrx_word' id='word_1_39' title='bbox 752 727 782 792; x_wconf 87' lang='lat' dir='ltr'><strong>r,</strong></span> <span class='ocrx_word' id='word_1_40' title='bbox 797 733 817 776; x_wconf 90' lang='lat' dir='ltr'><strong>n</strong></span> <span class='ocrx_word' id='word_1_41' title='bbox 832 719 868 776; x_wconf 88' lang='lat' dir='ltr'><strong>et</strong></span> <span class='ocrx_word' id='word_1_42' title='bbox 880 705 936 802; x_wconf 79' lang='lat'><strong>3.)</strong></span> 
     </span>
    </p>

    <p class='ocr_par' dir='ltr' id='par_1_2' title="bbox 119 813 1169 3366">
     <span class='ocr_line' id='line_1_7' title="bbox 181 813 1163 912; baseline 0.002 -26"><span class='ocrx_word' id='word_1_43' title='bbox 181 819 260 908; x_wconf 88' lang='lat' dir='ltr'><strong>Qui</strong></span> <span class='ocrx_word' id='word_1_44' title='bbox 274 829 457 912; x_wconf 84' lang='lat' dir='ltr'><strong>assumpto</strong></span> <span class='ocrx_word' id='word_1_45' title='bbox 473 819 610 884; x_wconf 83' lang='lat' dir='ltr'><strong>loanne</strong></span> <span class='ocrx_word' id='word_1_46' title='bbox 622 816 764 900; x_wconf 83' lang='lat' dir='ltr'>Marco,</span> <span class='ocrx_word' id='word_1_47' title='bbox 784 816 905 885; x_wconf 88' lang='lat' dir='ltr'><strong>Sancti</strong></span> <span class='ocrx_word' id='word_1_48' title='bbox 918 813 1090 887; x_wconf 82' lang='lat' dir='ltr'><strong>Barnabae</strong></span> <span class='ocrx_word' id='word_1_49' title='bbox 1103 841 1163 888; x_wconf 89' lang='lat' dir='ltr'><strong>so·</strong></span> 
     </span>
     <span class='ocr_line' id='line_1_8' title="bbox 133 918 1164 1023; baseline -0.002 -28"><span class='ocrx_word' id='word_1_50' title='bbox 133 929 229 995; x_wconf 88' lang='lat' dir='ltr'><strong>roris</strong></span> <span class='ocrx_word' id='word_1_51' title='bbox 244 924 336 1011; x_wconf 88' lang='lat' dir='ltr'><strong>filio,</strong></span> <span class='ocrx_word' id='word_1_52' title='bbox 349 923 544 995; x_wconf 88' lang='lat' dir='ltr'><strong>Seleuciam</strong></span> <span class='ocrx_word' id='word_1_53' title='bbox 557 922 734 1015; x_wconf 90' lang='lat' dir='ltr'><strong>primurn,</strong></span> <span class='ocrx_word' id='word_1_54' title='bbox 747 918 880 991; x_wconf 90' lang='lat' dir='ltr'><strong>deinde</strong></span> <span class='ocrx_word' id='word_1_55' title='bbox 894 924 1071 1018; x_wconf 81' lang='lat' dir='ltr'>Cyprum,</span> <span class='ocrx_word' id='word_1_56' title='bbox 1082 949 1164 1023; x_wconf 81' lang='lat' dir='ltr'><strong>poa-</strong></span> 
     </span>
     <span class='ocr_line' id='line_1_9' title="bbox 129 1025 1161 1129; baseline 0.002 -29"><span class='ocrx_word' id='word_1_57' title='bbox 129 1047 185 1103; x_wconf 86' lang='lat' dir='ltr'><strong>tea</strong></span> <span class='ocrx_word' id='word_1_58' title='bbox 204 1032 421 1102; x_wconf 78' lang='lat' dir='ltr'><strong>Salaminam</strong></span> <span class='ocrx_word' id='word_1_59' title='bbox 443 1040 691 1126; x_wconf 78' lang='lat' dir='ltr'><strong>peragrantes,</strong></span> <span class='ocrx_word' id='word_1_60' title='bbox 713 1026 879 1125; x_wconf 80' lang='lat' dir='ltr'><strong>Paphum</strong></span> <span class='ocrx_word' id='word_1_61' title='bbox 898 1025 1060 1125; x_wconf 87' lang='lat' dir='ltr'><strong>denique</strong></span> <span class='ocrx_word' id='word_1_62' title='bbox 1078 1055 1161 1129; x_wconf 86' lang='lat' dir='ltr'><strong>per·</strong></span> 
     </span>
     <span class='ocr_line' id='line_1_10' title="bbox 123 1132 1162 1234; baseline 0.006 -30"><span class='ocrx_word' id='word_1_63' title='bbox 123 1136 423 1223; x_wconf 63' lang='lat' dir='ltr'><strong>veneronuubi«</strong></span> <span class='ocrx_word' id='word_1_64' title='bbox 435 1132 631 1234; x_wconf 89' lang='lat' dir='ltr'><strong>proconsul</strong></span> <span class='ocrx_word' id='word_1_65' title='bbox 643 1134 1162 1234; x_wconf 71' lang='lat' dir='ltr'><strong>Sergiusl’aulus,»eostigato</strong></span> 
     </span>
     <span class='ocr_line' id='line_1_11' title="bbox 123 1239 1164 1343; baseline 0.006 -29"><span class='ocrx_word' id='word_1_66' title='bbox 123 1242 252 1338; x_wconf 80' lang='lat' dir='ltr'><strong>Elyma</strong></span> <span class='ocrx_word' id='word_1_67' title='bbox 266 1247 389 1340; x_wconf 86' lang='lat' dir='ltr'><strong>Mago,</strong></span> <span class='ocrx_word' id='word_1_68' title='bbox 402 1273 420 1310; x_wconf 77' lang='grc' dir='ltr'><strong>α</strong></span> <span class='ocrx_word' id='word_1_69' title='bbox 434 1240 589 1315; x_wconf 79' lang='lat' dir='ltr'><strong>credidit</strong></span> <span class='ocrx_word' id='word_1_70' title='bbox 600 1239 783 1314; x_wconf 86' lang='lat' dir='ltr'><strong>admirans</strong></span> <span class='ocrx_word' id='word_1_71' title='bbox 792 1265 904 1343; x_wconf 89' lang='lat' dir='ltr'><strong>super</strong></span> <span class='ocrx_word' id='word_1_72' title='bbox 913 1243 1080 1318; x_wconf 85' lang='lat' dir='ltr'><strong>doctrina</strong></span> <span class='ocrx_word' id='word_1_73' title='bbox 1091 1252 1164 1320; x_wconf 88' lang='lat' dir='ltr'><strong>Do-</strong></span> 
     </span>
     <span class='ocr_line' id='line_1_12' title="bbox 123 1346 1162 1450; baseline 0.003 -30"><span class='ocrx_word' id='word_1_74' title='bbox 123 1379 141 1413; x_wconf 73' lang='lat' dir='ltr'><strong>a</strong></span> <span class='ocrx_word' id='word_1_75' title='bbox 155 1353 286 1424; x_wconf 76' lang='lat' dir='ltr'><strong>mini.»</strong></span> <span class='ocrx_word' id='word_1_76' title='bbox 299 1348 416 1446; x_wconf 87' lang='lat' dir='ltr'><strong>(Ibid.</strong></span> <span class='ocrx_word' id='word_1_77' title='bbox 431 1375 466 1420; x_wconf 86' lang='lat' dir='ltr'><strong>v.</strong></span> <span class='ocrx_word' id='word_1_78' title='bbox 486 1349 566 1444; x_wconf 66' lang='grc' dir='ltr'><strong>ια.)</strong></span> <span class='ocrx_word' id='word_1_79' title='bbox 584 1346 691 1419; x_wconf 84' lang='lat' dir='ltr'><strong>Unde</strong></span> <span class='ocrx_word' id='word_1_80' title='bbox 704 1353 842 1447; x_wconf 87' lang='lat' dir='ltr'><strong>Pergen</strong></span> <span class='ocrx_word' id='word_1_81' title='bbox 854 1351 1066 1450; x_wconf 78' lang='lat' dir='ltr'><strong>Pamphilite</strong></span> <span class='ocrx_word' id='word_1_82' title='bbox 1079 1353 1162 1424; x_wconf 82' lang='lat' dir='ltr'><strong>civi·</strong></span> 
     </span>
     <span class='ocr_line' id='line_1_13' title="bbox 124 1453 1161 1556; baseline 0.005 -30"><span class='ocrx_word' id='word_1_83' title='bbox 124 1471 240 1529; x_wconf 88' lang='lat' dir='ltr'><strong>tatem</strong></span> <span class='ocrx_word' id='word_1_84' title='bbox 258 1471 591 1556; x_wconf 73' lang='lat' dir='ltr'><strong>praetercurrentes,</strong></span> <span class='ocrx_word' id='word_1_85' title='bbox 611 1453 678 1526; x_wconf 91' lang='lat' dir='ltr'><strong>ubi</strong></span> <span class='ocrx_word' id='word_1_86' title='bbox 699 1453 871 1553; x_wconf 83' lang='lat' dir='ltr'><strong>fatigatus</strong></span> <span class='ocrx_word' id='word_1_87' title='bbox 888 1461 1038 1532; x_wconf 86' lang='lat' dir='ltr'><strong>recessit</strong></span> <span class='ocrx_word' id='word_1_88' title='bbox 1053 1465 1161 1531; x_wconf 84' lang='lat' dir='ltr'><strong>loan-</strong></span> 
     </span>
     <span class='ocr_line' id='line_1_14' title="bbox 125 1561 1163 1650; baseline 0.003 -16"><span class='ocrx_word' id='word_1_89' title='bbox 125 1587 191 1636; x_wconf 90' lang='lat' dir='ltr'><strong>nes</strong></span> <span class='ocrx_word' id='word_1_90' title='bbox 215 1567 378 1650; x_wconf 72' lang='lat' dir='ltr'><strong>marcus,</strong></span> <span class='ocrx_word' id='word_1_91' title='bbox 405 1561 641 1635; x_wconf 79' lang='lat' dir='ltr'><strong>Antiochiam</strong></span> <span class='ocrx_word' id='word_1_92' title='bbox 665 1561 808 1633; x_wconf 74' lang='lat' dir='ltr'><strong>Pisidiae</strong></span> <span class='ocrx_word' id='word_1_93' title='bbox 831 1562 1041 1636; x_wconf 78' lang='lat' dir='ltr'><strong>deveniunt.</strong></span> <span class='ocrx_word' id='word_1_94' title='bbox 1070 1565 1163 1636; x_wconf 89' lang='lat' dir='ltr'><strong>Cum</strong></span> 
     </span>
     <span class='ocr_line' id='line_1_15' title="bbox 127 1666 1166 1769; baseline 0 -28"><span class='ocrx_word' id='word_1_95' title='bbox 127 1686 255 1742; x_wconf 81' lang='lat' dir='ltr'><strong>autem</strong></span> <span class='ocrx_word' id='word_1_96' title='bbox 278 1671 441 1769; x_wconf 75' lang='lat' dir='ltr'><strong>«repleti</strong></span> <span class='ocrx_word' id='word_1_97' title='bbox 465 1669 546 1739; x_wconf 86' lang='lat' dir='ltr'><strong>zelo</strong></span> <span class='ocrx_word' id='word_1_98' title='bbox 564 1666 679 1738; x_wconf 84' lang='lat' dir='ltr'><strong>ludaei</strong></span> <span class='ocrx_word' id='word_1_99' title='bbox 697 1668 990 1741; x_wconf 86' lang='lat' dir='ltr'><strong>oontradioerent</strong></span> <span class='ocrx_word' id='word_1_100' title='bbox 1009 1671 1069 1741; x_wconf 90' lang='lat' dir='ltr'><strong>his</strong></span> <span class='ocrx_word' id='word_1_101' title='bbox 1090 1696 1166 1768; x_wconf 84' lang='lat' dir='ltr'><strong>quae</strong></span> 
     </span>
     <span class='ocr_line' id='line_1_16' title="bbox 127 1773 1169 1870; baseline 0.005 -22"><span class='ocrx_word' id='word_1_102' title='bbox 127 1805 144 1840; x_wconf 74' lang='lat' dir='ltr'><strong>a</strong></span> <span class='ocrx_word' id='word_1_103' title='bbox 158 1775 393 1862; x_wconf 81' lang='lat' dir='ltr'><strong>dicehanurr,</strong></span> <span class='ocrx_word' id='word_1_104' title='bbox 409 1773 728 1870; x_wconf 73' lang='lat' dir='ltr'><strong>blasphemantes,</strong></span> <span class='ocrx_word' id='word_1_105' title='bbox 749 1789 839 1845; x_wconf 89' lang='lat' dir='ltr'><strong>tunc</strong></span> <span class='ocrx_word' id='word_1_106' title='bbox 856 1789 1061 1848; x_wconf 84' lang='lat' dir='ltr'><strong>constanter</strong></span> <span class='ocrx_word' id='word_1_107' title='bbox 1077 1782 1169 1853; x_wconf 63' lang='lat' dir='ltr'><strong>*Pau-</strong></span> 
     </span>
     <span class='ocr_line' id='line_1_17' title="bbox 134 1879 1167 1987; baseline 0.002 -41"><span class='ocrx_word' id='word_1_108' title='bbox 134 1883 228 1954; x_wconf 78' lang='lat' dir='ltr'><strong>»lus</strong></span> <span class='ocrx_word' id='word_1_109' title='bbox 252 1897 291 1953; x_wconf 90' lang='lat' dir='ltr'><strong>et</strong></span> <span class='ocrx_word' id='word_1_110' title='bbox 317 1879 502 1952; x_wconf 77' lang='lat' dir='ltr'><strong>Barnabas</strong></span> <span class='ocrx_word' id='word_1_111' title='bbox 525 1879 721 1951; x_wconf 79' lang='lat' dir='ltr'><strong>dixemnt:</strong></span> <span class='ocrx_word' id='word_1_112' title='bbox 746 1879 856 1952; x_wconf 83' lang='lat' dir='ltr'><strong>Vobis</strong></span> <span class='ocrx_word' id='word_1_113' title='bbox 878 1883 1069 1980; x_wconf 81' lang='lat' dir='ltr'><strong>oportebat</strong></span> <span class='ocrx_word' id='word_1_114' title='bbox 1097 1896 1167 1987; x_wconf 69' lang='lat' dir='ltr'><strong>pri.</strong></span> 
     </span>
     <span class='ocr_line' id='line_1_18' title="bbox 140 1987 1163 2094; baseline 0.015 -38"><span class='ocrx_word' id='word_1_115' title='bbox 140 2013 277 2060; x_wconf 79' lang='lat' dir='ltr'><strong>»mum</strong></span> <span class='ocrx_word' id='word_1_116' title='bbox 299 1989 401 2085; x_wconf 86' lang='lat' dir='ltr'><strong>loqui</strong></span> <span class='ocrx_word' id='word_1_117' title='bbox 426 2011 574 2085; x_wconf 81' lang='lat' dir='ltr'><strong>regumn</strong></span> <span class='ocrx_word' id='word_1_118' title='bbox 600 1988 684 2072; x_wconf 88' lang='lat' dir='ltr'><strong>Dei,</strong></span> <span class='ocrx_word' id='word_1_119' title='bbox 707 1987 770 2059; x_wconf 84' lang='lat' dir='ltr'><strong>sed</strong></span> <span class='ocrx_word' id='word_1_120' title='bbox 795 1991 968 2085; x_wconf 91' lang='lat' dir='ltr'><strong>quoniam</strong></span> <span class='ocrx_word' id='word_1_121' title='bbox 991 1995 1163 2094; x_wconf 82' lang='lat' dir='ltr'><strong>repellitis</strong></span> 
     </span>
     <span class='ocr_line' id='line_1_19' title="bbox 138 2087 1162 2189; baseline 0.018 -33"><span class='ocrx_word' id='word_1_122' title='bbox 138 2123 154 2156; x_wconf 67' lang='lat' dir='ltr'><strong>s</strong></span> <span class='ocrx_word' id='word_1_123' title='bbox 167 2091 259 2164; x_wconf 87' lang='lat' dir='ltr'><strong>illud</strong></span> <span class='ocrx_word' id='word_1_124' title='bbox 282 2107 318 2163; x_wconf 89' lang='lat' dir='ltr'><strong>et</strong></span> <span class='ocrx_word' id='word_1_125' title='bbox 337 2093 507 2189; x_wconf 85' lang='lat' dir='ltr'><strong>indignos</strong></span> <span class='ocrx_word' id='word_1_126' title='bbox 528 2115 591 2163; x_wconf 79' lang='lat' dir='ltr'><strong>vos</strong></span> <span class='ocrx_word' id='word_1_127' title='bbox 609 2087 780 2184; x_wconf 76' lang='lat' dir='ltr'><strong>judicatis</strong></span> <span class='ocrx_word' id='word_1_128' title='bbox 799 2107 937 2166; x_wconf 73' lang='lat' dir='ltr'><strong>aeternae</strong></span> <span class='ocrx_word' id='word_1_129' title='bbox 957 2100 1053 2187; x_wconf 82' lang='lat' dir='ltr'><strong>ritae,</strong></span> <span class='ocrx_word' id='word_1_130' title='bbox 1078 2125 1162 2178; x_wconf 86' lang='lat' dir='ltr'><strong>ecce</strong></span> 
     </span>
     <span class='ocr_line' id='line_1_20' title="bbox 130 2197 1160 2302; baseline 0.002 -36"><span class='ocrx_word' id='word_1_131' title='bbox 130 2231 148 2266; x_wconf 83' lang='lat'><strong>»</strong></span> <span class='ocrx_word' id='word_1_132' title='bbox 159 2202 407 2272; x_wconf 75' lang='lat' dir='ltr'><strong>convertimur</strong></span> <span class='ocrx_word' id='word_1_133' title='bbox 417 2197 464 2270; x_wconf 88' lang='lat' dir='ltr'><strong>ad</strong></span> <span class='ocrx_word' id='word_1_134' title='bbox 477 2201 648 2270; x_wconf 75' lang='lat' dir='ltr'><strong>Gentes.»</strong></span> <span class='ocrx_word' id='word_1_135' title='bbox 661 2199 776 2298; x_wconf 74' lang='lat' dir='ltr'><strong>(thid.</strong></span> <span class='ocrx_word' id='word_1_136' title='bbox 789 2200 836 2287; x_wconf 67' lang='lat'><strong>45</strong></span> <span class='ocrx_word' id='word_1_137' title='bbox 853 2217 892 2274; x_wconf 86' lang='lat' dir='ltr'><strong>et</strong></span> <span class='ocrx_word' id='word_1_138' title='bbox 901 2204 983 2302; x_wconf 62' lang='lat'><strong>46.)</strong></span> <span class='ocrx_word' id='word_1_139' title='bbox 1001 2212 1081 2280; x_wconf 83' lang='lat' dir='ltr'><strong>Jam</strong></span> <span class='ocrx_word' id='word_1_140' title='bbox 1095 2235 1160 2284; x_wconf 69' lang='lat' dir='ltr'><strong>au.</strong></span> 
     </span>
     <span class='ocr_line' id='line_1_21' title="bbox 128 2303 1161 2396; baseline 0.015 -20"><span class='ocrx_word' id='word_1_141' title='bbox 128 2323 203 2378; x_wconf 83' lang='lat' dir='ltr'><strong>tem</strong></span> <span class='ocrx_word' id='word_1_142' title='bbox 220 2305 549 2378; x_wconf 80' lang='lat' dir='ltr'><strong>«disseminabatur</strong></span> <span class='ocrx_word' id='word_1_143' title='bbox 562 2303 715 2376; x_wconf 78' lang='lat' dir='ltr'><strong>verbum</strong></span> <span class='ocrx_word' id='word_1_144' title='bbox 732 2310 898 2396; x_wconf 87' lang='lat' dir='ltr'><strong>Domini,</strong></span> <span class='ocrx_word' id='word_1_145' title='bbox 917 2326 955 2382; x_wconf 90' lang='lat' dir='ltr'><strong>et</strong></span> <span class='ocrx_word' id='word_1_146' title='bbox 971 2313 1161 2391; x_wconf 85' lang='lat' dir='ltr'><strong>audientes</strong></span> 
     </span>
     <span class='ocr_line' id='line_1_22' title="bbox 125 2411 1160 2509; baseline 0.019 -31"><span class='ocrx_word' id='word_1_147' title='bbox 125 2419 292 2485; x_wconf 74' lang='lat' dir='ltr'><strong>»Gentes</strong></span> <span class='ocrx_word' id='word_1_148' title='bbox 314 2417 442 2509; x_wconf 82' lang='lat' dir='ltr'><strong>gavlsae</strong></span> <span class='ocrx_word' id='word_1_149' title='bbox 462 2425 549 2484; x_wconf 89' lang='lat' dir='ltr'><strong>sunt</strong></span> <span class='ocrx_word' id='word_1_150' title='bbox 575 2426 612 2482; x_wconf 90' lang='lat' dir='ltr'><strong>et</strong></span> <span class='ocrx_word' id='word_1_151' title='bbox 635 2411 888 2509; x_wconf 85' lang='lat' dir='ltr'><strong>glorificabant</strong></span> <span class='ocrx_word' id='word_1_152' title='bbox 912 2418 1065 2492; x_wconf 82' lang='lat' dir='ltr'><strong>verbum</strong></span> <span class='ocrx_word' id='word_1_153' title='bbox 1087 2429 1160 2498; x_wconf 90' lang='lat' dir='ltr'><strong>Do·</strong></span> 
     </span>
     <span class='ocr_line' id='line_1_23' title="bbox 123 2515 1159 2618; baseline 0.016 -35"><span class='ocrx_word' id='word_1_154' title='bbox 123 2549 140 2583; x_wconf 73' lang='lat'><strong>»</strong></span> <span class='ocrx_word' id='word_1_155' title='bbox 151 2519 266 2604; x_wconf 91' lang='lat' dir='ltr'><strong>mini;</strong></span> <span class='ocrx_word' id='word_1_156' title='bbox 282 2515 394 2587; x_wconf 84' lang='lat' dir='ltr'><strong>Jndaei</strong></span> <span class='ocrx_word' id='word_1_157' title='bbox 411 2531 532 2587; x_wconf 88' lang='lat' dir='ltr'><strong>autem</strong></span> <span class='ocrx_word' id='word_1_158' title='bbox 549 2519 797 2592; x_wconf 84' lang='lat' dir='ltr'><strong>excitaverunt</strong></span> <span class='ocrx_word' id='word_1_159' title='bbox 815 2528 1105 2618; x_wconf 84' lang='lat' dir='ltr'><strong>persecutionem</strong></span> <span class='ocrx_word' id='word_1_160' title='bbox 1122 2533 1159 2600; x_wconf 91' lang='lat' dir='ltr'><strong>in</strong></span> 
     </span>
     <span class='ocr_line' id='line_1_24' title="bbox 122 2623 1162 2720; baseline 0.015 -30"><span class='ocrx_word' id='word_1_161' title='bbox 122 2624 307 2697; x_wconf 79' lang='lat' dir='ltr'><strong>»Paulum</strong></span> <span class='ocrx_word' id='word_1_162' title='bbox 324 2640 362 2694; x_wconf 88' lang='lat' dir='ltr'><strong>et</strong></span> <span class='ocrx_word' id='word_1_163' title='bbox 380 2623 600 2713; x_wconf 84' lang='lat' dir='ltr'><strong>Barnaham,</strong></span> <span class='ocrx_word' id='word_1_164' title='bbox 618 2639 655 2695; x_wconf 92' lang='lat' dir='ltr'><strong>et</strong></span> <span class='ocrx_word' id='word_1_165' title='bbox 674 2627 863 2720; x_wconf 87' lang='lat' dir='ltr'><strong>ejecerunt</strong></span> <span class='ocrx_word' id='word_1_166' title='bbox 880 2653 942 2702; x_wconf 82' lang='lat' dir='ltr'><strong>eos</strong></span> <span class='ocrx_word' id='word_1_167' title='bbox 959 2632 1006 2703; x_wconf 88' lang='lat' dir='ltr'><strong>de</strong></span> <span class='ocrx_word' id='word_1_168' title='bbox 1024 2633 1162 2708; x_wconf 84' lang='lat' dir='ltr'><strong>finibus</strong></span> 
     </span>
     <span class='ocr_line' id='line_1_25' title="bbox 121 2729 1160 2840; baseline 0.015 -45"><span class='ocrx_word' id='word_1_169' title='bbox 121 2733 268 2804; x_wconf 63' lang='lat' dir='ltr'><strong>asnis.»</strong></span> <span class='ocrx_word' id='word_1_170' title='bbox 285 2729 397 2826; x_wconf 87' lang='lat' dir='ltr'><strong>(lbid.</strong></span> <span class='ocrx_word' id='word_1_171' title='bbox 414 2729 495 2827; x_wconf 81' lang='lat'><strong>50.)</strong></span> <span class='ocrx_word' id='word_1_172' title='bbox 509 2730 567 2802; x_wconf 93' lang='lat' dir='ltr'><strong>Illi</strong></span> <span class='ocrx_word' id='word_1_173' title='bbox 585 2732 710 2828; x_wconf 88' lang='lat' dir='ltr'><strong>igitur,</strong></span> <span class='ocrx_word' id='word_1_174' title='bbox 725 2761 743 2798; x_wconf 73' lang='grc' dir='ltr'><strong>α</strong></span> <span class='ocrx_word' id='word_1_175' title='bbox 754 2754 906 2806; x_wconf 83' lang='lat' dir='ltr'><strong>excusso</strong></span> <span class='ocrx_word' id='word_1_176' title='bbox 926 2736 1078 2834; x_wconf 85' lang='lat' dir='ltr'><strong>pulvere</strong></span> <span class='ocrx_word' id='word_1_177' title='bbox 1096 2765 1160 2840; x_wconf 81' lang='lat' dir='ltr'><strong>pe·</strong></span> 
     </span>
     <span class='ocr_line' id='line_1_26' title="bbox 119 2837 1160 2942; baseline 0.013 -38"><span class='ocrx_word' id='word_1_178' title='bbox 119 2869 136 2904; x_wconf 70' lang='lat' dir='ltr'><strong>s</strong></span> <span class='ocrx_word' id='word_1_179' title='bbox 148 2837 260 2925; x_wconf 92' lang='lat' dir='ltr'><strong>dum,</strong></span> <span class='ocrx_word' id='word_1_180' title='bbox 276 2852 453 2910; x_wconf 82' lang='lat' dir='ltr'><strong>venerunt</strong></span> <span class='ocrx_word' id='word_1_181' title='bbox 470 2841 657 2926; x_wconf 86' lang='lat' dir='ltr'><strong>Iconium,</strong></span> <span class='ocrx_word' id='word_1_182' title='bbox 679 2837 745 2909; x_wconf 86' lang='lat' dir='ltr'><strong>ubl</strong></span> <span class='ocrx_word' id='word_1_183' title='bbox 765 2837 987 2912; x_wconf 80' lang='lat' dir='ltr'><strong>fiducialiter</strong></span> <span class='ocrx_word' id='word_1_184' title='bbox 1005 2845 1160 2942; x_wconf 87' lang='lat' dir='ltr'><strong>agebant</strong></span> 
     </span>
     <span class='ocr_line' id='line_1_27' title="bbox 120 2943 1157 3033; baseline 0.012 -19"><span class='ocrx_word' id='word_1_185' title='bbox 120 2949 193 3016; x_wconf 81' lang='lat' dir='ltr'><strong>»in</strong></span> <span class='ocrx_word' id='word_1_186' title='bbox 216 2950 394 3033; x_wconf 90' lang='lat' dir='ltr'><strong>Domino,</strong></span> <span class='ocrx_word' id='word_1_187' title='bbox 405 2975 423 3012; x_wconf 76' lang='lat' dir='ltr'><strong>a</strong></span> <span class='ocrx_word' id='word_1_188' title='bbox 439 2967 525 3017; x_wconf 89' lang='lat' dir='ltr'><strong>cum</strong></span> <span class='ocrx_word' id='word_1_189' title='bbox 538 2975 556 3011; x_wconf 73' lang='grc' dir='ltr'><strong>α</strong></span> <span class='ocrx_word' id='word_1_190' title='bbox 569 2943 664 3018; x_wconf 87' lang='lat' dir='ltr'><strong>iacto</strong></span> <span class='ocrx_word' id='word_1_191' title='bbox 679 2943 888 3019; x_wconf 80' lang='lat' dir='ltr'><strong>Iudaeorum</strong></span> <span class='ocrx_word' id='word_1_192' title='bbox 905 2964 943 3020; x_wconf 92' lang='lat' dir='ltr'><strong>et</strong></span> <span class='ocrx_word' id='word_1_193' title='bbox 961 2953 1157 3026; x_wconf 79' lang='lat' dir='ltr'><strong>Genti-liram</strong></span> 
     </span>
     <span class='ocr_line' id='line_1_28' title="bbox 120 3049 1159 3156; baseline 0.013 -36"><span class='ocrx_word' id='word_1_194' title='bbox 120 3057 309 3152; x_wconf 60' lang='lat' dir='ltr'><strong>»impetu</strong></span> <span class='ocrx_word' id='word_1_195' title='bbox 335 3067 378 3124; x_wconf 91' lang='lat' dir='ltr'><strong>ut</strong></span> <span class='ocrx_word' id='word_1_196' title='bbox 405 3053 639 3125; x_wconf 86' lang='lat' dir='ltr'><strong>contumeliis</strong></span> <span class='ocrx_word' id='word_1_197' title='bbox 666 3049 854 3126; x_wconf 87' lang='lat' dir='ltr'><strong>afficerent</strong></span> <span class='ocrx_word' id='word_1_198' title='bbox 888 3070 926 3128; x_wconf 86' lang='lat' dir='ltr'><strong>et</strong></span> <span class='ocrx_word' id='word_1_199' title='bbox 957 3055 1159 3156; x_wconf 88' lang='lat' dir='ltr'><strong>lapidarent</strong></span> 
     </span>
     <span class='ocr_line' id='line_1_29' title="bbox 120 3157 1158 3258; baseline 0.013 -32"><span class='ocrx_word' id='word_1_200' title='bbox 120 3189 143 3224; x_wconf 75' lang='lat' dir='ltr'><strong>n</strong></span> <span class='ocrx_word' id='word_1_201' title='bbox 156 3183 231 3248; x_wconf 90' lang='lat' dir='ltr'><strong>eos,</strong></span> <span class='ocrx_word' id='word_1_202' title='bbox 245 3157 468 3257; x_wconf 81' lang='lat' dir='ltr'><strong>aufugenmt</strong></span> <span class='ocrx_word' id='word_1_203' title='bbox 482 3157 528 3230; x_wconf 89' lang='lat' dir='ltr'><strong>ad</strong></span> <span class='ocrx_word' id='word_1_204' title='bbox 544 3161 708 3232; x_wconf 72' lang='lat' dir='ltr'><strong>deitates</strong></span> <span class='ocrx_word' id='word_1_205' title='bbox 719 3163 925 3258; x_wconf 76' lang='lat' dir='ltr'><strong>Lycaonim;</strong></span> <span class='ocrx_word' id='word_1_206' title='bbox 939 3179 977 3236; x_wconf 89' lang='lat' dir='ltr'><strong>et</strong></span> <span class='ocrx_word' id='word_1_207' title='bbox 991 3165 1043 3237; x_wconf 92' lang='lat' dir='ltr'><strong>ibi</strong></span> <span class='ocrx_word' id='word_1_208' title='bbox 1057 3191 1158 3240; x_wconf 88' lang='lat' dir='ltr'><strong>evan·</strong></span> 
     </span>
     <span class='ocr_line' id='line_1_30' title="bbox 124 3263 774 3366; baseline 0.012 -34"><span class='ocrx_word' id='word_1_209' title='bbox 124 3299 142 3332; x_wconf 66' lang='lat' dir='ltr'><strong>s</strong></span> <span class='ocrx_word' id='word_1_210' title='bbox 153 3267 345 3366; x_wconf 79' lang='lat' dir='ltr'><strong>gelizantes</strong></span> <span class='ocrx_word' id='word_1_211' title='bbox 357 3283 472 3340; x_wconf 90' lang='lat' dir='ltr'><strong>erant.</strong></span> <span class='ocrx_word' id='word_1_212' title='bbox 489 3297 506 3334; x_wconf 74' lang='grc' dir='ltr'><strong>ι</strong></span> <span class='ocrx_word' id='word_1_213' title='bbox 521 3263 615 3364; x_wconf 81' lang='lat' dir='ltr'><strong>(xrr,</strong></span> <span class='ocrx_word' id='word_1_214' title='bbox 635 3267 774 3366; x_wconf 79' lang='lat' dir='ltr'><strong>teto).</strong></span> 
     </span>
    </p>

    <p class='ocr_par' dir='ltr' id='par_1_3' title="bbox 123 3373 1156 3796">
     <span class='ocr_line' id='line_1_31' title="bbox 171 3373 1156 3477; baseline 0.006 -29"><span class='ocrx_word' id='word_1_215' title='bbox 171 3373 390 3476; x_wconf 78' lang='lat' dir='ltr'><strong>stupefacti,</strong></span> <span class='ocrx_word' id='word_1_216' title='bbox 403 3375 491 3446; x_wconf 81' lang='lat' dir='ltr'><strong>visis</strong></span> <span class='ocrx_word' id='word_1_217' title='bbox 502 3373 702 3463; x_wconf 87' lang='lat' dir='ltr'><strong>miraculis,</strong></span> <span class='ocrx_word' id='word_1_218' title='bbox 719 3378 869 3474; x_wconf 87' lang='lat' dir='ltr'><strong>pagani,</strong></span> <span class='ocrx_word' id='word_1_219' title='bbox 884 3375 967 3449; x_wconf 91' lang='lat' dir='ltr'><strong>illos</strong></span> <span class='ocrx_word' id='word_1_220' title='bbox 986 3387 1156 3477; x_wconf 88' lang='lat' dir='ltr'><strong>tanquam</strong></span> 
     </span>
     <span class='ocr_line' id='line_1_32' title="bbox 123 3479 1155 3580; baseline 0.008 -26"><span class='ocrx_word' id='word_1_221' title='bbox 123 3485 219 3554; x_wconf 86' lang='lat' dir='ltr'><strong>Deos</strong></span> <span class='ocrx_word' id='word_1_222' title='bbox 236 3484 499 3580; x_wconf 79' lang='lat' dir='ltr'><strong>suspicientes,</strong></span> <span class='ocrx_word' id='word_1_223' title='bbox 512 3509 530 3545; x_wconf 75' lang='grc' dir='ltr'><strong>α</strong></span> <span class='ocrx_word' id='word_1_224' title='bbox 541 3479 715 3552; x_wconf 82' lang='lat' dir='ltr'><strong>volebant</strong></span> <span class='ocrx_word' id='word_1_225' title='bbox 729 3479 942 3572; x_wconf 81' lang='lat' dir='ltr'><strong>sacrificare,</strong></span> <span class='ocrx_word' id='word_1_226' title='bbox 964 3483 1155 3562; x_wconf 73' lang='lat' dir='ltr'><strong>vocabant·</strong></span> 
     </span>
     <span class='ocr_line' id='line_1_33' title="bbox 124 3587 1154 3691; baseline 0.008 -37"><span class='ocrx_word' id='word_1_227' title='bbox 124 3615 227 3691; x_wconf 74' lang='lat' dir='ltr'><strong>»que</strong></span> <span class='ocrx_word' id='word_1_228' title='bbox 246 3590 403 3663; x_wconf 88' lang='lat' dir='ltr'><strong>Paulum</strong></span> <span class='ocrx_word' id='word_1_229' title='bbox 425 3590 665 3673; x_wconf 85' lang='lat' dir='ltr'><strong>Mercurium,</strong></span> <span class='ocrx_word' id='word_1_230' title='bbox 684 3587 879 3662; x_wconf 76' lang='lat' dir='ltr'><strong>barnabam</strong></span> <span class='ocrx_word' id='word_1_231' title='bbox 899 3611 983 3663; x_wconf 88' lang='lat' dir='ltr'><strong>vero</strong></span> <span class='ocrx_word' id='word_1_232' title='bbox 1001 3595 1154 3666; x_wconf 78' lang='lat' dir='ltr'><strong>lovem»</strong></span> 
     </span>
     <span class='ocr_line' id='line_1_34' title="bbox 124 3692 1155 3796; baseline 0.007 -30"><span class='ocrx_word' id='word_1_233' title='bbox 124 3713 276 3796; x_wconf 89' lang='lat' dir='ltr'><strong>propter</strong></span> <span class='ocrx_word' id='word_1_234' title='bbox 290 3693 556 3783; x_wconf 80' lang='lat' dir='ltr'><strong>venerabilem,</strong></span> <span class='ocrx_word' id='word_1_235' title='bbox 574 3709 617 3766; x_wconf 92' lang='lat' dir='ltr'><strong>ut</strong></span> <span class='ocrx_word' id='word_1_236' title='bbox 635 3692 887 3790; x_wconf 84' lang='lat' dir='ltr'><strong>Chrysostomo</strong></span> <span class='ocrx_word' id='word_1_237' title='bbox 905 3699 1058 3789; x_wconf 83' lang='lat' dir='ltr'><strong>videtur,</strong></span> <span class='ocrx_word' id='word_1_238' title='bbox 1073 3704 1155 3773; x_wconf 86' lang='lat' dir='ltr'><strong>vul·</strong></span> 
     </span>
    </p>
   </div>
   <div class='ocr_carea' id='block_1_2' title="bbox 126 3803 1156 3974">
    <p class='ocr_par' dir='ltr' id='par_1_4' title="bbox 126 3803 1156 3974">
     <span class='ocr_line' id='line_1_35' title="bbox 126 3803 1156 3903; baseline 0.002 -27"><span class='ocrx_word' id='word_1_239' title='bbox 126 3819 185 3876; x_wconf 82' lang='lat' dir='ltr'><strong>tus</strong></span> <span class='ocrx_word' id='word_1_240' title='bbox 194 3819 232 3878; x_wconf 90' lang='lat' dir='ltr'><strong>et</strong></span> <span class='ocrx_word' id='word_1_241' title='bbox 242 3809 406 3903; x_wconf 90' lang='lat' dir='ltr'><strong>corporis</strong></span> <span class='ocrx_word' id='word_1_242' title='bbox 418 3819 616 3903; x_wconf 88' lang='lat' dir='ltr'><strong>aspectum.</strong></span> <span class='ocrx_word' id='word_1_243' title='bbox 630 3832 648 3868; x_wconf 76' lang='grc' dir='ltr'>α</span> <span class='ocrx_word' id='word_1_244' title='bbox 658 3803 833 3879; x_wconf 82' lang='lat' dir='ltr'><strong>Barnabas</strong></span> <span class='ocrx_word' id='word_1_245' title='bbox 845 3821 965 3878; x_wconf 84' lang='lat' dir='ltr'><strong>autem</strong></span> <span class='ocrx_word' id='word_1_246' title='bbox 976 3821 1012 3878; x_wconf 87' lang='lat' dir='ltr'><strong>et</strong></span> <span class='ocrx_word' id='word_1_247' title='bbox 1023 3810 1156 3880; x_wconf 86' lang='lat' dir='ltr'><strong>Paulus</strong></span> 
     </span>
     <span class='ocr_line' id='line_1_36' title="bbox 947 3933 972 3974; baseline -0.08 0"><span class='ocrx_word' id='word_1_248' title='bbox 947 3933 957 3974; x_wconf 93' lang='lat' dir='ltr'><strong>l</strong></span> <span class='ocrx_word' id='word_1_249' title='bbox 965 3955 972 3972; x_wconf 82' lang='lat'><strong>·</strong></span> 
     </span>
    </p>
   </div>
   <div class='ocr_carea' id='block_1_3' title="bbox 0 0 1408 4688">
    <p class='ocr_par' dir='ltr' id='par_1_5' title="bbox 0 0 1408 4688">
     <span class='ocr_line' id='line_1_37' title="bbox 0 0 1408 4688; baseline 0 0"><span class='ocrx_word' id='word_1_250' title='bbox 0 0 1408 4688; x_wconf 95' lang='lat' dir='ltr'><strong> </strong></span> 
     </span>
    </p>
   </div>
  </div>
 </body>
</html>
