2772 4620
467 233 620 276 aroroorn
643 233 747 276 rurus.
1059 209 1119 274 stt

52 333 130 399 sic
151 335 248 401 etiam
263 333 363 411 illam,
379 336 413 401 in
429 360 491 424 qua
506 361 565 426 per
583 359 712 425 precem
726 337 825 425 ipsius
843 335 940 400 verba
955 327 1121 400 continen-

54 451 150 506 tem
165 443 272 531 gratiae
290 456 369 510 actae
386 456 473 520 sunt,
486 443 682 519 alimoniam,
694 465 734 509 ex
750 465 812 530 quo
827 442 953 532 sanguis
965 451 999 506 et
1013 463 1122 508 cernes

54 563 203 618 nostre
215 577 273 642 per
284 539 497 620 mutationem
508 552 651 629 aluntur,
665 553 817 618 incarnati
828 549 910 618 illius
920 551 999 617 Jesu
1014 561 1047 616 et
1057 569 1124 616 oar·

55 683 161 726 nem
173 674 206 726 et
218 663 407 751 sanguinem
417 685 485 728 esse
497 661 602 728 edocti
614 676 732 726 sumus.
747 659 828 726 Nam
839 657 982 747 Apostoli
993 658 1027 722 in
1039 681 1123 724 oom-

60 771 254 836 mentariis
275 771 352 846 suis,
375 795 445 859 quae
460 782 612 836 vocantur
624 766 803 858 Evangelia,
820 769 863 833 ita
878 767 937 834 sibi
953 768 1122 833 mandasse

62 877 96 940 J
99 899 203 944 esum
214 877 413 944 tradiderunt
425 901 433 942 ε
448 901 521 943 enm
535 877 654 943 scilicet
664 886 798 967 accepto
808 899 902 965 pane,
916 899 992 943 oum
1003 876 1120 966 gratias

62 986 214 1075 egisset,
233 987 346 1054 dixisse
360 1011 394 1054 :s
404 989 475 1056 lloo
484 987 577 1055 facite
587 989 620 1052 in
631 1010 738 1054 meam
753 985 1117 1062 commemorationem¹,

60 1121 82 1153 ι
107 1095 181 1160 Ηοο
197 1107 377 1186 est'oorpus
392 1120 501 1163 meum
507 1121 517 1170 t
536 1125 549 1158 ι
565 1109 597 1162 et
611 1095 730 1186 poculo
746 1095 888 1162 similiter
902 1105 1046 1184 accepto,
1061 1119 1119 1163 ac-

66 1203 188 1292 tisque
200 1205 306 1292 gratiis
322 1205 435 1270 dixisse
450 1229 459 1269 :
476 1205 544 1270 Hic
553 1223 598 1271 est
609 1204 881 1294 sanguiameus²,
896 1204 1032 1292 ipsisque
1043 1204 1117 1270 solis

67 1311 258 1378 tradidisse.
271 1299 375 1402 htqire
386 1314 419 1378 id
430 1314 559 1403 quidem
571 1327 604 1379 et
616 1315 648 1380 in
660 1313 784 1379 blithrae
796 1313 955 1401 mysteriis
967 1325 1003 1376 ut
1013 1313 1115 1388 lieret,

65 1421 170 1510 pravi
186 1421 344 1488 daemones
359 1423 472 1516 imitati
488 1423 678 1489 docuerunt.
694 1423 901 1510 Nampanem
916 1433 951 1486 et
965 1419 1118 1510 poculum

69 1553 172 1618 aquae
188 1530 221 1596 in
234 1532 306 1620 ejus
323 1533 535 1620 qui‘initiatur
547 1533 720 1620 mysteriis,
739 1531 932 1621 quibusdem
947 1530 1052 1596 verbis
1065 1529 1120 1595 ad·

69 1638 155 1704 ditis
171 1640 302 1727 apponi,
318 1651 374 1704 aut
389 1640 489 1715 scitis,
504 1653 559 1706 aut
570 1641 693 1706 discere
707 1641 847 1728 potestis.

123 1746 256 1814 LXVll.
270 1746 380 1814 Exillo
392 1760 536 1837 tempore
542 1748 614 1815 brec
624 1755 749 1838 semper
759 1749 850 1814 nobis
861 1749 997 1815 invicem
1008 1750 1041 1814 in
1053 1771 1116 1814 me

73 1857 222 1921 moriam
235 1879 421 1922 revocemus
428 1881 438 1930 ;
452 1869 486 1922 et
500 1859 553 1946 qui
564 1857 733 1933 habemus,
745 1856 957 1946 indigentibus
969 1858 1116 1922 omnibus

76 1965 307 2041 subvenimus,
320 1978 352 2031 et
363 1989 488 2056 semper
498 1989 560 2032 una
575 1991 693 2035 sumus.
709 1967 812 2055 Atque
822 1967 855 2033 in
867 1968 1014 2034 omnibus
1025 1965 1116 2032 obla-

74 2075 227 2140 tionibus
239 2072 406 2142 laudamus
421 2076 604 2144 Creatorem
620 2078 762 2144 omnium
775 2101 834 2167 per
848 2077 965 2142 Filium
975 2078 1045 2166 ejus
1056 2076 1113 2142 Je-

72 2208 154 2250 sum
162 2185 325 2251 Christum
336 2197 369 2252 et
378 2209 437 2275 per
447 2185 599 2274 Spiritum
609 2199 764 2253 sanctum.
778 2185 825 2252 Ao
836 2184 921 2262 solis,
932 2197 969 2250 'ut
978 2186 1108 2259 dicitsn,

74 2293 131 2359 die
151 2295 294 2361 omnium
309 2295 487 2380 sireurbes
502 2297 567 2362 sire
581 2318 672 2385 agros
688 2294 894 2362 incolentium
909 2297 941 2360 in
956 2293 1108 2361 eumdem

78 2401 190 2468 locum
210 2403 246 2468 lit
267 2416 452 2481 conventus,
477 2417 510 2470 et
536 2406 762 2472 commentaria
791 2403 1028 2493 Apostolorum,
1052 2413 1110 2468 aut

81 2508 200 2597 scripte
222 2511 449 2600 Prophetarum
470 2511 629 2603 leguntur,
644 2500 758 2603 ¹quoad
782 2509 857 2578 licet
882 2535 940 2600 per
967 2523 1105 2599 tempus.

75 2619 201 2685 Deinde
213 2620 267 2686 ubi
281 2619 382 2688 lector
396 2621 502 2697 desiit,
514 2622 541 2688 is
552 2623 605 2710 qui
616 2634 732 2711 praeest
742 2620 992 2686 admonitionem
1003 2619 1110 2684 verbis

73 2740 108 2792 et
123 2728 374 2796 adhortationem
389 2730 496 2797 adres
510 2743 575 2798 tam
595 2729 763 2820 preclaras
776 2729 946 2794 imitandas
963 2727 1105 2815 suscipit.

72 2831 187 2900 Postea
208 2858 319 2902 omnes
341 2835 435 2902 simul
462 2838 695 2926 consurgimus,
718 2847 750 2901 et
773 2857 885 2923 preces
909 2834 1107 2903 emittimus:

73 2953 186 3030 etque,
201 2956 238 3008 ut
251 2945 318 3032 jam
333 2944 482 3020 diximus,
494 2946 550 3010 ubi
565 2945 715 3011 desiimus
725 2944 863 3032 precari,
878 2943 968 3034 panis
979 2941 1110 3016 affertur

74 3063 113 3116 et
127 3054 236 3117 vinum
251 3065 284 3116 et
297 3075 398 3141 aqua:
420 3066 454 3118 et
470 3054 525 3144 qui
541 3066 667 3143 preest,
686 3067 845 3142 preesset
863 3055 1035 3145 gratiarum
1052 3075 1110 3119 ao-

76 3163 184 3227 tioncs
202 3161 277 3226 totis
297 3163 413 3227 viribus
433 3164 561 3240 emittit,
582 3177 615 3230 et
634 3163 770 3256 populus
791 3161 958 3238 acclamat,
980 3164 1104 3235 Amen,

73 3283 260 3345 eteorum,
284 3270 316 3336 in
342 3271 582 3364 quibusrgrotiae
607 3284 685 3340 actae
707 3286 792 3348 sunt,
816 3272 996 3340 distributio
1020 3270 1113 3354 litet

75 3380 329 3450 communicatio
357 3379 528 3471 unicuique
553 3384 767 3470 praesentium,
793 3393 825 3448 et
847 3381 1032 3447 absentibus
1052 3402 1111 3468 per

76 3493 229 3559 diaconos
251 3491 402 3557 mittitur.
423 3489 487 3570 Qui
508 3491 671 3558 abundant
691 3503 723 3557 et
743 3490 865 3568 uolunt,
887 3514 945 3557 suo
965 3490 1105 3566 arbitrio,

78 3601 164 3690 quod
187 3601 321 3690 quisque
348 3598 429 3676 vult,
457 3599 648 3690 largiuntur,
675 3613 708 3665 ct
731 3601 817 3690 quod
842 3597 997 3690 colligitur
1020 3603 1104 3691 apud

78 3733 150 3776 eum
177 3711 229 3798 qui
253 3723 369 3799 preest
395 3709 578 3800 deponitur,
608 3731 646 3774 ao
670 3709 736 3799 ipsc
756 3711 900 3776 subvenit
920 3709 1043 3801 pupillis
1069 3691 1102 3782 e't

108 3837 190 3888 ¹buc.
204 3855 264 3896 ult,
279 3853 316 3905 19.
327 3837 378 3878 -·²
391 3837 481 3891 nauh.
493 3855 563 3898 nrt,
576 3839 615 3887 28.
