2640 4622
271 197 334 284 576
566 223 678 268 sanum
699 221 817 268 rossam
840 223 996 267 ursanus

268 329 500 394 demonstrabo.
530 328 594 394 Sed
619 330 692 416 quia
715 328 912 396 festinatione
931 353 1065 419 urgeor,
1098 341 1141 392 ut
1167 330 1207 392 iis
1228 331 1291 416 prin

269 435 475 526 respondeam
495 459 565 524 qum
585 459 643 526 per
663 435 833 506 ridiculum
849 461 866 502 a
891 449 923 503 te
941 437 1030 504 dieta
1049 448 1150 511 sunt,
1173 437 1223 501 his
1241 440 1290 524 qn'L

271 549 344 616 dem
359 549 569 638 respondebo,
585 567 623 613 ao
639 558 745 636 postea
763 546 804 610 ad
823 567 859 610 ea
882 569 951 634 quae
967 556 1157 645 sqpersnnt
1172 544 1288 610 demon

271 657 381 722 tranda
397 655 590 744 progr-odiar.¹

314 765 429 830 LXIX.
448 765 549 830 Probe
561 764 655 852 igitur
666 765 758 838 scias,
770 763 899 852 Trypho
915 765 979 850 (sio
990 765 1086 830 enim
1100 766 1285 852 pergehsn'.

269 889 340 958 que
359 873 500 960 eorrupit
518 884 550 936 et
568 869 753 936 adulteravit
772 873 798 936 is
817 872 871 958 qui
883 872 1000 936 dicitnr
1018 871 1204 946 Diabolus,
1222 887 1284 958 atqu

270 991 305 1042 ot
326 981 411 1068 apud
432 981 558 1046 Graeeos
584 993 787 1046 narrarentur
803 981 949 1068 perfecit,
972 981 1286 1070 quemadmoduma

270 1107 327 1174 pes
342 1110 448 1176 magos
464 1090 496 1154 in
510 1087 659 1176 AEgypto,
675 1099 707 1152 et
719 1111 775 1176 per
785 1087 890 1162 salsos,
902 1087 977 1154 Eliae
989 1101 1168 1178 tempore,
1185 1089 1285 1178 prophe

271 1206 317 1258 tas
332 1207 477 1282 operatus
496 1208 556 1270 est,
576 1195 625 1258 his
641 1215 745 1260 meam
763 1195 795 1260 in
815 1194 986 1284 Scripturis
1006 1197 1254 1286 intelligentiam
1267 1220 1283 1260 e:

270 1301 367 1366 fidem
378 1303 569 1368 confirmari.
586 1303 664 1368 Nom
676 1325 750 1368 eum
762 1303 923 1368 Bacchum
934 1325 973 1368 ex
984 1304 1080 1370 donis
1094 1327 1182 1370 cum
1193 1307 1282 1371 semo

271 1411 498 1476 consuetudine
523 1412 664 1498 genitum
690 1412 811 1488 dieunt,
838 1433 974 1498 eumque
1001 1413 1218 1480 inventorem
1240 1417 1284 1478 titi»

270 1519 377 1594 fuisse,
386 1531 419 1583 et
428 1518 622 1606 discerptum
633 1539 671 1582 ao
683 1531 843 1582 mortuum
854 1519 1080 1595 resurrexisse,
1094 1543 1141 1586 ac
1154 1521 1284 1586 incudm

270 1627 446 1692 ascendisse
461 1626 641 1714 perhibent,
654 1637 686 1690 et
702 1626 809 1691 vinum
824 1626 855 1690 in
871 1627 940 1712 ejus
953 1629 1115 1712 mysteria
1135 1629 1282 1693 indncmt:

269 1757 376 1806 noune
389 1735 576 1823 praedictum
588 1733 666 1798 iliud
676 1733 788 1800 Jacobi
804 1735 981 1810 oraculum,
997 1736 1092 1824 qnod
1107 1735 1218 1802 Moses
1231 1737 1285 1800 littr-

271 1844 313 1908 ris
324 1841 661 1918 mandavit,adiabolo
671 1844 844 1908 imitatione
852 1867 1032 1931 expressum
1042 1844 1283 1933 intelligoFCm

270 1961 376 2016 nutem
400 1949 569 2016 Herculem
589 1950 702 2014 sortem
723 1950 816 2014 suisse
835 1963 867 2014 et
887 1963 991 2014 totum
1009 1953 1133 2016 orbem
1155 1963 1285 2016 terrarum

272 2081 453 2148 peragrasse
468 2059 591 2134 dieunt,
608 2059 818 2146 eumdemque
833 2058 903 2122 Jovi
919 2081 958 2122 ex
973 2057 1137 2124 Alcmene
1153 2061 1285 2146 genitum,

270 2180 306 2232 et
326 2180 398 2254 post
418 2161 553 2231 mortem
575 2167 607 2230 in
628 2163 745 2230 eoelum
760 2166 962 2238 ascendisses
978 2189 1090 2232 nonne
1105 2166 1285 2255 Scriptoran

270 2274 357 2339 illam
373 2296 441 2360 qun
461 2273 501 2338 de
518 2273 644 2338 Christo
657 2274 745 2348 dicit,
762 2274 887 2338 «Fortis
903 2285 937 2336 ut
952 2275 1038 2362 giges
1051 2276 1286 2340 sucurrendum

272 2411 285 2447 ι
299 2382 380 2451 viam
395 2401 484 2444 snam
494 2379 518 2455 ¹,
531 2409 544 2442 ι
559 2379 702 2446 similiter
716 2403 789 2444 eum
801 2381 955 2444 imitatum
967 2379 1134 2468 intelligo?
1147 2381 1224 2444 Gom
1236 2403 1287 2442 ao-

271 2503 338 2556 tem
350 2487 565 2578 AEaeulupium
580 2500 721 2552 mortuos
736 2488 926 2552 oscitantem
944 2499 977 2551 et
997 2487 1077 2551 alios
1097 2490 1226 2552 morbos
1240 2511 1286 2551 tn·

271 2610 393 2663 rantom
413 2597 551 2667 inducit3
576 2617 682 2660 noune
702 2595 785 2660 edita
808 2596 847 2658 de
868 2596 993 2660 Christo
1013 2597 1169 2662 vaticinia
1189 2597 1222 2659 in
1239 2595 1285 2658 hor

270 2727 396 2796 qnoque
413 2703 555 2770 similiter
569 2704 726 2768 imitatum
742 2703 895 2769 dixerim?
910 2703 973 2767 Sed
987 2703 1201 2790 quianullum
1217 2703 1287 2768 sobi

270 2814 426 2901 ejusmodi
446 2813 642 2900 Scriptorum
660 2812 763 2886 nundi,
784 2835 853 2898 quae
872 2811 1033 2876 Christum
1052 2812 1124 2876 hmo
1144 2811 1288 2877 saetarum

271 2925 515 2996 demonstrarem
531 2923 708 2988 necessario
720 2920 855 3007 aliquam
869 2943 964 2986 unem
976 2925 1256 2994 commemorabo,
1264 2943 1290 2981 en

271 3053 337 3117 qus·
348 3027 521 3116 intelligere
538 3030 693 3115 poteritis,
715 3027 874 3114 quomodo
888 3027 982 3090 eliam
1001 3027 1193 3092 hominihus
1211 3030 1292 3092 instar

269 3139 397 3214 deserti,
413 3137 621 3225 quantumnd
641 3137 699 3201 Dei
715 3135 928 3222 cognitionem
944 3134 1068 3208 attinet,
1090 3157 1164 3199 sese
1184 3135 1295 3199 haben·

269 3249 358 3314 tibus
372 3243 649 3334 (gentes-intelligo
658 3247 685 3332 ),
702 3241 877 3330 quioculos
893 3242 1046 3306 habentes
1056 3265 1122 3306 nou
1134 3244 1295 3308 videbant.

269 3366 302 3418 et
317 3375 373 3419 oor
387 3352 539 3418 habentos
551 3372 614 3416 non
626 3346 859 3434 intelligebant,
872 3345 1038 3410 simulacra
1054 3369 1093 3410 ex
1109 3351 1252 3412 mater-in
1268 3351 1297 3410 ss

269 3464 410 3530 medanta
426 3462 612 3532 adorantess
630 3457 801 3546 quomodo,
820 3459 959 3544 inquam,
972 3455 1021 3520 his
1035 3454 1208 3545 Scriptura
1228 3483 1299 3546 pra-

271 3573 395 3638 nuntiot
415 3569 483 3634 soro
503 3581 538 3632 ut
553 3565 731 3633 simulacris
743 3565 890 3630 nuntium
908 3564 1087 3638 remittant,
1108 3577 1141 3640 et
1163 3567 1199 3631 in
1224 3567 1317 3656 bonet

272 3679 433 3746 Christum
448 3689 584 3765 sperent.
604 3677 658 3744 sie
668 3685 775 3742 autom
786 3695 931 3762 expressa
946 3685 1014 3740 est:
1031 3673 1187 3742 aLaetare
1204 3671 1317 3741 deser-i

303 3809 312 3843 ¹
325 3808 388 3858 Psal.
403 3823 473 3866 atur,
484 3809 507 3856 6.
