2772 4620
298 259 446 304 historus
471 259 532 302 cuu
555 257 718 300 rurruosu
739 257 854 299 sunno.
1026 235 1086 320 ²9⁵

28 365 198 452 scripta,
211 387 280 450 quae
291 365 316 428 si
328 365 398 450 quis
409 363 492 450 legat
503 359 675 448 plurimum
684 361 758 426 inde
769 372 802 425 et
813 359 854 424 ad
865 349 1091 448 principiorum

33 482 81 534 ot
106 471 157 536 ad
176 471 249 536 suris
269 471 357 534 etad
374 491 487 534 eorum
504 490 573 554 quae
595 465 799 554 philosophus
814 465 894 532 seire
913 465 1022 548 dehet,
1039 489 1094 532 eo-

35 577 243 662 gnitionem
261 576 392 664 adipisci
406 575 536 662 poterit,
553 573 649 640 iidem
664 572 723 638 illis
737 573 865 638 hahens.
885 570 994 659 Neque
1010 574 1094 638 elsim

36 694 141 748 tune
167 681 489 748 demonstrationibus
511 681 544 746 in
567 679 747 744 disserendo
771 680 955 751 umbratam
978 680 1094 766 quippo
1135 729 1136 734 ,

39 814 142 856 cum
158 814 258 878 supra
273 789 572 856 demonstrationem
586 809 713 854 omnem
729 786 900 874 gravissimi
914 791 1009 852 testes
1023 785 1096 850 lue-e

43 900 127 962 rint
145 897 289 964 veritatis
304 920 312 960 ι
326 896 381 960 se'd
394 919 462 984 quae
476 905 647 960 evenerunt
661 895 869 968 etereniuut,
885 895 1026 959 assentiri
1042 917 1094 959 eo·

47 1016 147 1093 gunt
171 1026 282 1068 eorum
308 1003 466 1068 vaticiniis.
494 1003 693 1088 Quamquam
714 999 765 1066 vel
788 1002 828 1066 oh
842 1000 999 1068 'miracula
1023 1023 1092 1087 qum

50 1113 253 1186 ediderunt,
276 1111 362 1198 digni
379 1112 467 1178 suero
482 1111 595 1197 quibus
613 1110 797 1175 crederetur
803 1115 821 1182 ς’
836 1109 990 1196 siquidem
1003 1112 1098 1173 crea-ss

51 1233 174 1284 torem
194 1219 409 1290 universorum
424 1218 528 1282 Deum
543 1228 574 1282 et
590 1229 713 1303 patrem
734 1214 950 1288 celebrabant,
970 1225 1003 1278 et
1018 1215 1094 1280 mis-¹

55 1349 141 1392 sum
152 1328 195 1398 ‚ab
206 1349 244 1390 eo
256 1325 429 1399 Christum,
442 1324 496 1412 qui
510 1321 607 1388 Filius
621 1323 690 1408 ejus
700 1334 761 1397 est,
774 1321 957 1388 hominibus
968 1320 1094 1386 nuntia-

55 1435 158 1504 bant;
187 1432 271 1519 quod
290 1432 421 1518 quidem
441 1429 508 1495 salai
531 1429 713 1518 prophete,
741 1429 885 1497 mendaci
911 1440 944 1494 et
970 1428 1095 1515 impuro

57 1541 181 1627 spiritu
192 1539 314 1627 repleti,
330 1561 390 1604 neo
404 1537 520 1612 seeere,
537 1559 597 1602 nee
612 1535 744 1609 luriunt,
761 1537 817 1600 sed
830 1535 976 1623 quedam
988 1533 1095 1622 prodi·

59 1647 229 1734 giuedere
243 1645 360 1712 audent
374 1643 416 1708 ad
430 1635 646 1730 percellendos
667 1642 824 1715 homines,
844 1664 883 1707 ae
898 1642 1025 1728 spiritus
1044 1663 1096 1706 er-

62 1753 150 1818 roris
171 1765 206 1818 et
228 1752 381 1818 daemouia
402 1750 574 1815 celebrant.
596 1749 645 1812 Tu
665 1772 739 1813 vero
757 1761 830 1813 ante
844 1749 949 1814 omnia
967 1771 1096 1836 preeare

64 1859 153 1924 lueis
168 1871 274 1944 portas
288 1835 491 1943 tihi‘aperiri3
508 1857 706 1940 nequeenim
722 1855 790 1920 haee
805 1856 969 1943 quisquam
980 1855 1096 1943 perspi·

68 1986 148 2028 cere
163 1975 197 2028 et
211 1961 382 2048 intelligere
396 1961 506 2049 possit,
518 1961 577 2026 nisi
588 1961 639 2025 eui
651 1960 736 2025 Deus
747 1959 918 2046 intelligere
933 1962 1054 2028 dederit
1065 1974 1096 2026 et

71 2070 222 2136 Christus
237 2073 315 2157 ejust
586 2127 590 2134 .
1090 2116 1094 2126 .

119 2175 204 2242 Vlll.
228 2178 303 2242 lime
322 2177 374 2242 ille
395 2191 428 2242 et
446 2175 544 2242 multa
565 2175 623 2242 alia
641 2200 716 2244 eum
733 2179 871 2266 dixisset,
893 2201 962 2264 quae
978 2178 1093 2244 referre

71 2307 139 2350 non
153 2295 202 2348 est
219 2284 315 2371 hujus
335 2285 497 2371 temporis,
519 2284 627 2348 abiens
648 2286 798 2370 praeeepit
813 2295 847 2347 ut
862 2289 898 2348 e'e
913 2285 1093 2350 meditando

73 2415 296 2480 persequererr
314 2416 416 2480 neque
430 2414 504 2456 eum
521 2389 653 2479 emplius
668 2393 741 2456 vidi.
758 2392 834 2456 Mihi
851 2415 925 2456 vero
939 2393 1044 2458 statim
1060 2395 1093 2456 in

77 2501 183 2571 animo
197 2500 278 2588 ignis
291 2521 440 2566 aecensus
451 2511 510 2573 est,
523 2520 635 2583 meque
645 2521 734 2563 amor
745 2499 856 2564 invasit
866 2498 1095 2586 Prophetarum

74 2617 109 2672 et
131 2606 297 2673 homiuum
316 2605 440 2674 illorum
466 2607 519 2694 qui
547 2606 662 2672 Christi
681 2618 754 2674 sunt
771 2607 875 2672 amici.
897 2607 1041 2692 Cumque
1057 2605 1096 2668 il-

78 2712 136 2777 lius
151 2725 311 2776 sermones
332 2714 414 2801 apud
435 2713 576 2778 animum
594 2733 816 2799 proponerem,
831 2712 915 2777 hane
932 2712 1031 2776 solam
1046 2735 1098 2776 re-

79 2821 235 2906 periebam
256 2819 588 2907 philosophiamque
609 2819 824 2906 quidem'tuta
844 2829 877 2883 et
897 2818 983 2882 utilis
1004 2818 1093 2884 iuret.

81 2925 130 2992 Ad
142 2926 228 2992 hune
242 2947 302 3012 eqo
317 2925 447 2992 modum
458 2937 553 3012 atque
566 2924 627 2990 hae
640 2925 681 2990 de
695 2947 788 2989 eausa
800 2923 1014 3011 philosophus.
1030 2923 1099 2990 Vel-

84 3033 146 3096 lem
158 3031 305 3117 equidem
320 3043 356 3096 ut
368 3053 478 3098 omnes
491 3033 647 3098 rationem
664 3054 743 3096 meae
765 3030 899 3097 similem
914 3033 1057 3100 ineuntes
1080 3059 1097 3098 a

87 3136 251 3208 salvatoris
266 3138 405 3204 doctrina
419 3161 484 3206 non
498 3140 688 3204 aberrarent.
702 3139 805 3204 llirhet
815 3139 899 3204 enim
915 3139 947 3204 in
962 3163 995 3204 se
1010 3143 1098 3206 terri·

88 3241 181 3306 bilem
196 3241 364 3328 quamdam
377 3243 583 3329 majestatem,
598 3255 630 3308 et
649 3243 690 3308 ad
708 3267 761 3308 eos
779 3245 1007 3332 permovendos
1028 3248 1099 3310 ido-

89 3371 144 3416 nee
165 3360 212 3422 est
232 3349 286 3435 qui
307 3347 346 3412 de
361 3359 445 3414 reeta
459 3349 508 3413 via
523 3348 715 3416 deflexerunt
734 3377 742 3416 r
763 3352 813 3418 his
833 3363 941 3418 autem
955 3353 1009 3439 qui
1031 3375 1101 3417 eum

91 3456 288 3531 meditantur,
309 3455 487 3522 suavissima
502 3468 549 3521 est
563 3457 695 3542 requies.
719 3458 753 3524 si
765 3477 836 3544 ¹qua
852 3481 926 3546 ergo
940 3460 987 3524 tui
1005 3460 1100 3547 ipsius

93 3585 160 3628 eura
173 3563 321 3650 tangeris,
339 3563 364 3630 si
384 3561 492 3628 salutis
506 3563 640 3649 cupidus
653 3586 699 3637 es,
719 3563 842 3630 remo
864 3565 1008 3638 oonhdist
1025 3565 1098 3632 lieet

94 3668 156 3741 tihi,
169 3679 274 3756 utpote
288 3670 329 3734 als
344 3669 410 3756 ipss
429 3691 464 3734 re
480 3689 545 3734 uon
561 3665 674 3742 alieno,
695 3669 749 3734 uhi
764 3669 923 3738 Christum
937 3677 1096 3760 agnoveris

94 3797 130 3840 eo
142 3776 285 3860 mysteriis
300 3776 562 3850 initiatuslueris,
577 3777 669 3844 beate
684 3777 795 3844 sisere.
