2684 4638
573 291 687 336 SANGTI
710 291 823 336 lllssllfll
847 291 908 338 Lus.
935 293 972 334 111

725 455 814 544 gu.
927 563 931 572 ¹

479 655 520 698 nt!
536 653 674 698 tutotuto
690 655 730 698 ET
747 651 867 696 Ofllllllll
882 652 1060 698 GDBATDDE·

303 809 516 900 Susceptum
547 799 773 873 demonstrat
803 815 1060 900 argumentum
1098 822 1148 870 ex
1192 803 1294 872 vetui

253 934 422 1006 novoque
440 913 680 982 Testamento.

298 1024 328 1090 1⁰
345 1018 501 1109 Quidem
516 1041 561 1090 ex
576 1021 688 1090 veteri
703 1028 726 1089 ¹.
761 1107 764 1112 ,

294 1166 405 1255 Neque
427 1165 524 1256 igitur
543 1166 713 1241 Dominus,
735 1187 839 1253 neque
862 1165 1000 1256 Spiritus
1019 1177 1175 1242 sanetus,
1199 1187 1290 1253 neque

248 1273 391 1366 Apostoli
412 1298 487 1341 eum
509 1277 649 1362 quinon
667 1287 750 1341 esset
778 1276 877 1351 Deus,
897 1273 1060 1343 definitive
1082 1286 1121 1339 et
1149 1274 1287 1340 absolute

248 1384 354 1451 Deum
368 1384 584 1450 nominassent
599 1381 783 1471 aliquando,
799 1367 859 1449 nisi
873 1396 956 1450 esset
970 1407 1046 1452 rere
1059 1383 1175 1458 Deus;
1195 1407 1286 1471 neque

247 1496 422 1590 Dominum
443 1491 651 1584 appellassent
674 1492 811 1581 aliquem
834 1517 874 1559 ex
896 1517 951 1560 sun
973 1517 1129 1583 persona,
1156 1495 1224 1562 nisi
1244 1497 1285 1582 qui

248 1605 430 1673 dominatur
439 1604 594 1679 omnium,
610 1603 716 1670 Deum
726 1603 866 1680 Patrem,
882 1616 914 1672 et
930 1604 1047 1670 Filium
1061 1607 1154 1693 ejus,
1171 1605 1284 1694 quido

247 1718 381 1786 minium
393 1713 515 1804 aceepit
526 1737 544 1781 u
554 1714 648 1780 Putre
663 1737 721 1781 suo
737 1715 841 1781 omnis
855 1715 1060 1792 conditionis,
1073 1717 1284 1804 quemadmo

247 1830 324 1896 dum
342 1827 440 1894 habet
458 1824 558 1892 illud:
582 1825 692 1893 «Dixit
710 1825 865 1894 Dominus
884 1828 1022 1893 Domino
1042 1849 1121 1892 meo
1139 1851 1150 1892 ε
1174 1825 1283 1892 Sedes

246 1938 391 2005 »dextris
409 1938 500 2012 meis,
521 1937 726 2025 quoadusque
740 1959 857 2026 ponam
873 1937 1018 2004 inimicos
1033 1948 1107 2038 tuos
1124 1938 1282 2027 suppeda-

245 2071 368 2119 »neum
384 2046 505 2138 pedum
519 2035 679 2112 tuoruml.
702 2047 856 2112 »Putrem
877 2047 964 2112 enim
982 2045 1064 2112 Filio
1085 2045 1280 2113 collocutum

245 2155 383 2224 ostendit
399 2179 408 2220 t
423 2155 476 2244 qni
492 2154 580 2220 dedit
593 2155 622 2221 ei
638 2154 856 2222 hereditatem
870 2155 1035 2231 Gentium,
1050 2167 1084 2220 et
1099 2156 1245 2244 subjeeit
1257 2157 1280 2218 ei

245 2289 355 2334 omnes
365 2264 520 2330 inimicos.
536 2262 618 2330 Vere
633 2265 730 2354 igitur
740 2286 816 2331 cum
829 2263 923 2330 Pater
934 2265 974 2330 sit
989 2263 1164 2341 Dominus,
1182 2278 1218 2330 et
1233 2265 1279 2329 li·
1329 2258 1330 2261 ¹

244 2375 303 2442 lius
318 2395 390 2439 rese
405 2374 444 2438 sit
459 2374 630 2449 Dominus,
649 2375 763 2440 morito
778 2373 915 2464 Spiritus
933 2387 1060 2442 sanetus
1076 2375 1213 2442 Domini
1229 2399 1278 2463 ap

243 2481 411 2574 pollutione
420 2481 554 2570 signavit
563 2503 629 2554 ens.
644 2483 685 2548 Et
693 2481 809 2550 iterum
819 2484 851 2548 in
863 2484 1027 2550 eversione
1038 2481 1277 2552 Sodomitarum

243 2594 406 2684 Scriptura
424 2593 489 2658 uit:
513 2594 578 2659 «Et
595 2591 676 2682 pluit
692 2595 847 2662 Dominus
862 2593 1152 2684 super'Sodomom
1167 2609 1202 2662 et
1217 2597 1275 2662 Go-

243 2703 432 2770 smorrhnm
450 2702 556 2790 ignem
573 2714 605 2766 et
624 2700 725 2769 sulfur
744 2726 762 2768 a
782 2703 919 2770 Domino
939 2703 978 2768 de
996 2702 1078 2770 eoelo
1089 2704 1113 2768 ⁸.
1129 2733 1144 2766 ι
1162 2703 1269 2772 Filium

243 2813 328 2881 enim
342 2809 397 2877 hio
411 2809 578 2900 siguificat,
595 2811 650 2899 qui
664 2824 698 2878 et
712 2811 849 2878 Abralun
871 2809 1048 2878 collocutus
1070 2813 1124 2890 sit,
1144 2836 1165 2878 s
1185 2812 1271 2878 Patre

241 2921 400 3008 accepisse
420 2932 610 3010 potestatem
632 2919 673 2986 ad
694 2920 906 3008 judicandum
927 2919 1122 2998 Sodomitas,
1146 2933 1272 3012 propter

242 3029 439 3118 iniquitatem
449 3049 570 3093 eorum.
586 3024 737 3094 Similiter
746 3028 844 3094 hahet
855 3027 951 3094 illud:
969 3027 1271 3104 «Sadestus,Dons,

239 3143 301 3207 »in
319 3151 489 3212 aeternum3
513 3139 596 3226 virga
615 3137 811 3231 directionis,
834 3131 1028 3228 virga'regni
1051 3139 1107 3204 tui.
1133 3137 1272 3205 Dilexisti

239 3250 430 3340 injustitiam,
446 3261 479 3313 et
497 3248 590 3314 odisti
605 3248 817 3334 iniquitatem,
838 3259 1006 3337 propterea
1024 3250 1113 3314 unxit
1127 3258 1160 3315 te
1175 3249 1271 3324 Deus,

238 3359 351 3424 »Deus
377 3369 450 3422 tuus
460 3353 508 3418 ⁴.»
530 3353 686 3441 Utrosque
713 3355 798 3421 enim
820 3355 880 3420 Dei
904 3355 1115 3445 appellatione
1140 3357 1271 3445 signarit
1331 3321 1332 3388 l

239 3467 387 3557 Spiritus,
407 3475 440 3529 et
458 3484 532 3528 eum
549 3463 603 3550 qui
622 3462 763 3553 ungitur,
790 3461 920 3540 Filium,
942 3477 975 3531 et
994 3487 1069 3532 eum
1090 3465 1145 3553 qui
1168 3467 1268 3554 ungit,
1331 3541 1332 3552 q

237 3576 344 3652 idest,
363 3572 498 3640 Patrem.
518 3572 558 3637 Et
571 3570 709 3637 iterum:
734 3571 844 3637 «Deus
859 3572 946 3638 stetit
960 3574 992 3638 in
1009 3595 1167 3662 synagoga
1183 3575 1266 3639 Deo·
1331 3590 1332 3646 l

237 3716 250 3750 a
264 3707 347 3761 rum,
361 3685 394 3750 in
405 3683 510 3750 medio
520 3691 627 3748 autem
638 3681 721 3748 Deos
734 3681 885 3750 discernit
893 3682 915 3748 ⁵.
927 3711 940 3747 r
955 3684 1002 3751 De
1014 3683 1118 3758 Patre,
1132 3696 1163 3750 et
1175 3683 1264 3758 Filio,

143 3833 150 3840 “
270 3835 278 3868 ¹
289 3835 351 3900 Cap.
364 3833 389 3894 6,
401 3849 426 3882 n.
443 3851 452 3880 r
467 3841 492 3882 et
504 3849 575 3897 seqq.
1331 3811 1332 3900 l

268 3919 354 3968 ²Psal.
367 3935 417 3977 ers,
431 3935 452 3966 ι.
463 3945 493 3956 ·-
503 3917 512 3950 ⁸
524 3919 586 3967 Gen.
597 3933 648 3976 xrx,
661 3917 698 3975 ai.
708 3915 827 3966 -trnt
839 3932 903 3975 xus,
914 3925 960 3980 7ot
969 3917 1069 3980 seq-⁵
1079 3915 1141 3966 Psnl.
1153 3931 1231 3968 rant,
1242 3933 1261 3963 r.
1331 3907 1332 3930 ¹
