2772 4620
312 283 462 328 ursaceus
486 281 549 325 cett
572 281 736 326 retenone
758 281 874 324 ΝΜΟ.
1048 259 1107 323 521

76 423 91 456 a
105 393 286 468 finisverbi.
303 393 370 482 Ego
381 389 494 458 Daniel
505 391 603 458 extasi
613 385 836 462 circumdabar
847 387 951 464 valde,
965 400 996 453 et
1007 411 1110 455 sermo

77 533 92 564 ι
107 504 140 568 in
152 526 203 568 me
215 504 401 568 immutatus
412 512 474 574 est,
490 510 522 565 et
538 499 672 566 verbum
687 499 719 564 in
731 497 828 563 eorde
838 519 911 562 meo
923 496 1043 562 servavi
1052 493 1074 561 ‘.
1089 524 1103 558 s

123 613 266 679 XXXll.
284 613 345 678 llic
358 609 503 698 Trypho,
520 609 701 698 quiescente
720 631 770 673 me
786 631 794 672 :
813 609 884 674 lstae
903 631 974 684 uos,
996 607 1110 696 inquit,

75 732 112 786 et
131 721 200 786 aliae
214 720 372 810 ejusmodi
388 719 571 809 Scripturae,
593 717 765 810 gloriosum
781 731 899 809 cogunt
914 731 946 784 et
960 741 1113 808 magnum

4 841 5 844 ’
77 841 267 918 exspectare
283 853 356 895 eum
371 829 425 916 qui
440 852 572 919 regnum
588 839 743 896 aeternum
764 827 952 916 abantiquo
974 827 1111 904 dierum,

79 943 238 1025 tanquam
249 935 331 1002 filius
342 937 492 1014 bominis,
503 937 627 1024 accipit.
643 935 757 1006 Vester
771 947 877 1001 autem
889 933 941 1001 ille
953 935 1111 1011 Christus,

83 1069 183 1134 quem
197 1046 241 1110 ita
258 1047 387 1120 vocatis,
403 1047 608 1111 inhonoratus
619 1057 652 1110 ct
662 1044 815 1136 inglorius
825 1043 896 1120 suit,
908 1045 951 1109 ita
968 1056 1002 1109 ut
1015 1045 1113 1110 etiam

83 1156 116 1218 in
129 1163 303 1218 extremam
315 1151 414 1250 illam,
428 1177 498 1241 quae
509 1154 541 1220 in
553 1153 621 1244 lege
631 1153 690 1219 Dei
701 1154 855 1230 sancitur,
867 1152 1113 1219 exsecrationem

84 1263 270 1328 incurreret.
285 1263 341 1327 Est
356 1263 441 1329 enim
455 1263 488 1328 in
500 1287 630 1329 crucem
644 1275 744 1330 actus.

131 1371 213 1438 Tum
227 1395 285 1462 ego
301 1373 342 1438 ad
356 1371 467 1439 illum:
483 1373 517 1440 Si
531 1373 716 1462 Scripturas,
730 1373 886 1462 quaejam
897 1372 1038 1449 recitari,
1050 1396 1115 1439 non

84 1485 153 1572 ejus
168 1483 306 1574 speciem
319 1473 487 1574 ingloriam
498 1485 566 1550 lore
576 1497 609 1550 ct
622 1509 721 1574 genus
736 1482 947 1550 inenarrabile
960 1483 1115 1559 dicerent,

87 1615 125 1658 ac
139 1616 195 1680 pro
218 1604 321 1664 morte
341 1595 411 1686 ejus
426 1594 538 1660 divites
553 1604 656 1660 morte
675 1593 827 1660 allectum
843 1594 895 1670 iri,
911 1615 1033 1680 nosque
1048 1592 1116 1679 ejus

85 1701 184 1766 livore
202 1716 361 1778 sanatum,
379 1724 418 1768 ac
436 1703 542 1790 ipsum
559 1715 710 1788 tanquam
726 1723 819 1766 orem
834 1699 1010 1768 abductum
1021 1699 1073 1772 iria
1091 1698 1117 1764 si

86 1833 152 1875 non
167 1810 383 1898 exposuissem
398 1808 560 1898 duplicem
571 1806 653 1874 illius
664 1807 848 1882 adventum,
861 1806 995 1872 alterum
1011 1806 1044 1872 in
1054 1829 1118 1894 quo

87 1930 228 2006 punctus
242 1930 291 1982 est
304 1939 322 1981 a
335 1917 437 1991 vobis,
448 1915 584 1984 alterum
599 1915 632 1982 in
644 1939 706 2004 quo
719 1915 893 2006 agnoscetis
907 1915 941 1980 in
956 1936 1051 2001 quem
1061 1937 1118 2003 pu-

88 2027 236 2116 pugistis,
252 2035 285 2092 et
299 2025 449 2114 plangent
468 2025 568 2092 tribua
586 2037 709 2100 vestrae,
726 2024 826 2090 tribus
840 2024 881 2090 ad
895 2024 1028 2099 tribum,
1045 2045 1119 2088 mu-

88 2132 181 2200 lieres
199 2156 353 2208 seorsum,
371 2143 403 2197 et
424 2132 480 2199 viri
499 2155 656 2206 seorsuma
675 2134 809 2198 obscura
825 2143 858 2196 et
876 2131 996 2199 incerta
1012 2132 1119 2198 dicere

87 2243 220 2309 viderer.
241 2242 268 2308 N
273 2265 336 2308 unc
356 2265 431 2320 pero
448 2241 482 2308 in
505 2243 592 2308 omui
607 2263 752 2308 sermone
769 2263 808 2305 ex
822 2241 938 2306 sanctis
960 2240 1045 2328 apud
1062 2263 1118 2306 vos

87 2365 120 2418 et
141 2351 333 2442 propheticis
358 2351 531 2440 scripturis
553 2362 683 2433 omnem
704 2349 940 2416 demonstrandi
961 2351 1118 2416 rationem

90 2461 233 2537 instituo,
249 2485 377 2550 sperans
390 2473 530 2528 vestrum
549 2458 687 2546 aliquem
701 2481 741 2524 ex
755 2482 793 2524 eo
809 2458 940 2548 reperiri
955 2482 1048 2548 posse
1065 2481 1117 2524 sc-

92 2567 190 2644 mine,
206 2567 291 2657 quod
306 2593 362 2656 per
373 2569 505 2659 gratiam
515 2568 642 2637 Domini
654 2566 795 2634 Sabaoth
805 2567 965 2656 reliquum
979 2568 1021 2634 ad
1038 2565 1119 2640 salu-

91 2687 155 2742 tem
167 2690 319 2743 eternam
329 2678 448 2744 sactum
459 2692 516 2746 est.
532 2679 643 2766 ltaque
655 2689 690 2744 ut
701 2688 734 2743 et
746 2676 862 2743 clarius
873 2677 963 2743 vobis
974 2677 1019 2753 id,
1031 2677 1119 2764 quod

89 2788 270 2874 quaerimus,
286 2787 353 2864 fiat,
369 2789 501 2854 afferam
516 2788 579 2854 ‘alia
594 2791 690 2856 etiam
706 2789 804 2854 verba
818 2810 836 2850 a
856 2789 952 2856 beato
974 2784 1028 2850 illo
1050 2785 1118 2851 viro

88 2897 206 2962 Davide
216 2897 433 2984 pronuntiata,
446 2897 609 2982 exquibus
618 2895 781 2962 Christum
793 2892 974 2982 intelligetis
982 2917 1000 2960 a
1008 2905 1119 2960 sancto

87 3006 277 3094 prophetico
289 3005 408 3092 Spiritu
423 3005 597 3071 Dominum
612 3005 709 3070 etiam
720 3004 839 3079 vocari,
856 3015 889 3068 et
906 3002 1030 3068 aPatre
1047 3027 1119 3070 om-

90 3115 181 3178 nium
193 3113 331 3178 Domino
343 3126 375 3178 ct
389 3113 482 3179 terris
494 3114 648 3190 revocari,
660 3123 693 3178 et
707 3113 750 3178 ad
759 3113 857 3201 ipsius
869 3113 1010 3178 dextram
1023 3111 1118 3179 collo

36 3303 41 3310 .
91 3221 170 3295 cari,
187 3221 289 3286 donee
310 3220 403 3284 Pater
420 3233 518 3310 ponat
540 3221 685 3288 inimicos
704 3219 877 3288 scabellum
895 3221 1015 3312 pedum
1035 3223 1113 3310 ejus.

90 3328 189 3408 Quod
203 3328 334 3416 quidem
346 3328 411 3414 jam
425 3329 499 3394 inde
513 3330 549 3396 fit
563 3354 603 3396 ex
617 3354 680 3418 quo
695 3331 728 3395 in
743 3329 861 3398 coelum
876 3329 1019 3396 ascendit
1033 3330 1133 3396 rodi-·

87 3439 178 3506 virus
193 3459 232 3502 ex
248 3437 383 3502 mortuis
392 3437 549 3504 Dominus
563 3449 669 3504 noster
680 3439 772 3506 lesus
784 3438 942 3513 Christus,
959 3439 1118 3506 currenti-

88 3551 150 3615 bus
164 3549 204 3613 ad
221 3546 320 3614 hem
336 3547 547 3637 temporibus,
561 3548 687 3635 jamque
698 3573 737 3614 co
750 3573 809 3639 pro
822 3548 943 3616 foribus
960 3549 1116 3624 adstante,

93 3655 147 3744 qui
164 3657 258 3744 impia
278 3668 311 3721 et
325 3656 462 3723 nefanda
481 3657 514 3722 iu
529 3654 726 3722 Altissimum
741 3655 929 3748 loquuturus
944 3671 1006 3734 est;
1021 3683 1116 3746 quem

93 3764 221 3852 quidem
238 3779 365 3855 tempus
388 3778 422 3832 et
439 3778 583 3856 tempora
608 3777 640 3832 et
666 3766 831 3834 dmidium
849 3769 999 3858 temporis
1014 3769 1117 3837 domi-
1190 3767 1192 3772 ’

122 3891 209 3941 ¹Dan.
223 3908 268 3964 xix,
280 3912 303 3958 9.

178 4001 200 4042 r.
409 3971 414 3986 ⁸
904 4004 938 4045 ar
