2688 4626
306 280 344 322 ur
367 275 528 322 usnrraro
552 276 666 320 sunem
689 273 875 320 roaucanrr.
1046 253 1105 338 149

45 384 92 448 tio
111 382 298 462 Quadrato
305 407 314 456 ;
337 395 489 472 regnante
509 405 585 448 vero
604 383 638 448 in
657 379 774 448 secula
794 381 872 446 iesu
890 379 1038 446 Christo:
1055 380 1106 444 cui

44 489 167 580 gloria,
193 491 322 568 honor,
342 494 506 580 majestas,
528 493 664 558 thronus
687 491 916 580 sempiternus,
938 513 956 555 a
980 509 1109 578 genera-

44 603 141 667 tione
159 601 196 668 in
215 602 474 692 generationem.
493 600 607 668 Amen.

94 708 219 776 XXII.
240 709 361 776 Valere
377 732 431 775 ros
444 721 602 797 optamus,
615 706 746 781 fratreas
764 729 803 774 ac
815 707 964 774 incedere
975 707 1007 774 in
1018 729 1111 774 even·

46 813 162 905 getico
180 839 338 882 sermone
353 815 430 882 «lesu
445 815 562 881 Christi
570 839 580 889 ς
599 838 675 881 cum
688 838 753 903 quo
765 814 863 903 gloria
878 815 947 881 Deo
962 827 994 880 et
1008 813 1108 883 Patri.
1171 807 1175 819 ⁸

47 938 84 990 et
97 925 246 1014 Spiritui
260 937 383 1000 sancto,
396 927 436 990 oh
449 936 631 1022 sanctorum
642 923 819 990 electorum
830 921 983 995 salutem
999 944 1108 1010 quem·

47 1032 241 1098 admodum
258 1033 447 1120 martyrium
458 1031 587 1120 pertulit
601 1029 934 1120 heatusPolycarpus3
954 1031 995 1096 ad
1012 1032 1106 1120 cujus

48 1141 193 1229 vestigia,
206 1141 379 1230 contingat
395 1155 430 1206 ut
445 1140 477 1206 in
493 1163 591 1229 reguo
604 1139 681 1207 Jesu
698 1137 816 1205 Christi
832 1139 1043 1206 inveniamur.

94 1247 229 1315 xxm.
253 1249 363 1337 Atque
375 1249 444 1316 haec
459 1271 498 1314 ex
512 1247 625 1315 codiee
639 1248 764 1324 irenaei,
778 1245 923 1336 discipuli
938 1246 1103 1339 Polycarpi

52 1357 229 1446 descripsit
250 1357 361 1432 Caius,
383 1357 436 1445 qui
455 1358 552 1424 etiam
568 1380 642 1423 cum
661 1359 783 1423 Irenaeo
798 1369 940 1422 versatus
955 1369 1013 1425 est.
1037 1357 1104 1446 Ego

53 1487 130 1530 vero
153 1464 313 1532 Socrates
336 1465 482 1532 Corinthi
505 1489 545 1532 ex
566 1466 634 1531 Caii
647 1463 829 1555 'exemplari
849 1465 972 1554 scripsi.
996 1465 1107 1532 Gratia

53 1575 94 1640 sit
109 1597 191 1640 cum
207 1575 375 1642 omnihus.
1104 1583 1111 1596 “

99 1675 231 1750 XXIV.
249 1683 296 1747 Et
311 1681 454 1770 posthaec
468 1704 528 1770 ego
542 1679 671 1747 Pionius
686 1705 727 1746 ex
736 1682 951 1771 suprascripto
966 1683 1105 1756 exuraris

57 1813 138 1856 cum
154 1789 359 1880 exemplaria
372 1787 647 1880 pepquisivissem',
663 1788 762 1855 stilla
778 1789 857 1855 mihi
870 1813 928 1878 per
942 1787 1109 1856 revelatio·

62 1921 143 1963 nem
157 1899 399 1964 manifestasset
413 1896 623 1986 Polycarpuss
646 1909 681 1962 ut
698 1897 732 1962 in
747 1899 951 1984 sequentihus
967 1897 1108 1964 deciara-

63 2009 126 2079 hor
151 2029 264 2097 eaque
284 2010 351 2097 jam
368 2005 600 2098 propemodum
616 2029 653 2071 ex
671 2006 823 2096 temporis
839 2007 1045 2073 diuturnitate
1064 2005 1108 2073 fa·

62 2115 215 2182 tisoentia
225 2116 426 2206 collegissem
432 2140 443 2189 t
459 2125 494 2180 ut
504 2137 557 2179 me
568 2137 692 2203 quoque
703 2138 780 2181 cum
788 2114 896 2182 electis
908 2115 970 2184 suis
979 2113 1105 2206 colligat

61 2223 222 2292 Dominus
237 2223 335 2292 Jesus
352 2225 496 2292 Christus
511 2249 520 2290 ε
538 2223 590 2290 cui
609 2222 718 2313 gloria,
735 2247 812 2294 cum
830 2224 922 2294 Patre
941 2238 973 2292 et
993 2237 1102 2292 sancto

66 2333 198 2422 Spiritu,
215 2337 254 2404 in
270 2333 384 2402 saeoula
400 2332 601 2402 seculorum.
620 2334 731 2403 Amen.
