2640 4622
257 217 323 294 426
555 239 669 282 snacrr
691 238 810 282 snsrrar
835 239 999 283 enarrare

258 344 307 407 tis.
329 339 392 405 Vos
407 353 514 407 autem
529 343 561 406 iu
575 343 730 431 populum
746 356 886 410 restrum
908 345 983 409 haee
1002 343 1162 407 evenisse
1186 343 1269 406 dicits.

258 450 311 537 qui
326 447 454 537 quidem
469 450 496 512 si
510 449 630 538 expulsi
645 455 719 516 estis
733 451 819 517 bello
833 452 996 540 superati,
1011 450 1141 514 merito
1153 448 1221 514 lnaee
1231 475 1278 538 pn..-

259 559 345 634 estis,
368 570 404 622 ut
424 557 595 646 Scripturas
616 583 726 626 omnes
743 573 911 626 testantur.
933 561 1004 626 Nos
1026 572 1149 623 eutem
1166 561 1219 644 qui
1238 563 1274 622 ul

260 665 323 730 tale
332 669 559 742 commisimus,
569 681 735 756 postquam
746 672 913 736 veritatem
922 669 986 734 Dei
1000 669 1272 757 cognovimusnc·

257 776 402 860 inquam,
422 787 556 840 testetur
570 776 657 842 Deus
672 799 734 842 una
750 799 825 844 oum
840 779 1025 866 justissimo
1043 789 1083 841 et
1102 777 1176 842 solo
1191 779 1266 840 intuo

263 894 336 946 nato
350 894 383 948 et
398 897 525 950 carente
537 888 673 972 peccatis
688 887 815 951 Christo
825 910 844 950 e
856 887 965 952 medio
979 885 1070 951 tolli.
1092 886 1216 952 Clamat
1228 911 1277 947 rm

264 991 368 1054 Esaias
386 1015 394 1055 :
410 1019 422 1052 a
437 995 520 1060 Ecee
535 995 695 1081 quomodo
710 995 791 1082 perit
803 997 910 1081 justus,
920 1007 954 1059 et
970 1017 1084 1059 nemo
1101 993 1261 1080 pecipitur.

266 1098 346 1169 ‚des
364 1101 466 1164 etvini
484 1103 557 1186 justi
573 1101 727 1166 tolluntur
739 1113 771 1166 et
786 1123 881 1166 nemo
897 1101 1097 1166 consider-nt
1111 1102 1135 1163 ¹.
1153 1129 1167 1160 a

309 1207 392 1270 CXI.
404 1208 452 1274 Ao
460 1209 538 1274 duos
547 1210 675 1294 quidem
683 1211 778 1296 hujus
786 1209 902 1274 Christi
911 1209 1084 1273 adventus
1093 1207 1272 1274 areensem

265 1315 357 1378 llosis
373 1326 514 1402 tempore
529 1315 697 1401 praedictos
711 1316 819 1388 luisse,
837 1317 905 1401 jem
922 1337 961 1378 ex
977 1315 1083 1402 signo
1106 1315 1247 1379 hireurm
1257 1344 1271 1372 a

266 1423 386 1508 jejunio
398 1421 575 1486 oblatorum
589 1421 810 1488 demonstravi.
830 1422 869 1484 Et
880 1443 1011 1484 rursum
1026 1422 1063 1486 in
1083 1423 1127 1486 iis
1143 1445 1209 1506 quse
1220 1419 1269 1482 lm

266 1509 306 1594 et¹
316 1529 416 1594 Moses
438 1529 592 1602 lecerunt,
615 1529 699 1594 idem
718 1551 832 1594 areana
854 1530 1125 1615 praenuntiatum
1146 1543 1179 1594 et
1197 1529 1267 1591 dit-tu.

268 1650 325 1702 est.
343 1637 432 1703 Alter
446 1640 531 1704 enim
547 1639 690 1727 expansis
710 1638 856 1703 manibus
871 1639 902 1702 in
918 1637 1001 1703 celle
1018 1640 1065 1702 ed
1083 1661 1263 1726 vesperante·

270 1767 332 1834 que
346 1745 531 1833 permansit,
545 1767 618 1810 eum
633 1767 746 1812 manus
757 1747 825 1832 ejus
837 1757 1123 1818 sustentarentur-3
1138 1743 1218 1833 quod
1231 1769 1264 1807 ss

271 1851 390 1917 nullam
405 1851 498 1919 aliam
509 1854 567 1918 uisi
580 1854 683 1918 erucis
695 1853 828 1942 liguram
843 1853 982 1918 exhibet.
998 1853 1101 1920 Alter
1114 1867 1218 1919 nutem
1229 1853 1264 1915 la:

273 1961 400 2024 nomine
416 1962 667 2049 cognominatus,
686 1961 749 2026 dux
763 1974 831 2026 erat
841 1983 967 2049 pugne,
983 1973 1017 2025 et
1035 1963 1144 2027 Israel
1157 1963 1264 2026 sinete

274 2065 358 2131 lllud
375 2069 471 2133 etiam
489 2069 521 2133 iu
538 2070 693 2134 ambobus
709 2067 768 2134 illis
787 2069 900 2134 sanctia
917 2068 992 2132 viris
1015 2081 1053 2132 et
1071 2071 1136 2150 Dei
1154 2071 1270 2158 prophe.-

275 2176 394 2240 sectum
415 2177 588 2266 intelligere
608 2191 668 2252 est,
689 2199 804 2267 nempe
825 2179 888 2242 duo
910 2175 961 2240 ille
984 2181 1147 2264 mysteria
1164 2191 1271 2243 monn

274 2281 400 2364 illorum
412 2297 538 2370 portare
549 2285 651 2350 selum
660 2286 809 2375 potuisse,
823 2285 855 2348 id
866 2296 925 2358 est,
935 2285 1058 2360 erucis,
1069 2297 1107 2352 et
1120 2305 1265 2372 mter

276 2390 412 2478 impositi
427 2391 560 2480 signum.
576 2395 632 2457 Est
643 2394 727 2457 enim
738 2405 771 2456 et
781 2405 849 2455 erat
859 2403 891 2455 et
901 2391 962 2454 erit
980 2392 1081 2456 unius
1093 2390 1267 2457 aetolim'ett

277 2500 334 2574 vis,
353 2500 444 2586 eujus
461 2498 509 2564 vel
522 2523 637 2564 nomen
652 2501 846 2588 principatus
862 2499 963 2563 omnis
978 2499 1182 2573 reformidet,
1198 2499 1262 2560 uts-

277 2629 352 2673 eens
366 2607 452 2692 quod
463 2629 519 2694 per
534 2606 622 2670 illum
637 2603 824 2670 evertendos
842 2605 890 2670 sit.
912 2603 1025 2669 Noster
1036 2606 1143 2693 igitur
1158 2602 1272 2692 prasidi

278 2728 310 2780 et
324 2714 494 2781 erueilixus
507 2713 661 2788 Christus,
673 2735 872 2801 nequaquam
888 2712 961 2776 diris
976 2735 994 2775 a
1007 2712 1079 2799 lege
1092 2715 1222 2779 devotare
1231 2713 1267 2774 lan

279 2825 334 2889 sed
349 2817 494 2888 solum'se
504 2845 558 2886 eos
573 2833 771 2886 seorstanum
786 2819 1022 2884 demonstrabat
1032 2822 1090 2906 qui
1107 2823 1151 2886 ab
1166 2825 1232 2908 ejus
1240 2819 1272 2882 tl

193 2917 195 2921 ¹
281 2949 344 2991 non
359 2927 533 2992 discedunt.
550 2926 597 2992 Ac
612 2947 664 2989 eos
680 2926 808 3011 quidem
820 2925 874 3012 qui
891 2923 923 2986 in
934 2920 1073 3010 AEgypto
1090 2929 1208 2991 ser-reti
1222 2940 1270 2988 sunt

281 3056 356 3100 eum
369 3034 509 3120 perirent
528 3033 735 3121 primogenitu
749 3030 982 3119 AEgyptiorum,
998 3033 1127 3119 sanguis
1139 3035 1279 3120 paschal

280 3142 413 3215 benerit,
426 3140 566 3228 postibus
580 3140 737 3227 utrimque
751 3151 784 3204 et
795 3136 1026 3226 superliminari
1041 3137 1226 3227 adspersus.
1239 3141 1275 3203 l‘a

282 3251 342 3318 cha
354 3248 439 3314 enim
453 3259 521 3313 erat
535 3246 690 3322 Christus,
706 3247 761 3336 qui
771 3257 879 3334 postea
891 3243 1071 3310 immolatus
1082 3261 1147 3322 est,
1161 3269 1276 3336 quemat

284 3358 415 3426 modum
432 3367 465 3421 et
483 3356 588 3421 Esaias
603 3355 646 3420 eit
662 3379 670 3419 :
688 3381 701 3416 r
719 3355 789 3442 lpse
806 3363 956 3440 tanquam
970 3354 1038 3418 oris
1056 3354 1097 3420 ed
1115 3359 1282 3422 occisiones

284 3469 427 3536 »duetus
438 3464 514 3532 est².
526 3493 538 3526 ι
551 3467 633 3530 Eum
648 3475 754 3530 nutem
768 3464 819 3530 die
834 3463 989 3530 Paschae'a
1001 3465 1090 3529 vobis
1101 3469 1279 3555 comprober
1294 3509 1295 3533 r

285 3600 369 3652 sum,
386 3601 424 3643 no
442 3574 584 3642 similiter
600 3577 632 3641 iu
651 3575 801 3641 Pasolrate
823 3573 1011 3640 eruoilixum
1038 3573 1135 3640 fuisse
1157 3579 1285 3666 scriptur.

285 3696 343 3752 eat.
368 3685 644 3762 Quemadmodum
661 3693 767 3748 eutem
782 3707 835 3749 eos
852 3683 904 3772 qui
924 3685 956 3748 in
975 3681 1113 3772 AEgypte
1129 3699 1222 3778 erant
1236 3685 1295 3752 san-³

317 3809 326 3844 ⁸
338 3807 473 3868 Esai.1.vu,
487 3805 645 3856 1.-²mn.
661 3824 712 3866 sarr,
726 3823 748 3870 7.
