2630 4614
328 245 462 288 nncrrro
486 245 543 287 rno
566 244 771 288 crrnrsrrrnrs.
1017 223 1056 302 57

65 380 74 412 ι
89 352 232 418 Dominus
248 352 344 426 enirn,
365 352 478 436 inquit,
499 351 638 418 condidit
653 373 704 420 me
719 352 844 417 initium
859 350 979 417 riorum
990 351 1058 438 ojus

57 492 68 522 r
80 463 115 527 nd
125 488 216 553 opum
225 463 323 553 ejus¹.
336 465 460 553 sdtque
472 467 576 554 ipsum
586 465 673 532 illum
682 466 833 554 Spiritum
841 475 998 536 sanctum,
1008 461 1060 549 qui

55 575 84 638 in
96 574 254 663 Prophetis
268 589 427 663 operetur,
447 577 640 642 effluentium
655 576 712 642 Dei
729 599 795 641 esse
810 575 1061 646 dicimus‚'emn-

56 695 173 750 nantem
188 696 221 750 et
235 685 418 751 redeuntem
433 685 528 751 veluti
544 687 666 752 radium
678 685 753 751 solis
762 685 783 749 ¹.
803 685 881 765 Quis
893 684 988 772 igitur
999 703 1062 748 non

56 796 190 869 miretur,
210 816 283 860 cum
299 795 406 860 otheos
422 795 526 861 soceri
544 795 651 860 nudint
666 817 719 860 eos
736 795 789 882 qui
805 794 906 860 Deum
922 790 1061 862 Putrem,

55 915 85 967 ct
94 901 203 968 Filium
213 903 316 968 Deum
325 913 359 968 et
370 903 521 992 Spiritum
533 914 676 970 sunctum
688 913 841 976 usserunt,
854 917 1019 968 sueorum
1030 909 1063 963 et

54 1013 83 1076 in
92 1011 201 1076 unione
209 1012 382 1100 potentium
390 1025 422 1077 et
429 1015 461 1078 in
469 1013 579 1078 ordine
585 1013 820 1078 distinctionem
828 1008 1062 1076 demonstranti

55 1120 154 1208 Neque
175 1119 222 1185 his
245 1133 351 1187 temen
372 1121 534 1211 theologie
550 1133 662 1188 nostroe
685 1122 765 1186 ratio
779 1121 985 1186 continetur:
1008 1115 1063 1182 sed

52 1240 83 1294 ct
104 1227 332 1310 multitudinem
354 1229 537 1319 angelorum
558 1242 592 1297 et
612 1232 827 1296 ministrorum
852 1229 1062 1317 agnoscimus,

53 1363 127 1426 quos
137 1351 259 1407 erector
272 1353 304 1406 ot
317 1342 419 1430 opifex
438 1343 547 1409 mundi
566 1343 651 1409 Dens
669 1343 828 1409 distribuit
846 1354 878 1407 et
896 1339 1062 1413 ordinavit,

53 1461 87 1514 ut
100 1451 182 1516 circo
197 1450 364 1528 clemente,
382 1453 491 1529 culos,
508 1456 663 1521 mundum
677 1466 709 1520 ot
723 1477 792 1542 quae
810 1454 843 1519 in
859 1475 897 1518 eo
916 1461 1002 1521 sunt,
1014 1471 1064 1512 eo·

51 1579 180 1645 rumqne
193 1561 454 1647 temperationem
464 1565 694 1629 versarentur'.
955 1649 958 1656 .

91 1667 147 1732 Xl.
170 1669 265 1747 Quod
283 1673 308 1736 si
322 1686 468 1740 accurate
484 1697 655 1762 persequor
669 1675 823 1740 doctrinm
838 1685 952 1738 nostrrc
968 1670 1064 1736 ratio-

50 1799 134 1853 nem,
146 1802 209 1844 non
219 1793 267 1844 est
277 1782 362 1867 quod
372 1784 546 1856 miremini;
560 1805 634 1849 num
644 1807 685 1850 ne
697 1782 872 1849 communis
884 1803 937 1846 vos
949 1789 1007 1844 ete
1018 1803 1064 1843 rn-

51 1889 137 1952 tione
151 1887 251 1953 aliene
268 1891 401 1977 obripint
416 1893 582 1966 sententio,
597 1905 691 1980 utque
704 1904 741 1956 ut
756 1913 864 1956 rerum
879 1890 984 1954 videre
998 1911 1066 1975 pos-

49 1995 128 2070 sitis,
144 1995 262 2062 idcirco
275 1997 407 2088 diligens
423 2011 455 2065 et
466 2014 630 2067 accuratus
646 2023 738 2067 sum:
758 2001 783 2065 si
799 1999 925 2087 quidem
940 2021 979 2062 ex
993 1998 1065 2084 ipsis

47 2105 144 2170 etiem
161 2105 277 2193 quibus
296 2107 491 2174 ndhaeremus
511 2109 687 2198 praeceptis,
704 2120 813 2196 utpote
829 2129 893 2172 non
906 2106 1063 2180 humanis,

47 2213 104 2279 sed
117 2235 135 2276 n
149 2214 217 2278 Deo
232 2217 441 2302 pronuntiatis
456 2230 487 2282 et
501 2219 635 2294 traditis,
650 2217 839 2307 persuadere
853 2215 940 2280 vohis
954 2215 1065 2302 possu-

47 2345 132 2396 mus,
149 2335 185 2386 ut
199 2345 239 2388 ne
252 2347 309 2390 nos
323 2325 432 2391 atheos
446 2327 637 2392 existimetis.
656 2327 810 2406 Quaennm
825 2336 897 2391 sunt
911 2323 1004 2412 igitur
1012 2321 1064 2386 illo

46 2427 175 2516 plncitn,
192 2431 224 2495 in
239 2431 353 2518 quibus
368 2434 567 2499 enutrimur?
582 2435 683 2501 «Dico
697 2435 786 2501 vobis
797 2443 812 2496 τ’
827 2432 952 2521 Diligite
967 2431 1067 2496 inimi-

46 2561 131 2603 ncos
156 2551 285 2615 vestros,
312 2535 487 2608 benedicite
511 2541 782 2618 maledicentibus,
810 2554 896 2606 orate
916 2563 974 2628 pro
993 2563 1067 2628 per-

46 2647 279 2733 »sequentibus
303 2671 355 2714 ros
378 2673 386 2714 ε
413 2661 448 2716 ut
469 2651 534 2716 sitis
554 2650 609 2716 filii
625 2650 725 2717 Patris
744 2653 836 2716 vestri
855 2651 909 2737 qui
931 2650 962 2713 in
982 2645 1067 2712 coelis

45 2785 58 2817 s
74 2768 138 2827 ests
158 2757 210 2843 qui
231 2756 328 2823 solem
347 2783 441 2825 suum
456 2762 530 2825 oriri
545 2760 620 2826 lncit
636 2783 730 2849 super
744 2762 843 2824 bonos
858 2769 891 2822 et
904 2755 1015 2830 melos,
1036 2767 1068 2819 ot

45 2929 103 2960 rnrn
114 2914 297 2970 creandorum
311 2924 336 2964 et
346 2918 458 2980 ejusdcm
469 2917 546 2966 Verbi
555 2918 687 2966 eremitati
699 2917 806 2966 consulit
816 2915 903 2963 dicens
913 2930 922 2960 r
936 2913 974 2961 At
984 2920 1070 2961 eterno

43 2988 112 3035 enim
122 2987 190 3036 Deus
200 2989 299 3038 lambat
310 2989 335 3037 iu
346 2991 420 3053 seipso
434 2989 555 3042 Vatum:
569 3007 598 3039 ac
610 2989 715 3054 proinde
727 2990 817 3052 etipse
830 2987 939 3036 Peterin
952 2985 1043 3035 Verbo.

79 3060 177 3109 ¹Prov.
192 3077 246 3120 rrrr,
261 3078 300 3109 ns.

79 3131 92 3164 ²
106 3133 277 3198 Athenagoras
286 3133 345 3182 dum
357 3135 477 3200 Spiritum
491 3143 605 3184 sunctum
616 3143 764 3185 emanantem
775 3143 797 3184 st
809 3140 943 3184 redeuntem
954 3135 1026 3195 dicit,
1036 3152 1071 3184 sn·

44 3205 207 3256 bellien'rrmi
218 3205 287 3269 argui
297 3208 385 3270 nequit
397 3223 404 3253 e
415 3207 484 3256 idem
496 3208 563 3256 enim
574 3207 616 3256 hic
627 3207 691 3258 dicit
704 3207 735 3256 de
748 3206 842 3270 Spiritu
854 3213 941 3255 sanctu
952 3205 1018 3268 quod
1030 3223 1072 3253 nn-

43 3290 91 3328 ren
104 3278 139 3328 de
152 3275 225 3327 Filio.
242 3277 324 3326 Sicuti
335 3281 403 3327 enim
417 3279 494 3328 Filius
504 3281 539 3328 ita
551 3295 693 3346 progressus
705 3289 744 3330 est
758 3279 789 3328 ad
801 3279 890 3329 mundi
904 3279 1070 3336 creationem,

41 3361 74 3400 ut
85 3366 191 3414 semper
201 3352 232 3399 sit
247 3352 272 3398 in
288 3351 378 3410 Patre3
394 3354 428 3400 itn
443 3353 519 3401 etiam
531 3354 562 3403 de
573 3355 667 3418 Spiritu
679 3362 765 3404 saneto
778 3351 949 3409 sentiendum,
959 3361 985 3399 et
997 3350 1072 3414 poulo

41 3431 106 3488 post
122 3423 244 3487 predicet
258 3424 335 3472 trium
347 3439 508 3488 personarum
527 3426 551 3473 in
569 3427 662 3476 nniunc
673 3427 824 3490 potentiam,
837 3432 863 3472 et
879 3425 905 3471 in
918 3423 1004 3472 ordine
1021 3424 1071 3472 dis-

41 3499 214 3548 tinctionem.

77 3573 88 3606 ³
104 3572 241 3621 Barbeirnc
257 3575 282 3620 in
298 3581 407 3622 tractatu
424 3573 456 3622 de
471 3575 589 3624 Doctrina
607 3575 694 3624 morali
707 3576 808 3624 Petrum
823 3573 1005 3637 Athenagoram
1018 3573 1083 3620 cut-1

40 3659 103 3715 pat,
122 3649 195 3714 queri
213 3655 372 3711 accepturus
390 3647 525 3696 Platonicis
536 3649 679 3714 angolorum
698 3649 793 3698 cultum
806 3649 905 3706 docent,
923 3655 948 3696 ct
966 3646 1070 3696 ethnicis

39 3724 221 3788 suspicionem
236 3720 397 3786 polyueismi
408 3721 606 3772 Christianorum
621 3725 724 3786 ingerat.
744 3722 834 3772 Verum
850 3721 1019 3785 Athenagoras
1030 3735 1072 3769 cr·

40 3817 137 3864 presse
146 3801 285 3847 increatum
295 3814 308 3846 a
317 3805 401 3846 creato
410 3801 516 3848 secernit
528 3817 533 3845 :
547 3815 624 3847 unum
635 3807 733 3847 tantum
745 3799 826 3847 Deum
835 3799 862 3847 in
873 3798 952 3846 tribus
963 3798 1073 3860 personis

42 3873 208 3923 adorandum
222 3874 319 3930 estruit,
332 3881 357 3920 et
369 3888 418 3921 non
431 3875 478 3922 nisi
492 3882 612 3924 eternum
625 3875 672 3922 Dei
684 3875 785 3924 nomino
798 3872 942 3922 donandum
953 3871 1050 3919 statuit.
