2648 4598
299 303 338 344 DE
362 301 612 346 RESURRECTIONE
635 301 831 356 uexeruottutt.
1016 297 1068 340 tot

60 415 175 471 structe
188 419 304 482 esseut,
320 418 495 475 creatorem
513 409 704 481 incusarent,
719 404 805 491 quod
819 403 976 468 immerito
994 401 1071 468 inira

59 514 212 591 homines,
227 539 292 582 non
305 517 450 582 eumdem
465 539 504 582 uc
518 514 561 581 illi
576 515 835 580 resurrectionem
846 513 967 585 sortitu,
980 509 1073 576 collo·

59 633 177 686 centur.
193 623 339 701 Quorum
352 624 437 690 enim
452 633 563 688 nature
575 645 641 687 uon
652 621 848 710 estsequelis,
862 641 964 707 neque
979 620 1073 684 etiem

59 731 94 794 iis
105 730 201 796 finem
212 731 364 819 mquulem
372 732 399 796 is
407 732 461 818 qui
471 753 579 818 aequus
590 742 638 796 est
648 731 817 796 constituit.
828 729 980 794 Praetereu
990 727 1074 814 opud
1182 822 1189 830 ¹

58 861 135 924 quos
155 837 240 904 nulls
261 839 386 926 justitie
404 840 504 913 notio,
520 861 623 926 neque
641 838 735 903 etiem
754 837 816 902 ullu
833 839 872 902 ob
888 835 1072 924 injustitiam

59 943 194 1030 querele.
213 944 321 1033 Neque
334 946 428 1010 etiem
443 943 520 1010 illud
541 944 603 1011 dici
622 957 724 1032 potest
739 944 922 1032 injustitiam
938 942 1073 1030 aliquem
1141 961 1146 968 ·

58 1053 140 1118 circu
155 1053 317 1118 hominem
338 1053 572 1120 reviviscentem
592 1053 736 1142 spectari.
757 1051 839 1116 Cum
853 1050 938 1116 enim
952 1060 1074 1116 constet

58 1162 210 1228 exanime
224 1171 412 1251 etcorpme,
428 1163 530 1228 necin
542 1162 679 1227 animum
689 1160 791 1226 necin
803 1159 1073 1248 corpus‘iujurium

58 1271 180 1360 accipit.
200 1270 308 1358 Neque
322 1271 406 1337 enim
421 1271 586 1358 quisquam
600 1269 729 1356 estqui,
749 1269 774 1333 si
795 1269 907 1355 sepiat.
927 1268 1073 1355 injurium

59 1378 142 1443 dicut
159 1379 270 1444 unimae
285 1379 369 1450 lieri;
387 1379 433 1444 sic
452 1379 537 1444 enim
551 1377 733 1466 imprudens
748 1399 810 1441 unu
826 1399 901 1441 cum
916 1397 1075 1440 resurrec-

57 1487 143 1551 tione
163 1487 258 1552 viteni
279 1510 404 1575 quoque
425 1497 610 1575 presentem
630 1485 786 1552 excludet.
808 1485 887 1550 Nem
902 1484 928 1548 si
943 1505 1029 1548 nunc
1044 1485 1076 1547 in

58 1617 189 1683 corpore
210 1596 403 1683 corruptioni
424 1607 456 1661 ct
474 1596 665 1684 perpessioni
686 1594 821 1660 obnoxio
837 1593 981 1658 habitans
1000 1590 1076 1656 nihil

57 1703 174 1790 potitur
188 1704 322 1790 injurie,
345 1702 445 1768 multo
460 1703 564 1768 minus
578 1704 716 1792 potietur
730 1723 804 1768 cum
819 1702 932 1766 codem
948 1722 1076 1787 corrup-

57 1815 151 1888 tionis
164 1825 197 1878 et
211 1814 418 1902 perpessionis
433 1823 559 1900 experte
574 1815 755 1900 conjuncte.
770 1812 878 1898 Neque
893 1811 988 1874 etiem
1005 1831 1078 1874 cor-

58 1922 125 2008 pori
141 1920 312 2006 quidquem
327 1920 363 1984 fit
383 1921 514 2008 injuriae.
534 1919 613 1986 Nem
628 1921 653 1983 si
669 1941 767 1993 nunc,
790 1941 864 1983 cum
885 1918 925 1982 sit
944 1939 1077 2003 corrup-

58 2030 135 2094 tioni
150 2031 332 2104 obnoxium,
350 2052 423 2095 cum
438 2031 621 2118 incorrupto
635 2030 841 2116 conjunctum
856 2047 920 2093 non
935 2026 1074 2098 luditum

58 2139 260 2226 perspicuum
274 2151 321 2204 est
335 2137 443 2204 laesum
458 2161 521 2205 uon
537 2138 588 2213 iri,
604 2139 628 2203 si
643 2139 862 2225 incorruptum
878 2157 951 2201 cum
970 2136 1076 2199 incor—

57 2258 152 2333 rupto
173 2248 391 2334 conjungetur.
419 2246 526 2335 Neque
550 2247 581 2312 id
601 2246 766 2334 quisquam
781 2243 894 2310 dixerit
913 2244 1076 2332 indignum

56 2354 124 2418 Deo
140 2375 218 2427 esse,
236 2352 422 2419 dissolutum
435 2375 549 2440 corpus
564 2354 754 2418 exsuscitare
768 2363 800 2417 et
820 2351 976 2440 colligere.
997 2350 1076 2418 Num

56 2463 82 2526 si
99 2463 249 2537 deterius,
261 2462 294 2526 id
303 2474 363 2536 est,
376 2463 568 2549 corruptioni
580 2473 612 2525 et
623 2461 814 2549 perpessioni
826 2461 997 2525 obnoxium
1009 2483 1077 2525 cor-

56 2591 118 2658 pus
133 2569 235 2634 iecere
255 2569 419 2657 indignum
431 2590 469 2634 eo
485 2589 549 2633 uon
563 2568 635 2640 suit;
650 2565 752 2632 multo
766 2569 865 2656 magis
880 2568 1076 2655 praestantius

55 2678 172 2752 lucere,
190 2677 221 2742 id
236 2689 296 2751 est,
313 2699 331 2740 e
346 2676 547 2763 corruptione
561 2687 594 2739 et
608 2677 808 2764 perpessione
823 2677 975 2747 immune,
994 2676 1076 2742 indi-
1183 2743 1187 2750 ,

54 2809 154 2875 gnum
169 2807 232 2851 non
247 2785 316 2852 erit.

100 2895 157 2961 Xl.
176 2895 272 2973 Quod
287 2897 312 2960 si
328 2906 395 2959 turn
411 2917 467 2982 per
477 2916 514 2958 eu
526 2915 595 2980 quae
607 2905 717 2958 nature
729 2893 831 2980 primu
842 2903 928 2966 sunt,
940 2903 1008 2956 tum
1020 2915 1078 2980 per

55 3030 94 3070 cu
111 3025 181 3090 quae
203 3025 242 3068 ex
263 3003 312 3068 his
333 3015 582 3088 consequuntur,
605 3000 854 3087 unumquodque
876 3023 987 3066 eorum
1008 3024 1077 3088 quae

57 3115 91 3176 in
111 3111 313 3198 questionem
333 3121 499 3182 venerunt,
521 3109 770 3174 demonstratum
790 3120 854 3180 oste
875 3111 1078 3198 perspicuum

56 3231 108 3284 cst
123 3239 291 3306 corporum
305 3215 528 3282 dissolutorum
543 3218 805 3283 resurrectionem
820 3240 899 3305 opus
914 3239 982 3284 esse
996 3219 1078 3305 ejus·

57 3327 160 3401 modi,
175 3326 260 3416 quud
279 3326 362 3392 Deus
382 3337 415 3391 et
430 3325 531 3393 iecere
550 3327 646 3415 possit
660 3337 693 3393 et
706 3326 797 3402 velle,
814 3326 960 3414 quodque
975 3350 1014 3392 eo
1029 3327 1078 3392 di-

56 3461 159 3529 gnum
182 3438 231 3503 sit.
254 3438 300 3503 Ex
319 3437 368 3502 his
387 3437 471 3502 euim
490 3437 668 3502 convictum
683 3448 731 3502 cst
745 3437 909 3502 contrariae
925 3436 1079 3523 opinionis

58 3548 275 3623 menducium,
297 3559 329 3613 et
353 3548 487 3613 elssurdu
508 3545 743 3614 incredulorum
769 3546 975 3612 ratiocinatio.
995 3545 1079 3624 Quid

57 3660 146 3723 enim
161 3657 272 3722 attinet
286 3657 325 3721 de
343 3655 470 3722 ulterius
486 3677 561 3721 cum
575 3654 674 3720 altero
694 3656 899 3721 conversione
921 3667 953 3720 et
973 3665 1078 3720 mutua

59 3768 251 3834 coherentia
267 3767 395 3833 dicere?
410 3765 442 3831 Si
460 3777 567 3832 tumen
583 3765 805 3832 cohaerentium
825 3766 929 3832 dicere
944 3779 1078 3854 oportet,

60 3881 151 3966 quusi
167 3878 268 3966 ulique
280 3878 528 3944 dissimilitudine
545 3879 735 3966 discrepent,
748 3899 785 3943 nc
800 3899 863 3944 uon
878 3877 981 3965 potius
997 3879 1080 3963 quod
