2640 4622
244 177 308 252 tol
543 195 655 240 sarcrr
679 197 797 242 rusruu
823 197 978 242 usarrms

155 361 159 369 .
245 301 357 366 »nitus
379 303 460 366 tauri
485 300 691 390 pulchritudo
712 306 796 391 ejus;
827 329 947 372 cornua
974 305 1157 370 unicornis
1183 323 1289 368 corum

244 437 257 468 »
274 409 343 494 ejus
357 432 366 473 τ
380 409 412 472 ἰιι
426 409 501 497 ipsis
511 421 620 496 gentes
631 410 793 494 ventilabit
808 411 902 478 simul
918 413 995 478 inde
1013 435 1127 498 usque
1142 413 1189 476 ab
1205 422 1289 474 extre
1303 471 1304 488 ¹

246 547 258 577 a
273 541 326 582 mo
343 516 465 582 terrae¹.
483 545 496 577 ι
512 517 679 584 Unicornis
693 520 779 585 enim
793 543 912 587 cornua
930 541 1031 589 nemo
1047 521 1171 586 dicere
1184 533 1239 584 aut
1249 521 1287 582 da-
1303 567 1304 592 p

247 637 423 690 monstrare
434 624 533 710 possit
542 624 574 688 in
586 624 646 688 alia
657 647 693 690 re
704 639 759 690 aut
770 627 871 714 ligura
883 628 1035 701 inveniri,
1050 629 1119 692 nisi
1135 629 1172 692 in
1184 651 1221 694 ea
1233 651 1285 714 qm

247 756 377 798 crucem
396 731 534 797 exbibet.
558 732 694 800 Rectum
712 736 799 800 enim
824 759 922 800 unum
945 735 1081 824 lignum
1108 749 1177 810 est,
1202 759 1283 820 aqra

246 862 370 904 summa
381 862 453 926 pars
463 840 497 906 in
510 862 610 904 cornu
621 840 788 917 attollitur,
801 865 874 908 cum
886 844 1085 931 adaptatum
1104 843 1207 906 suerit
1218 841 1281 904 aliul

248 947 381 1034 lignum,
403 958 436 1010 et
458 947 606 1033 utrinque
627 960 781 1022 extrema,
805 948 901 1014 veluti
921 971 1047 1014 cornua
1068 949 1133 1014 nni
1149 949 1279 1035 adinum

247 1075 360 1128 cornu,
377 1053 589 1140 apparuerint.
612 1055 653 1118 Et
667 1053 746 1120 illud
769 1055 855 1141 quod
876 1057 907 1120 in
929 1057 1042 1120 modio
1064 1057 1201 1143 ligitur,
1223 1059 1278 1119 uta

246 1160 400 1225 insideant
415 1161 469 1247 qui
487 1159 730 1248 crucifiguntur,
751 1163 854 1250 ipsum
874 1163 971 1227 etiam
996 1163 1106 1228 veluti
1137 1165 1276 1250 quoddam

248 1293 348 1337 cornu
363 1270 493 1343 eminet,
508 1281 541 1332 et
557 1291 658 1334 cornu
670 1272 809 1358 speciem
820 1271 948 1336 exhibet
960 1295 1041 1336 cum
1054 1272 1135 1338 aliis
1149 1275 1275 1338 cor-niba

248 1377 481 1446 conformatum
495 1387 528 1438 et
543 1375 651 1441 fixum.
670 1377 754 1442 lllud
764 1391 893 1444 autem:
913 1380 993 1442 allis
1008 1382 1180 1446 cornibus
1190 1393 1273 1468 gentes

248 1497 363 1574 »petet
381 1484 456 1552 inde
479 1505 579 1570 usque
601 1483 641 1548 ab
660 1497 802 1552 extremo
822 1498 925 1561 terre,
946 1515 959 1548 a
976 1487 1010 1550 id
1032 1489 1134 1574 quod
1154 1489 1241 1554 hodie
1253 1491 1271 1550 ir.

248 1595 396 1660 omnibus
425 1591 573 1680 gentibus
599 1590 718 1656 sactum
745 1594 899 1668 videmus,
927 1593 1151 1660 demonstrat.
1188 1597 1271 1660 (lum

248 1703 332 1771 enim
350 1700 452 1788 petiti,
473 1697 585 1772 idest,
606 1701 789 1786 compuncti
809 1723 866 1787 per
884 1699 947 1765 boc
965 1703 1172 1787 mysterium
1191 1704 1270 1768 bani·

247 1833 303 1875 nes
318 1832 357 1874 ex
370 1805 517 1872 omnibus
533 1803 680 1891 gentibus
695 1806 734 1868 ab
755 1805 901 1873 inanibus
917 1807 1103 1872 simulacris
1123 1823 1159 1874 et
1175 1811 1269 1874 dana

248 1921 342 1986 nibus
357 1917 398 1982 ad
412 1917 470 1980 Dei
485 1913 606 1980 cultum
622 1916 764 1980 conversi
777 1927 859 1980 sunt.
877 1916 1059 1982 Incredulis
1075 1933 1192 1984 autem
1206 1921 1268 1982 iden

251 2031 376 2117 signum
389 2028 421 2090 in
433 2025 591 2091 excidium
603 2037 635 2087 et
645 2025 941 2090 condemnationem
957 2027 1147 2092 ostenditur
1161 2051 1169 2090 :
1183 2051 1269 2115 meur

249 2137 422 2202 admodum
437 2138 468 2199 in
486 2133 603 2222 populo
620 2135 673 2220 qui
691 2159 729 2198 ex
748 2134 884 2223 AEgypto
901 2136 1107 2210 discesserat,
1128 2138 1266 2225 perillam

248 2267 400 2312 manuum
420 2243 513 2306 blesis
533 2255 734 2308 extensarum
755 2245 906 2330 speciem,
927 2254 960 2307 et
980 2267 1038 2330 per
1062 2267 1182 2310 nomen
1201 2245 1265 2307 Jesu

249 2352 314 2418 lilio
338 2352 429 2418 Navae
453 2351 634 2439 impositum
655 2349 785 2417 Amalec
807 2351 934 2437 quidem
959 2353 1161 2426 vincebam,
1182 2349 1261 2416 lsrael

251 2473 357 2528 autem
377 2461 533 2527 vincebat.
558 2463 663 2547 Atque
683 2459 768 2526 illam
788 2461 882 2525 etiam
902 2459 1050 2547 figuram,
1078 2461 1217 2548 illudque
1235 2461 1268 2520 si-

250 2593 361 2660 gnum,
378 2569 464 2657 quod
479 2570 628 2634 adversus
640 2568 832 2656 serpentium
843 2591 966 2634 morsus
978 2567 1091 2633 Israeli
1103 2570 1267 2634 institutum

249 2691 309 2756 est,
331 2679 372 2746 ad
390 2701 503 2744 eorum
520 2676 652 2742 salutem
670 2686 813 2741 erectum
830 2699 898 2742 esse
917 2675 1028 2762 liquet,
1052 2678 1111 2762 qui
1133 2679 1202 2764 jam
1220 2687 1269 2740 tun

249 2788 492 2878 praenuntiatam
509 2785 603 2850 luisse
623 2785 757 2850 credunt
775 2796 808 2849 et
821 2795 956 2850 mortem
972 2785 1123 2871 Serpenti
1142 2809 1202 2872 per
1214 2807 1268 2847 eun

250 2899 304 2983 qui
317 2895 548 2982 crucifigendus
559 2905 638 2966 erat,
652 2893 802 2966 suturam,
816 2905 848 2957 et
860 2892 993 2958 salutem
1006 2895 1041 2956 iis
1053 2895 1111 2978 qui
1123 2893 1269 2981 &manu

249 3005 405 3071 morsibus
421 3005 484 3070 laesi
500 3004 540 3068 ad
554 3012 629 3068 euin
645 3027 662 3066 a
685 3027 749 3088 quo
765 3002 934 3066 crucifixus
954 3000 1005 3066 ille
1020 3000 1121 3066 Filius
1148 3005 1181 3066 in
1199 3025 1269 3066 mua

250 3116 326 3180 ‹lum
338 3114 521 3187 missus'est,
539 3112 734 3199 confugiunt.
754 3109 863 3196 Neque
879 3110 964 3174 enim
979 3132 1037 3173 nos
1053 3109 1086 3172 in
1104 3121 1271 3198 serpentem

250 3223 380 3288 credere
399 3222 525 3310 spiritus
543 3219 747 3310 propheticus
768 3241 824 3286 uer
848 3217 968 3283 Mosam
991 3216 1145 3290 docebat,
1172 3219 1272 3304 quippe

249 3355 324 3398 cum
335 3353 409 3397 aum
420 3330 460 3394 ab
472 3328 562 3394 initio
578 3325 652 3392 diris
667 3351 683 3391 a
702 3327 768 3390 Deo
783 3325 934 3392 devotum
944 3347 1013 3389 esse
1025 3323 1239 3398 demonstret,
1253 3338 1272 3383 a!

249 3440 334 3528 apud
353 3437 477 3504 Esaiam
495 3457 609 3524 magno
629 3433 733 3522 gladio
756 3431 801 3517 (is
820 3443 928 3498 autem
947 3431 1111 3518 Christus)
1132 3444 1274 3519 tanquan

249 3548 374 3611 hostem
388 3555 537 3611 necatum
552 3543 590 3608 iri
605 3539 792 3630 significet².
821 3543 825 3551 “

293 3653 394 3720 XCll.
413 3653 445 3718 si
461 3655 531 3740 quis
544 3653 638 3740 igitur
649 3673 796 3738 magnam
807 3650 891 3717 banc
902 3673 918 3716 a
930 3651 998 3716 Deo
1009 3649 1145 3737 gratiam
1159 3671 1225 3712 non
1236 3669 1274 3710 aa·

281 3781 381 3833 ¹Dutrt.
393 3795 481 3840 ιιιιιι,
499 3780 536 3827 13.
550 3807 581 3816 -
594 3779 680 3827 ²Esai.
695 3795 772 3836 xxvia,
787 3795 805 3825 ι.
