2688 4626
365 294 405 336 dl)
428 294 552 338 GRAECOS
577 295 791 338 concamio·
1037 297 1095 362 199

47 414 118 458 rem
136 394 309 462 hominum
321 419 483 474 errorem,
500 412 535 465 et
547 399 676 466 inanem
687 401 908 468 ostentationis
919 403 1096 490 strepitum,

46 499 79 562 in
97 523 167 587 qno
184 504 284 569 etiam
299 528 433 572 omnem
443 507 538 572 beate
549 509 675 574 vivendi
691 509 848 576 rationem
864 510 1001 597 positam
1015 510 1099 576 duci·

44 609 105 680 tis;
125 633 166 676 ea
185 615 356 679 sectamini
372 637 443 702 qum
462 615 553 681 vohis
569 615 657 682 utilia
676 616 748 682 sint.
772 615 857 684 Nihil
873 617 961 684 enim
979 619 1014 683 in
1031 639 1100 698 ma-

45 718 137 804 jores
159 733 288 787 vestros
307 723 493 810 peccabitis,
517 723 646 790 si'aunc
663 725 696 790 in
712 725 904 790 contrariam
919 748 1034 792 eorum
1049 748 1101 790 er-

46 828 118 891 rori
137 841 271 918 partem
286 831 360 896 lerri
376 831 492 906 velitis3
517 857 597 921 quos
611 835 741 922 quidem
756 833 933 912 verisimile,
943 847 993 901 est
1010 857 1098 902 nunc

48 937 84 1003 in
103 939 239 1006 inferno
255 964 322 1006 scra
338 942 521 1030 paenitentia
537 943 649 1008 ductos
669 942 792 1032 lugere,
810 966 849 1009 ac
864 945 890 1010 si
905 943 975 1009 fieri
989 958 1097 1036 posset

49 1061 86 1112 ut
107 1049 188 1114 inde
209 1053 299 1120 vohis
318 1053 500 1118 nuntiarent
519 1076 589 1140 quae
611 1053 670 1120 sihi
690 1066 762 1141 post
781 1053 878 1142 hujus
903 1053 975 1119 vitae
996 1053 1126 1137 finem„

44 1169 245 1234 evenerunt,
262 1161 493 1249 cognosceretis
508 1159 652 1250 prolecto
664 1162 790 1250 quantis
805 1183 861 1226 vos
875 1159 966 1226 malis
981 1158 1096 1226 libera-

47 1277 96 1330 tos
112 1264 226 1332 velint.
249 1268 316 1334 Sed
331 1291 406 1336 cum
425 1272 457 1336 ia
472 1270 637 1360 praesentia
651 1293 712 1337 nee
728 1268 845 1338 abillis
861 1269 1003 1336 ediscere
1018 1293 1095 1358 pos-

48 1377 126 1452 sitis,
160 1400 226 1444 nec
258 1379 300 1444 ab
330 1380 368 1446 iis
391 1382 445 1468 qai
466 1381 520 1448 hic
542 1380 621 1448 salso
643 1381 836 1470 appellatam
862 1379 1096 1469 philosophiam

47 1482 258 1570 profitentem
278 1483 436 1574 reliquum
448 1483 600 1578 deinceps
613 1489 704 1556 vohis
714 1490 789 1564 erit,
808 1499 844 1554 ut
855 1489 1016 1575 majorum
1030 1509 1095 1552 ves

48 1605 172 1660 trorum
194 1618 342 1660 errorem
364 1595 565 1684 abjicientes,
586 1597 745 1664 vaticiniis
768 1620 934 1664 sacrorum
956 1596 1098 1661 virorum

47 1727 181 1790 operam
204 1704 306 1779 detis,
328 1715 361 1772 et
382 1707 422 1771 ab
446 1707 493 1772 eis
514 1731 580 1772 non
602 1706 757 1772 sermonis
776 1705 966 1794 elegantiam
986 1705 1100 1794 petatis

52 1811 288 1899 (nequeenim
300 1813 334 1878 in
348 1813 455 1878 verbis
468 1813 569 1878 sedin
583 1813 733 1902 operibus
744 1825 852 1878 nostra
863 1811 973 1900 religio
984 1811 1096 1899 posita)

51 1921 109 1985 sad
131 1943 171 1986 ea
194 1923 350 1986 ediscatis
373 1945 445 2011 quse
466 1923 556 1990 vohis
579 1922 849 1988 eternamvvitam
869 1919 1001 1986 alletma
1024 1921 1095 1986 sint.

53 2032 138 2096 Nam
161 2032 216 2117 qui
237 2055 363 2102 numen
382 2031 590 2122 philosophiae
609 2031 824 2121 nequidquam
845 2029 1049 2106 dedecorant,
1077 2029 1096 2094 ii

52 2138 134 2206 nihil
150 2141 235 2206 scire
249 2153 447 2230 arguuntur,
464 2143 731 2231 quemadmodum
751 2155 783 2207 et
801 2141 861 2231 ipsi
877 2139 1021 2208 confiteri
1040 2161 1096 2205 co-

49 2259 172 2338 guntur
193 2248 243 2314 vel
275 2249 378 2326 inviti,
402 2249 479 2316 dum
505 2274 570 2317 non
592 2249 695 2318 solum
716 2251 800 2316 inter
820 2273 854 2316 se
878 2247 1013 2338 litigant,
1039 2248 1095 2314 sed

49 2357 141 2420 otiam
156 2379 230 2422 snas
244 2355 315 2444 ipsi
330 2357 495 2444 opiniones
509 2356 601 2423 aliter
615 2357 691 2424 alias
705 2370 876 2448 exponunt.

92 2465 242 2532 xxxvl.
279 2464 377 2543 Quod
396 2466 422 2531 si
441 2465 581 2534 veritatis
600 2468 740 2534 inventio
760 2467 833 2534 linis
855 2465 986 2554 quidam
1008 2465 1095 2554 apud

55 2595 106 2636 eos
125 2571 337 2663 philosophiae
356 2572 488 2650 dicitur,
517 2575 678 2662 quomodo
700 2574 755 2661 qui
775 2573 915 2640 veritatis
936 2572 1096 2664 cognitio-

54 2702 125 2744 nem
139 2681 336 2770 consequuti
350 2702 416 2745 non
432 2693 519 2757 sunt,
536 2680 744 2770 philosophiae
760 2682 890 2748 nomine
906 2681 994 2768 digni
1012 2679 1098 2745 sinti

55 2787 130 2853 Nam
149 2790 174 2854 si
193 2801 383 2856 vestrorum
397 2787 578 2876 sapientum
593 2788 845 2876 sapientissimus
861 2785 1023 2860 Socrates,
1044 2785 1095 2852 cui

53 2907 190 2964 vestrum
201 2899 303 2966 etiam
315 2895 496 2972 oraculum,
513 2910 549 2961 at
560 2898 620 2984 ipsi
633 2897 782 2973 narratis,
798 2897 863 2964 hoc
880 2896 1097 3003 testimoninm

53 3004 153 3083 dedit,

139 3169 281 3228 Omnium
297 3170 449 3230 hominum
464 3175 597 3231 &crates
614 3172 856 3255 sapientissimus'5

58 3335 84 3396 si
115 3329 185 3406 hic,
208 3331 352 3422 inquam,
380 3332 457 3400 nihil
478 3357 511 3400 sa
534 3335 615 3402 scire
637 3333 827 3420 confiteturp
855 3327 1020 3419 quomodo
1044 3328 1098 3416 qai

58 3450 132 3528 post
150 3461 230 3504 eum
243 3439 305 3504 orti
322 3452 409 3516 sunt,
425 3441 520 3508 etiam
534 3440 674 3508 colestia
690 3441 750 3506 sihi
766 3451 841 3505 nota
857 3459 927 3505 esse
946 3435 1099 3524 proliten-

60 3548 133 3614 tur?
147 3547 302 3616 Socrates
312 3548 400 3616 enim
412 3561 580 3638 propterea
592 3551 767 3638 sapientem
783 3571 816 3612 ae
828 3567 896 3613 esse
910 3543 1029 3609 dictam
1041 3545 1094 3620 ait,

63 3658 238 3745 quodcum
255 3660 363 3726 catari
378 3659 527 3725 homines
542 3656 692 3724 simulent
710 3679 744 3722 sc
761 3655 842 3747 scire
859 3677 927 3743 quaa
941 3655 1093 3730 nesciant,

65 3767 126 3852 ipso
140 3790 205 3834 non
217 3768 364 3857 pigretur
374 3766 456 3836 nihil
474 3791 508 3832 sc
522 3767 605 3834 scire
618 3764 774 3832 confiteri.
793 3765 837 3832 lta
849 3763 934 3830 eninr
946 3762 1071 3829 dicebat
1086 3787 1093 3826 ε

74 3875 210 3944 *Videor
224 3877 320 3966 igitur
335 3879 448 3948 haere
464 3877 637 3968 perexigua
652 3899 721 3945 csse
738 3874 994 3966 sapientissimus,
1011 3871 1097 3960 quod
