2684 4638
264 273 329 340 518
581 289 694 335 asscrt
718 287 832 334 taam
855 289 917 334 uta.
944 291 982 334 ιιι

265 397 425 488 sophistae,
438 394 588 483 quoniam
603 390 746 483 Apostoli
767 415 842 460 cum
856 392 1020 484 hypocrisi
1031 392 1196 461 iecerunt
1209 395 1314 463 done

261 493 342 577 ⁴uam
363 505 539 574 secundum
561 505 760 571 audientium
781 503 1005 593 capacitatem,
1028 517 1064 572 et
1088 507 1314 595 responsione:

266 604 444 686 secundum
463 612 728 702 interrogantium
747 612 955 701 suspiciones,
976 615 1075 681 caecis
1097 637 1195 682 caeca
1215 615 1314 682 cont-

268 724 413 796 bulantes
432 723 611 790 secundum
631 723 807 790 cecitatem
827 723 983 812 ipsorum,
1003 723 1249 814 languentibus
1268 750 1313 790 ae

268 849 334 902 tem
354 832 532 900 secundum
552 830 737 924 languorem
759 831 914 921 ipsorum,
937 843 972 900 et·
987 835 1187 900 errantibus
1211 859 1312 901 secun

269 943 348 1012 dum
361 957 503 1008 erromm
517 963 643 1018 eorum,
657 953 689 1007 et
704 941 889 1031 putantibus
900 941 1121 1032 Demiurgum
1135 940 1248 1010 solum
1259 967 1310 1008 asar

268 1051 385 1125 Deum,
401 1049 489 1116 hunc
504 1049 708 1116 annuntiasse
714 1072 724 1122 r
741 1047 790 1116 his
806 1071 881 1116 vero
896 1051 951 1140 qui
966 1051 1253 1120 innominabilem
1266 1053 1310 1117 Pe

267 1175 350 1228 trem
369 1159 514 1249 capiunt,
532 1181 591 1248 per
607 1157 774 1248 parabolas
792 1172 826 1227 et
843 1161 1012 1250 aenigmata
1031 1161 1262 1229 inenarrabile
1276 1163 1309 1226 le

269 1272 351 1340 cisso
367 1269 579 1360 mysterium:
600 1269 728 1336 utinen
744 1269 1016 1358 quemadmodum
1032 1266 1141 1338 habet
1158 1271 1230 1361 ipsa
1247 1273 1307 1337 seri·

269 1394 331 1458 tas,
347 1379 449 1448 sedin
464 1378 639 1467 hypocrisi,
655 1390 689 1444 et
703 1379 976 1468 quemadmodum
987 1381 1148 1470 capiebat
1159 1383 1302 1470 nnusqm

270 1514 346 1579 que,
361 1487 535 1558 Dominum
549 1499 583 1552 et
597 1485 765 1578 Apostolos
776 1489 911 1556 edidisse
926 1489 1172 1580 magisterium.

310 1601 381 1666 Hoc
392 1608 499 1664 autem
510 1619 575 1662 non
587 1607 635 1662 cst
648 1597 841 1674 sonantium,
849 1619 910 1666 nec
923 1597 1183 1678 vivificantium,
1196 1601 1252 1667 sed
1260 1623 1299 1666 ru

272 1709 319 1801 gis
329 1706 529 1798 grayamium
540 1705 762 1794 stangentlum
773 1705 984 1795 ignorantiam
995 1708 1151 1796 ipsorum
1161 1729 1172 1774 ε
1184 1709 1297 1775 etmnla

272 1818 376 1885 verior
389 1815 438 1882 his
456 1813 522 1880 Lex
543 1814 733 1892 invenietur,
753 1811 958 1882 maledictum
975 1816 1090 1884 dicens
1108 1840 1247 1884 omnem
1266 1817 1297 1906 pi

272 1927 306 1996 in
316 1946 458 1992 errorem
469 1923 575 1989 mittut
585 1923 751 1990 mcumin
763 1921 844 1988 rtet
861 1923 925 2004 Qui
936 1925 1023 1991 enim
1040 1925 1297 1995 adiuuantium

273 2034 360 2102 missi
377 2043 469 2118 erant
487 2031 663 2096 errantium
682 2028 838 2119 Apostoli,
858 2044 891 2098 et
905 2032 946 2098 ad
960 2033 1123 2100 visionem
1138 2037 1297 2124 commod

273 2166 340 2211 non
355 2141 518 2216 videbant,
538 2151 571 2206 et
590 2139 632 2206 ad
649 2137 843 2206 medicinam
863 2137 1102 2231 languentium,
1127 2147 1240 2236 utique
1255 2167 1297 2212 noa

275 2249 453 2320 secundum
473 2259 663 2336 praesentem
685 2247 869 2334 opinionem
891 2247 1172 2338 colloquebantur
1189 2255 1239 2329 eis,
1259 2252 1298 2318 ael

275 2356 454 2426 secundum
469 2356 608 2424 veritatis
619 2354 918 2422 manifestationem.
938 2355 1005 2424 Nec
1015 2359 1109 2426 enim
1122 2361 1247 2450 quilibet
1256 2361 1300 2425 ho

276 2467 379 2536 mines
397 2477 485 2535 recte
503 2465 633 2540 sacient,
652 2464 678 2531 si
698 2487 801 2532 cecos
818 2467 1013 2557 jamjamque
1028 2491 1089 2558 per
1105 2471 1297 2563 praecipitium
1317 2495 1318 2500 ¹

277 2579 353 2646 serri
372 2577 560 2665 incipientes
582 2573 793 2642 adhortentur
812 2575 957 2642 insistere
976 2574 1021 2642 illi
1043 2579 1295 2666 periculositate
1317 2591 1318 2596 ’

279 2690 350 2765 viae,
370 2687 548 2777 quasivero
563 2696 672 2763 rcctae,
693 2698 726 2752 et
741 2685 830 2774 quasi
845 2687 928 2752 bone
946 2690 1136 2776 perventuri
1152 2692 1229 2758 sint.
1245 2689 1294 2770 Qa'

280 2810 390 2866 autem
409 2795 552 2862 medicos
574 2789 684 2863 volens
706 2815 818 2862 curare
836 2807 1003 2886 egrotum,
1022 2796 1123 2865 iaciat
1146 2801 1295 2869 secsmdnt

281 2907 555 2996 concupiscentias
574 2906 808 2996 egrotantium,
831 2919 864 2973 et
880 2931 945 2974 non
963 2909 1148 2978 secundum
1166 2914 1297 3002 quodap

281 3029 351 3086 tum
365 3027 415 3082 est
428 3014 617 3083 medicinati
633 3013 793 3095 Quoniam
807 3028 915 3082 autem
929 3017 1085 3085 Dominus
1103 3021 1252 3089 medicus
1263 3043 1299 3084 re
1317 3099 1318 3102 Ἴ

282 3127 331 3194 nit
345 3147 458 3194 eorum
469 3123 525 3212 qui
540 3120 623 3190 male
635 3122 767 3201 habent,
783 3125 851 3213 ipse
862 3123 1061 3203 testificatur,
1079 3127 1195 3197 dicens
1209 3129 1300 3198 :alios

283 3265 297 3302 a
312 3245 362 3308 est
371 3256 451 3326 opus
462 3234 546 3302 sanis
557 3234 714 3312 medicus,
727 3232 782 3302 sed
793 3233 876 3302 male
883 3235 1085 3304 habentibus.
1096 3237 1173 3306 Nou
1184 3244 1254 3308 reni
1264 3263 1302 3304 ro
1317 3273 1318 3280 ι

284 3377 298 3412 a
313 3369 388 3420 care
401 3347 516 3434 justos,
528 3345 584 3412 aad
598 3356 782 3434 peccatores
798 3345 839 3411 ad
853 3345 1073 3436 penitentium
1082 3346 1105 3413 ².
1121 3349 1302 3428 aQuomcdt

208 3519 210 3523 ,
286 3466 363 3542 ergo
382 3451 437 3540 qui
451 3447 535 3516 male
548 3449 669 3516 hahent
692 3449 990 3517 confirmabuntur?
1012 3464 1044 3518 et
1063 3455 1228 3542 womodo
1241 3478 1303 3546 pet-

287 3573 412 3630 catores
423 3559 642 3650 poenitentium
652 3559 769 3650 agenti
785 3559 897 3628 Utrum
909 3577 1146 3652 perseverantes
1157 3565 1190 3632 ln
1200 3565 1303 3632 eisdam

164 3751 170 3762 ¹
288 3671 363 3761 ipsis
369 3695 381 3744 t
398 3693 440 3736 an
455 3693 473 3736 e
488 3671 662 3747 contrario,
673 3693 827 3760 mquam
848 3674 1145 3752 commutationem,
1167 3685 1199 3742 et
1215 3688 1302 3742 trane

289 3779 483 3869 gressionem
505 3779 619 3870 prioris
649 3781 896 3852 conversationis
919 3784 1122 3874 accipientes,
1143 3809 1300 3876 perquam

320 3906 415 3960 ¹Deut.
427 3923 505 3969 sarrs,
518 3907 554 3961 rs.
565 3907 617 3950 -²
630 3909 692 3960 huc.
704 3925 728 3972 a,
739 3910 781 3972 δι,
791 3911 830 3962 32.
936 3969 940 3976 ¹
