2674 4618
332 319 372 360 nr
398 319 532 361 strenua
553 315 757 360 rtuanrouua.
992 295 1050 371 481

32 433 76 484 tus
85 421 226 506 quidem·
233 421 485 486 Christianorum
494 422 610 509 judicis
620 393 722 509 elogio
733 419 922 509 appellatum
938 421 1057 486 babens

30 543 134 594 autern
146 529 182 594 in
192 551 227 594 se
238 529 308 617 ipso
318 529 506 594 advocatum
518 528 672 616 Spiritum
687 540 831 594 sanctum
842 527 943 592 multo
955 529 1057 594 abnn-

31 637 154 701 dantius
160 659 261 722 quam
267 635 446 702 Zacharias.
459 635 565 714 Quem
572 635 701 723 quidem
711 635 872 702 charitatis
879 637 1057 702 enuberann

33 745 71 808 tiu
93 743 282 817 declararit3
306 745 423 832 quippe
444 746 497 832 qui
519 745 777 832 sustinueritpro
795 744 930 822 fratrum
948 737 1059 810 dalen-

34 853 120 916 sione
146 853 242 918 morti
262 864 363 916 semet
384 852 534 938 objicere.
559 851 634 915 Fuit
654 851 739 916 enim
764 862 866 917 otest
892 855 1059 940 germanus

38 959 155 1024 Christi
170 960 353 1046 discipulus,
368 983 501 1046 sequens
517 960 645 1046 rignum
660 982 861 1046 quocumque
874 961 956 1026 ierit.

76 1067 133 1132 IV.
155 1067 277 1134 Exinde
292 1068 387 1132 etiam
405 1067 518 1155 reliqui
535 1067 677 1154 dignosci
697 1090 736 1132 ac
754 1067 903 1155 distingui
922 1091 1058 1157 ooepere.

34 1177 72 1238 Et
99 1176 240 1262 prompti
266 1174 396 1262 quidem
418 1197 456 1238 ac
481 1175 583 1262 parati
601 1149 700 1239 ⁸erant
725 1187 983 1261 protomartyres,
1008 1176 1062 1263 qui

34 1305 163 1344 summa
192 1281 368 1347 animorum
396 1280 558 1346 alacritate
573 1280 754 1346 'solemnem
775 1280 861 1344 illurn
885 1281 1060 1368 Martyrum

36 1389 271 1455 confessionem
285 1389 459 1454 ediderunt.
478 1388 543 1467 Qui
554 1411 632 1454 sero
647 1389 791 1474 imparati
806 1400 839 1452 et
853 1389 1060 1464 inexercitati,

33 1518 97 1560 nec
112 1495 218 1560 firmis
236 1495 336 1562 adhuc
351 1507 441 1560 erant
455 1495 573 1560 viribus
590 1494 633 1559 ad
651 1496 805 1586 impetam
819 1496 899 1560 tanti
914 1498 1063 1560 certami-

33 1606 80 1669 nis
96 1603 333 1677 sustinendum,
349 1615 427 1670 tunc
437 1602 603 1668 manifeste
616 1614 798 1689 patuerunt.
818 1603 866 1666 Ex
880 1604 996 1690 quibua
1011 1605 1065 1670 de·

35 1735 107 1776 cem
119 1712 250 1802 circiter
268 1710 409 1798 collapsi,
425 1712 599 1776 maximum
614 1712 705 1776 nobis
720 1709 862 1776 dolorem
877 1724 909 1776 et
924 1711 1062 1777 incredi-

38 1820 135 1885 bilem
150 1817 278 1884 luctum
290 1817 476 1892 attulerunt3
495 1831 527 1883 et
546 1815 679 1882 aliorum
690 1815 885 1882 alacritatem
902 1817 1063 1906 degerunt
1178 1892 1181 1898 Ι

39 1929 89 2012 qui
108 1926 256 1992 nondum
273 1925 505 2012 comprehensi,
525 1923 599 1990 lic'et
617 1925 797 2012 gravissima
817 1935 1000 2012 paterentur
1014 1926 1065 1990 in-

40 2033 222 2106 commoda,
240 2045 348 2096 tamon
365 2032 554 2118 Martyribua
572 2043 686 2119 praesto
705 2031 847 2106 aderant,
868 2055 929 2099 neo
946 2035 986 2096 ab
1008 2056 1064 2098 eo-

41 2165 111 2206 rum
127 2152 305 2228 conspectu
319 2139 532 2224 discedebant.
554 2139 674 2206 Omnes
688 2151 766 2205 tunc
780 2141 931 2227 temporis
945 2142 1064 2234 gravis-

42 2251 120 2314 simo
139 2261 231 2314 metu
251 2246 389 2335 perculsi
408 2247 605 2312 haerebamus
624 2250 665 2313 ob
684 2248 842 2312 incertum
862 2247 1064 2320 confessionis

42 2369 298 2422 erontnmtnon
317 2356 402 2442 quod
417 2367 586 2430 tormenta,
604 2377 672 2442 quae
686 2355 914 2432 inferebantur,
935 2379 1067 2445 magno·

41 2488 118 2550 pero
139 2465 341 2554 timeremuss
365 2465 420 2528 sed
441 2463 590 2550 quoniam
610 2463 729 2525 exitum
749 2463 794 2528 rei
815 2464 921 2530 animo
942 2466 1067 2552 prospi—

45 2573 180 2644 cientes,
190 2595 232 2636 no
241 2572 309 2660 quis
321 2582 482 2636 corrueret
493 2571 690 2636 verebamur.
709 2569 1067 2656 comprehendebantur

45 2679 187 2768 quotidie
202 2679 253 2766 qni
269 2678 354 2765 digni
371 2689 460 2742 erant
481 2689 518 2742 ut
535 2699 703 2742 numerum
717 2676 844 2742 illorum
860 2676 1063 2764 supplerent:

46 2789 123 2854 adeo
136 2801 173 2854 ut
188 2811 228 2854 er
242 2798 375 2874 utraque
389 2785 529 2852 Ecclesia
543 2785 789 2873 prsestantissimi
804 2787 932 2872 quique,
949 2798 981 2850 et
992 2809 1069 2873 quo-

46 2919 116 2962 rum
130 2896 268 2962 maxime
282 2891 390 2958 labore
401 2905 496 2978 atque
508 2892 660 2957 industria
676 2915 726 2957 res
741 2893 794 2958 hic
809 2893 987 2958 constitutor
998 2885 1068 2958 ¹suo·

49 3017 131 3077 rant,
150 3001 246 3072 simul
265 3025 374 3068 omnes
393 3013 586 3066 tenerentur.
611 3001 703 3088 Capti
727 3013 801 3068 sant
814 2997 920 3080 ¹etiam,
939 3003 1067 3089 quidam

52 3123 228 3178 nostrorum
239 3113 335 3185 servi,
348 3111 547 3198 quigentiles
560 3123 666 3184 erant;
686 3112 941 3199 quandoquidem
954 3135 1068 3200 preses

53 3241 112 3282 nos
130 3239 235 3282 omnes
250 3219 366 3306 requiri
385 3217 487 3304 palam
503 3220 645 3306 jusserat.
669 3219 733 3298 Qui
752 3219 901 3284 daemonis
916 3221 1066 3308 impulsu,

50 3347 135 3392 cum.
144 3337 290 3390 tormenta
305 3325 547 3392 reformidarent
558 3349 628 3412 quae
639 3338 764 3391 sanctos
774 3327 895 3414 perpeti
906 3328 1067 3402 videbant,

46 3431 199 3508 militibus
216 3433 338 3522 adhoc
354 3434 458 3522 ipsum
476 3433 530 3499 eos¹
552 3434 767 3511 incitantibus,
791 3433 962 3520 Thyesteas
980 3425 1070 3521 quas·

44 3543 125 3612 darn.
136 3563 242 3610 coenas
257 3553 290 3606 et
303 3542 439 3637 incestos
452 3540 568 3630 OEdipi
588 3543 788 3616 concubitus,
804 3555 836 3606 et
850 3541 910 3616 alia
925 3565 993 3628 quas
1006 3567 1066 3609 nec

41 3649 189 3740 proloqui
210 3650 303 3716 nobis
316 3651 377 3714 neo
399 3651 540 3740 cogitare*
550 3651 598 3716 sas
612 3663 671 3726 est,
688 3675 726 3717 ac
740 3675 780 3716 no
796 3652 924 3718 credere
939 3653 1065 3740 qnidam

40 3760 235 3828 sustinemus
258 3758 342 3845 apud
361 3757 505 3844 hominos
527 3783 666 3847 unquam
687 3761 898 3848 permisisse,
921 3762 1068 3829 adversus

40 3891 101 3934 nos
118 3868 266 3962 ementiti
286 3874 368 3936 sunt.
392 3870 447 3936 llis
468 3870 500 3934 iu
522 3868 631 3957 vulgus
651 3871 775 3957 sparsis,
796 3891 905 3935 omnes
921 3873 1069 3941 continuo

134 4000 158 4041 r.
853 3980 889 4042 51
