2648 4634
262 214 325 278 566
578 233 690 280 sareas
715 232 828 278 sanans
852 232 912 276 ua.
942 231 982 275 ιιι
1276 203 1277 288 l

261 336 409 428 pitulans.
435 337 470 402 ln
492 335 639 404 omnibus
655 347 763 400 autem
777 347 825 400 cst
845 345 878 400 et
892 334 1009 408 homo,
1028 331 1176 421 plasmatio
1193 336 1239 402 lo:

261 458 294 514 ot
306 445 470 512 bominem
480 465 555 532 ergo
571 443 605 510 in
616 443 823 532 semetipsum
834 439 1052 530 recapitulans
1062 454 1119 518 oss,
1133 443 1243 512 ursulo
1276 485 1277 536 3

261 552 391 622 visibilis
406 552 523 628 lacius,
542 561 575 617 οι
594 547 922 640 incompreheusibilis
941 549 1048 616 lactus
1064 551 1246 640 comprobari
1276 539 1277 574 o

262 662 346 739 bilis,
362 673 395 726 et
409 658 610 748 impassibilis
626 659 795 750 passibilis,
811 671 845 728 et
863 658 1013 726 Verbum
1031 658 1246 734 hammonicam

262 774 295 838 iu
309 770 514 858 semetipsum
529 767 741 856 recapitulans
761 792 769 834 ι
786 768 845 845 usi,
858 767 944 834 sicul
962 768 997 833 in
1012 765 1247 855 superemlostiim

262 893 295 946 et
309 876 536 968 spiritualibus.
552 888 586 941 et
600 873 809 944 invisibilibus
823 876 977 965 princeps
999 887 1050 940 cst
1063 873 1190 941 Verbum
1203 874 1247 948 ilai

262 991 310 1057 sic'
321 1001 354 1054 at
369 989 402 1054 in
418 986 593 1056 visibilibus
609 1000 642 1054 el
656 985 874 1076 corporalibus
888 985 1109 1076 principatum
1124 985 1249 1059 babesl‚'u

262 1097 467 1186 semetipsum
482 1096 655 1186 primatum
669 1118 844 1173 assumens,
859 1108 894 1164 et
914 1118 1084 1185 apponens
1097 1094 1248 1182 semalipsm

263 1217 358 1297 caput
376 1205 541 1284 Ecclesiae,
561 1207 705 1272 universa
725 1206 864 1273 attrahet
881 1205 924 1272 ad
941 1204 1148 1293 semetipsum
1163 1202 1246 1292 sploio

263 1331 419 1406 tempore.

308 1421 393 1490 Nihil
408 1424 494 1489 enim
510 1423 711 1512 incomptum
725 1423 1099 1513 atqueintempestirum
1112 1417 1186 1507 spusl
1197 1437 1246 1483 em

263 1531 424 1622 quomodo
448 1554 508 1598 nec
529 1533 743 1622 incongruens
765 1544 814 1600 est
834 1532 921 1622 apud
941 1531 1085 1598 Patrem.
1109 1525 1244 1614 Prasoopls

263 1655 338 1708 sunt
353 1642 439 1708 enim
449 1639 556 1706 omnio
568 1663 587 1706 a
601 1638 708 1716 Patre.
722 1640 935 1730 perficiuntur
949 1653 1064 1708 sutem
1078 1661 1096 1702 a
1111 1634 1190 1708 Filio,
1201 1633 1244 1698 aa

263 1772 441 1841 congruum
459 1762 492 1815 et
511 1772 709 1838 consequens
728 1763 789 1828 est,
808 1763 883 1840 apto
903 1763 1065 1839 tempore.
1089 1741 1242 1834 Proplcrla

262 1869 454 1950 properante
473 1855 571 1925 Maria
591 1857 632 1924 ed
650 1858 837 1926 admirabile
852 1860 916 1928 vini
931 1860 1076 1949 signum,
1092 1867 1123 1921 et
1135 1862 1243 1920 mlelou

261 1992 321 2060 pus
336 1968 461 2037 volente
478 1969 669 2059 participare
684 1969 867 2060 compendii
881 1969 1015 2060 poculo,
1036 1967 1176 2036 Dominus
1186 1957 1242 2048 real

263 2075 331 2144 lens
345 2078 415 2165 ejus
430 2078 687 2167 intempestivam
704 2078 953 2157 festinationem,
968 2078 1075 2146 dixit:
1098 2065 1241 2154 ‹Quidllll

264 2217 276 2250 r
290 2199 323 2252 et
332 2187 390 2252 tibi
402 2200 462 2264 est,
474 2185 612 2254 mulieri
623 2189 769 2256 nondum
778 2190 865 2256 venit
874 2189 952 2256 hora
962 2211 1039 2256 mea
1049 2186 1077 2258 ἰ
1091 2213 1104 2246 s
1117 2189 1240 2269 enm

263 2317 333 2362 eam
348 2295 464 2362 horam
479 2318 550 2386 quse
568 2311 617 2366 est
634 2322 652 2364 a
668 2299 761 2366 Patro
775 2301 978 2390 pracognita.
1002 2299 1133 2386 Propter
1144 2289 1239 2357 locu

263 2430 345 2496 saepe
360 2405 477 2474 vellent
492 2431 567 2476 eum
582 2409 728 2476 homines
742 2409 981 2500 apprehendere
997 2433 1005 2474 ι
1032 2406 1160 2476 «Nemo,
1172 2392 1239 2480 lulli

264 2549 277 2582 s
291 2519 422 2613 immisit
433 2539 547 2584 manus
558 2519 587 2585 ei
600 2541 609 2582 ι
629 2519 774 2586 nondum
788 2520 874 2588 enim
886 2531 1019 2585 venerat
1035 2518 1112 2583 horo
1125 2502 1239 2599 appiolis*

265 2629 386 2697 »sionis
395 2626 446 2705 ’,ι
461 2648 521 2694 nec
536 2638 662 2715 tempus
672 2628 840 2716 passionis,
855 2626 943 2714 quod
952 2622 1171 2716 praeeoguilum
1182 2613 1237 2678 [ιιι

265 2762 283 2804 ι
299 2738 408 2810 Patras
427 2733 698 2824 quemadmodum
716 2747 750 2802 et
764 2736 916 2804 Habacuc
930 2735 1087 2824 propbeta
1100 2727 1158 2793 ait:
1172 2719 1239 2785 olna

235 2919 238 2928 Α
265 2871 366 2916 »uum
382 2845 667 2936 appropinquarint
680 2847 769 2922 anni,
788 2846 1003 2936 cognosceris,
1022 2846 1055 2912 in
1069 2839 1188 2906 adveatu
1199 2839 1241 2891 iffi

263 2988 278 3043 s
291 2957 377 3048 poris
394 2955 582 3030 ostenderis,
601 2956 635 3022 in
653 2979 693 3022 eo
708 2957 795 3045 quod
809 2958 958 3024 turbetur
973 2957 1078 3024 anima
1097 2967 1158 3016 mos
1173 2941 1198 3006 ia
1209 2936 1240 3002 iro

265 3065 516 3136 »misericordias
538 3077 600 3132 tuae
623 3067 852 3133 memoraberis
864 3066 918 3132 ⁸.»
946 3065 1012 3132 Sed
1032 3076 1066 3132 es
1084 3054 1183 3146 Paulus
1197 3045 1241 3110 ai:

273 3177 380 3243 «eum
398 3185 507 3242 aulem
519 3173 604 3240 venit
623 3171 787 3264 plenitudo
805 3176 971 3264 temporis,
984 3174 1069 3242 misit
1081 3170 1156 3236 Deus
1168 3153 1243 3226 Filo

264 3282 418 3352 »suum⁴.
434 3313 446 3346 r
466 3281 527 3350 Per
540 3285 627 3374 quod
642 3284 844 3354 manileslum
860 3298 920 3362 est,
940 3284 1088 3374 quonism
1103 3270 1189 3344 omni!
1200 3279 1242 3350 qua

265 3394 455 3488 precognita
467 3406 559 3460 orant
569 3417 587 3459 a
597 3393 705 3474 Patre,
721 3395 845 3472 ordine,
862 3408 895 3464 et
906 3407 1062 3485 tempore,
1076 3400 1107 3456 el
1120 3385 1184 3452 hom
1195 3389 1244 3461 ln*

266 3507 392 3596 cognita
410 3515 443 3572 et
461 3516 534 3595 apta
554 3505 687 3594 perfecit
708 3507 863 3574 Dominus
881 3518 1099 3583 noster,'uuus
1115 3485 1242 3583 quidemst
1274 3471 1275 3536 l

266 3617 353 3686 idem
366 3615 515 3693 existens,
533 3614 621 3684 dives
632 3628 783 3684 suismet
797 3615 926 3685 multus
945 3616 1040 3684 Diriti
1051 3587 1243 3700 enimamllss

268 3722 421 3793 voluntati
440 3723 540 3790 Patris
557 3723 703 3802 deservit,
721 3747 795 3793 cum
815 3727 855 3794 sit
871 3725 936 3815 ipso
955 3723 1092 3792 solvam
1105 3725 1194 3780 oorum
1207 3711 1240 3780 ιιι
1273 3716 1274 3754 ι

302 3850 394 3900 ¹Josu.
407 3868 437 3909 ιι,
447 3851 470 3899 3.
482 3850 531 3888 -²
540 3852 615 3906 ioan.
629 3871 674 3916 su,
687 3854 726 3905 30.
739 3882 770 3892 -
780 3853 790 3890 ⁸
801 3853 899 3904 Habes.
911 3872 950 3916 ιιι,
962 3871 984 3904 ι.
995 3851 1042 3894 -⁴
1053 3845 1126 3902 Gslu·
1136 3829 1190 3892 ml·
