2606 4620
305 262 345 302 an
368 257 549 303 aronnarmr
571 253 730 298 sorssors.
962 224 1026 306 lyr

27 381 121 456 gnant.
140 368 251 435 Anima
273 387 401 455 carnem
423 375 520 438 amnt,
539 383 609 449 qum
632 361 732 447 ipsam
758 355 838 430 odit,
857 364 890 418 at
911 351 1028 438 (amat)

27 479 155 542 membra
167 477 205 562 .(
214 475 277 562 sie)
292 475 388 538 etiam
403 470 571 538 Christiani
584 478 690 534 amant
700 487 815 532 osores.
831 459 956 528 lnclusa
967 458 1035 546 qui-

27 583 93 649 dam
110 596 153 650 est
166 584 269 648 anima
286 601 432 668 corpore,
451 577 507 644 sed
521 578 586 664 ipsa
602 598 716 662 corpus
732 582 896 638 conservat
916 591 924 632 ι
951 567 1032 654 (sic)
1083 611 1086 618 ι

26 703 57 758 ct
73 692 233 758 Christiani
245 691 426 756 detinentur
437 685 566 775 quidem
577 685 609 749 in
621 683 752 758 mundo,
764 694 915 768 tanquam
926 678 959 742 in
969 697 1039 743 eus·

28 797 118 872 todia,
134 798 187 862 sed
204 797 262 885 ipsi
281 795 438 861 mundum
457 803 653 858 conservant.
673 786 860 856 Immortalis
877 785 982 851 anima
1004 783 1037 847 in

28 905 141 970 mortali
156 902 358 972 tahernmulo
373 901 493 968 habitat
506 924 514 964 ε
534 911 567 965 et
582 897 750 966 Christiani
765 896 816 962 illa
828 919 898 985 quae
910 915 1039 980 corrup-

28 1014 100 1078 tioni
115 1025 184 1078 sunt
199 1013 335 1094 obnoxiu
349 1023 500 1098 tanquam
515 1007 661 1096 inquilini
674 1005 828 1081 incolunt,
848 1003 1039 1090 incorrupti·
1107 1077 1112 1094 ι

27 1120 172 1187 bilitatem
184 1121 344 1187 coelestem
355 1130 580 1207 exspectantes.
600 1117 726 1192 Anima,
742 1117 819 1180 dum
831 1115 902 1180 ciho
915 1125 948 1178 et
962 1119 1041 1200 potu

27 1227 104 1294 mulo
123 1239 289 1303 tractatur,
313 1227 350 1292 fit
375 1225 513 1291 melior:
537 1236 569 1290 et
592 1225 669 1290 dum
692 1223 860 1290 Christiani
883 1218 1042 1309 suppliciis

27 1335 201 1401 alliciuntur
211 1334 362 1422 quotidie,
375 1356 525 1398 numerus
536 1355 648 1406 eorum
660 1330 783 1397 crescit.
798 1330 883 1395 Deus
895 1327 963 1392 illos
979 1337 1044 1392 tam

26 1441 173 1530 insignem
185 1455 292 1507 tenere
304 1439 411 1506 locum
426 1439 536 1516 voluit,
548 1461 645 1528 quam
655 1438 714 1510 illis
727 1438 873 1520 nelasest
884 1436 1041 1524 defugere.

68 1547 135 1616 Vll.
160 1549 230 1616 Non
253 1549 338 1614 enim
359 1559 535 1622 terrenum,
558 1558 593 1612 ut
610 1547 686 1623 dixi,
709 1548 885 1622 inventum,
908 1545 970 1610 hoc
988 1542 1048 1608 illis

27 1659 174 1722 traditum
188 1670 251 1732 est;
274 1681 379 1743 neque
393 1655 540 1730 mortalis=
549 1669 596 1722 est
608 1656 848 1731 commentatio,
861 1677 958 1742 quam
968 1653 1048 1718 adeo

26 1779 171 1832 accurate
197 1766 437 1832 custodiendam
458 1766 516 1832 sihi
536 1777 683 1838 censeam
711 1787 815 1852 neque
836 1764 1050 1830 humanorum
1140 1775 1142 1782 ’

26 1876 246 1961 mysteriorum
266 1874 440 1939 oeconomia
461 1872 521 1939 illis
543 1875 709 1940 commissa
729 1885 776 1938 est
794 1897 802 1938 :
820 1873 875 1938 sed
890 1873 956 1961 ipse
978 1893 1050 1938 vere

26 1983 124 2056 Deus,
140 1982 193 2069 qui
208 1994 255 2046 est
275 1982 487 2070 omnipotens,
503 1994 536 2048 et
556 1981 698 2046 omnium
714 1980 872 2056 conditor,
890 2004 928 2046 ac
945 1979 1034 2044 invisi

26 2089 111 2165 hilis,
127 2114 146 2156 a
162 2089 249 2182 coelis
263 2089 436 2158 Veritatem
455 2103 488 2156 et
500 2091 644 2158 Verbum
659 2103 804 2157 sanctum
818 2112 857 2156 ac
873 2091 1053 2177 incompra-

26 2199 181 2266 hensihile
189 2200 272 2266 inter
280 2200 423 2288 homines
431 2199 558 2277 locarit,
571 2214 603 2268 et
614 2202 647 2268 in
656 2201 805 2277 cordibus
812 2223 923 2267 corum
930 2199 1055 2264 firmam

25 2309 152 2374 hahere>
161 2307 270 2374 sedem
277 2306 375 2374 voluit
379 2333 390 2383 ς
404 2331 481 2386 non,
495 2310 764 2398 quemadmodum
773 2308 1064 2397 aliquisconjicere'

24 2417 136 2504 possit,
161 2417 256 2483 misso
279 2417 461 2484 hominihus
479 2419 623 2484 ministro
642 2419 760 2508 aliquo,
779 2431 834 2485 aut
856 2418 1057 2509 angelo,²aut

24 2525 181 2613 principe,
194 2535 248 2590 aut
263 2521 367 2614 aliquo
378 2549 488 2604 eorum
500 2529 553 2614 qui
565 2539 690 2593 terrena
706 2531 896 2618 gubernant,
910 2540 965 2594 aut
981 2549 1057 2615 quo-

23 2634 111 2720 piam
124 2635 361 2721 eorumquibus
379 2637 545 2702 commissa
557 2649 606 2704 est
622 2660 730 2702 rerum
747 2638 780 2703 in
800 2636 887 2702 coelis
905 2636 1059 2700 adminis-

24 2744 215 2810 trandarum
230 2767 318 2821 cura,
332 2745 387 2811 sed
402 2746 470 2834 ipso
485 2745 609 2834 Opilicc
622 2759 655 2810 et
669 2759 812 2812 creatore
825 2745 983 2817 omnium,
996 2757 1062 2830 qu'o'

22 2849 125 2916 coelos
147 2851 301 2927 condidit,
326 2875 391 2938 quo
410 2854 583 2918 marescis
606 2855 748 2919 terminis
774 2851 942 2927 conclusit,
968 2853 1066 2941 cnjus

22 2960 178 3045 mysteria
194 2956 328 3024 fideliter
339 2962 378 3025 ah
395 2961 542 3028 omnihus
556 2958 720 3026 elementis
736 2964 985 3036 observantur.·a
997 2984 1060 3049 quo

24 3078 115 3132 certa
128 3067 228 3154 spatia
244 3067 430 3134 diurnorum
442 3091 595 3134 cursuum
609 3068 694 3158 (sol)
711 3071 906 3136 observanda
918 3072 1066 3159 accepitt'

25 3174 81 3238 cui
96 3183 188 3260 paret
199 3171 286 3248 luna,
302 3175 425 3261 jubenti
440 3199 510 3242 eam
524 3174 633 3243 lucam
647 3178 751 3250 nocti;
776 3179 829 3244 cui
845 3190 928 3244 astra
941 3182 1065 3246 ohtam-

23 3289 157 3366 perant,
167 3276 248 3344 lunae
260 3301 388 3346 cursum
395 3283 559 3369 sequentia
571 3306 607 3357 aa
619 3307 682 3371 quo
694 3284 800 3351 omnia
813 3284 963 3374 disposita
976 3297 1062 3361 sunt,

22 3395 58 3450 et
74 3385 144 3450 suis
162 3384 316 3452 limitibus
332 3387 588 3480 circumscriptus
608 3403 642 3458 et
655 3392 707 3458 cui
722 3405 797 3458 sunt
816 3395 977 3481 supposita
993 3394 1064 3461 coeli

21 3507 56 3560 ot
73 3518 150 3582 quaa
165 3496 198 3562 in
214 3495 301 3563 coelis
317 3512 403 3575 sunt,
420 3511 503 3566 terra
525 3514 558 3568 et
576 3525 647 3590 quae
663 3504 696 3570 iu
718 3513 802 3570 terra
824 3514 910 3579 sunt,
927 3527 1014 3592 mare
1032 3517 1065 3570 et

20 3627 97 3690 qum
123 3605 159 3672 in
180 3606 273 3681 mari,
299 3607 391 3696 ignis,
417 3632 485 3685 aer,
511 3612 656 3698 abyssus,
678 3635 748 3700 quse
772 3591 806 3678 in
833 3611 1072 3689 altitudinibus·

20 3737 98 3800 quae
115 3714 150 3778 in
163 3714 442 3802 profunditatibus,
459 3742 529 3805 quae
543 3721 576 3786 in
588 3722 693 3788 medio
712 3721 831 3806 (locata
846 3727 955 3812 sunt).
971 3725 1065 3790 Hunc

22 3825 69 3892 ad
86 3847 146 3892 eos
166 3825 252 3892 misit
270 3850 278 3891 ε
296 3849 349 3902 an,
372 3841 407 3894 ut
426 3827 537 3918 aliquis
555 3831 720 3906 hominum
736 3833 875 3922 cogitare
894 3835 1005 3922 possit,
1019 3847 1070 3921 ty·
