2684 4638
245 275 309 354 tol,
567 297 683 344 sarcre
705 297 821 344 narrar
842 299 904 344 arr.
930 299 956 344 u

243 407 347 496 pheta
365 404 438 494 ipsi,
457 425 533 472 cum
550 415 656 475 oseem
674 404 708 472 ia
726 417 824 484 terra,
843 429 1057 497 quaecumque
1081 407 1297 496 spiritualiter

243 515 420 584 secundum
431 514 566 582 visiones
577 513 755 582 celestium
770 517 890 593 vident,
907 515 957 584 rel
967 517 1125 596 audiunt,
1143 517 1216 608 ipsi
1228 543 1298 606 quo

244 650 306 717 que
321 627 534 696 meminerunt
549 626 761 694 inhominem
779 628 936 705 conversi,
957 639 990 693 et
1005 626 1149 717 reliquis
1169 651 1297 694 aunuu-

244 740 324 806 tiant
341 761 350 803 ε
372 750 407 803 at
419 760 486 805 non
499 759 616 827 corpus
629 736 822 807 obfivionem
836 737 934 805 ellicit
948 738 1065 805 animer
1087 761 1218 805 eorum
1233 763 1293 828 qua

244 845 447 937 spiritualiter
463 847 529 912 visa
543 858 632 920 eunte
653 847 710 916 sed
724 847 829 914 anima
844 848 939 920 docet
953 871 1089 940 corpus,
1108 859 1147 916 et
1164 851 1292 938 partiri-

242 967 297 1046 pat
311 955 351 1021 de
366 951 520 1044 spirituali
535 955 564 1021 ei
580 955 662 1023 lacta
679 955 808 1022 visione.

288 1062 358 1130 Non
373 1063 458 1130 enim
474 1074 523 1128 est
541 1061 653 1130 lortius
667 1085 784 1152 eorpus
799 1085 896 1152 quam
909 1063 1029 1141 anima,
1051 1066 1151 1155 quod
1168 1067 1289 1154 quidem

241 1173 282 1240 eb
303 1169 355 1238 illa
376 1170 526 1261 spiratur,
549 1184 582 1238 et
601 1171 789 1248 vivificatur,
811 1184 844 1240 et
861 1187 1007 1263 augetur,
1026 1187 1063 1239 et
1077 1175 1285 1247 articulatur:

242 1283 299 1352 sed
313 1283 418 1352 anima
432 1281 573 1372 possidet
591 1293 624 1349 et
641 1283 839 1372 principatur
858 1283 995 1374 corpori.
1018 1282 1177 1352 Tantum
1192 1299 1286 1352 auten

244 1395 415 1483 impeditur
433 1415 452 1458 a
470 1414 527 1460 sua
546 1389 727 1470 velocitate,
747 1406 901 1481 quantum
922 1417 1039 1483 eorpus
1058 1396 1283 1487 participatde

242 1503 478 1593 ejusmotionee
493 1501 625 1569 sednon
635 1502 753 1568 amittit
763 1525 855 1570 suam
865 1503 1042 1570 seientiam.
1060 1503 1202 1596 Corpus
1213 1507 1283 1572 enin

243 1637 361 1705 organo
376 1610 478 1680 simile
494 1624 558 1686 est;
580 1611 685 1680 anima
703 1624 811 1679 autam
825 1611 955 1680 artificis
969 1615 1139 1681 rationem
1156 1617 1280 1683 obtine.

244 1723 524 1805 Quemadmodum
543 1722 649 1812 itaque
669 1722 780 1789 artilex
796 1721 949 1792 velociter
969 1723 1105 1812 quidem
1129 1727 1281 1816 operatio

242 1855 317 1900 nem
327 1833 506 1902 seeundum
521 1855 554 1899 se
568 1831 741 1909 adinvenit,
759 1831 791 1897 in
805 1855 926 1924 organo
937 1844 1047 1900 autem
1063 1835 1197 1902 tardius
1209 1836 1279 1902 illan

242 1943 379 2033 perlicit,
394 1956 525 2032 propter
538 1941 583 2008 rei
599 1941 751 2030 subjectae
762 1940 1031 2019 immobilitatem,
1041 1955 1083 2008 'et
1097 1943 1191 2012 illius
1205 1969 1279 2012 maa

239 2053 281 2120 tis
302 2051 451 2122 velocitas
471 2053 608 2120 admixta
630 2052 770 2119 tarditati
790 2052 900 2142 organi
923 2065 1141 2142 temperatam
1165 2057 1276 2146 perficit

226 2163 458 2252 ‚operationem
475 2184 484 2226 ε
507 2162 552 2229 sio
567 2173 600 2227 et
614 2160 718 2228 anima
734 2160 927 2250 participans
942 2175 999 2226 suo
1016 2165 1168 2252 corpori,
1184 2165 1276 2231 modi·

242 2296 316 2339 oum
331 2272 460 2361 quidem
475 2271 659 2360 impeditur,
676 2271 814 2338 admixta
828 2268 992 2340 velocitate
1007 2272 1080 2361 ejus
1094 2274 1133 2340 in
1145 2275 1274 2365 eorporis

240 2381 403 2455 tarditates
427 2403 493 2447 non
512 2379 629 2444 amittit
648 2391 757 2446 autem
777 2380 809 2445 in
828 2391 934 2446 totum
953 2403 1026 2447 suas
1047 2383 1200 2459 virtutes,
1222 2382 1272 2448 sed

240 2490 328 2581 quasi
340 2489 436 2557 vitam
450 2487 643 2578 participans
655 2489 793 2578 corpori,
811 2489 878 2578 ipsa
892 2490 997 2558 virere
1013 2512 1079 2556 non
1091 2505 1210 2558 cessat.
1227 2491 1272 2557 Sie

239 2613 273 2667 et
291 2601 331 2668 de
351 2597 478 2688 reliquis
500 2596 529 2662 ei
549 2597 802 2674 communicans,
825 2621 930 2686 neque
948 2598 1116 2666 seientiam
1138 2601 1270 2692 ipsorum

238 2712 357 2802 perdit,
372 2731 475 2798 neque
491 2706 679 2774 memoriam
696 2706 923 2796 inspectorum.

283 2823 317 2888 Si
333 2823 438 2912 itaque
453 2817 569 2886 nullius
580 2817 813 2908 praeteritorum
828 2819 985 2898 meminit,
1001 2821 1058 2886 sed
1068 2823 1269 2891 existentium

238 2933 403 3002 seientiam
421 2931 475 2998 hic
493 2929 643 3020 percipit3
665 2951 730 2996 non
750 2928 844 3018 igitur
861 2930 894 2995 in
914 2928 981 2996 aliis
1002 2933 1196 3021 corporibus
1220 2934 1272 3000 sar

238 3043 408 3134 aliquando
421 3065 524 3133 neque
544 3041 608 3132 egit
629 3064 699 3129 quae
720 3063 761 3106 ne
777 3041 905 3129 quidem
921 3044 1075 3132 agnoseit,
1098 3067 1209 3134 neque
1224 3071 1274 3114 no

236 3156 282 3222 vit
298 3177 370 3244 quaa
392 3153 520 3242 quidem
540 3173 643 3238 neque
663 3149 759 3215 ridet.
789 3147 854 3216 Sed
876 3151 1151 3239 quemdamodum
1175 3179 1273 3221 unus-

237 3270 368 3358 quisque
385 3276 530 3332 nostrum
546 3285 640 3330 suum
655 3285 771 3351 eorpus
787 3283 844 3351 per
858 3275 960 3338 artem
974 3264 1031 3329 Dei
1048 3266 1159 3342 sumit,
1181 3267 1230 3333 sic
1245 3279 1273 3332 et

235 3399 325 3446 suam
340 3377 438 3444 habet
452 3372 602 3442 animam.
622 3371 731 3460 Neque
748 3371 835 3437 enim
853 3371 899 3439 sio
915 3395 1049 3462 pauper,
1066 3396 1173 3464 neque
1187 3375 1275 3444 indi-

235 3511 312 3578 gens
326 3471 428 3560 Deus,
443 3494 554 3551 utnon
565 3480 738 3568 unicuique
750 3479 877 3570 corpori
887 3481 1049 3570 propriam
1061 3481 1197 3550 donaret
1208 3485 1273 3552 ani-

235 3621 334 3673 mam,
356 3591 625 3686 quemadmodum
647 3603 680 3658 et
701 3590 865 3680 proprium
883 3591 1113 3658 characterem.
1139 3594 1181 3658 Et
1199 3595 1271 3658 ideo

235 3705 406 3796 adimpleto
420 3725 555 3772 numero
570 3723 666 3790 quem
680 3700 746 3789 ipse
761 3698 847 3789 apud
862 3721 895 3765 se
911 3713 983 3768 ante
999 3698 1135 3776 definiit,
1156 3723 1268 3766 omnes

235 3816 428 3905 quicumque
442 3825 516 3880 sunt
530 3811 638 3899 scripti
653 3810 686 3874 in
699 3808 811 3886 vitam,
827 3823 1004 3900 resurgent,
1021 3832 1078 3876 sua
1090 3831 1223 3898 corpora
1236 3822 1267 3876 et
1326 3855 1327 3872 ,

234 3945 307 3992 anas
325 3922 478 4024 halrentes
497 3923 629 3998 enimes,
649 3933 773 3988 stauos
791 3919 931 4010 spiritus,
951 3919 985 3987 in
1003 3919 1119 4008 quibus
1135 3919 1266 4008 pluere·
1326 3981 1327 4024 q
