2606 4620
227 329 378 380 oranooos
403 329 465 377 cun
487 323 654 376 rarauonu
676 327 793 372 sonno.
966 307 1030 394 449

6 459 85 510 turos
99 443 137 510 ita
151 439 378 534 intelligamus,
401 461 440 505 eo
454 460 506 504 res
528 436 641 504 evadet
660 448 696 502 ut
714 435 857 502 Poterat
876 433 1031 530 Dominus

1 555 213 622 uniuersorum
228 563 308 617 tuno
322 548 357 614 in
372 544 460 615 omlis
476 569 541 614 non
555 547 663 623 luerit,
676 567 752 613 oum
766 567 824 636 per
834 544 956 614 Mosem
967 545 1033 616 dio-

1 677 70 730 tum
90 673 157 729 est:
176 687 189 723 ι
207 663 248 728 Et
268 659 425 728 Dominus
449 657 531 747 pluit
552 673 648 748 super
670 655 877 724 Sodomam'
867 679 978 746 ignem
1000 668 1033 724 et

4 771 156 862 »sulphur
174 795 192 836 a
213 770 352 838 Domino
367 793 406 834 ex
426 767 525 836 eoelo¹
542 790 550 834 ι
570 777 653 834 »eut
671 789 745 834 oum
760 790 869 834 rursus
887 790 945 858 per
965 768 1032 834 Du-

4 885 103 949 videm
121 905 128 946 :
146 880 287 948 «Tollite
307 891 426 971 portes,
450 879 626 970 Principes,
649 889 785 954 vestrum
808 890 841 945 et
862 877 1036 947 elevamini

3 1023 16 1056 ι
32 1003 124 1083 portae
138 1002 286 1058 uterne:
305 1003 338 1057 et
352 989 496 1058 introibit
510 989 578 1056 Rex
592 987 717 1080 gloriae⁸
731 1011 740 1054 ι
758 1013 772 1052 ι
786 1001 930 1057 autenm
945 989 1033 1058 idem

1 1104 45 1168 eit
63 1125 71 1166 z
89 1127 101 1162 ι
118 1101 204 1168 Dixit
217 1099 373 1169 Dominus
389 1099 527 1168 Domino
543 1120 616 1165 meo
634 1121 643 1164 ι
661 1097 746 1165 Sede
764 1120 782 1163 u
803 1097 919 1166 dextris
938 1100 1031 1180 meis,

2 1239 15 1272 ο
31 1211 127 1278 donee
139 1231 258 1298 ponem
272 1207 419 1275 inimicos
434 1219 506 1274 tuos
518 1203 694 1274 scabellum
705 1203 826 1295 pedum
836 1206 995 1276 tuomm‘.
1010 1235 1024 1270 ι

45 1317 218 1388 cxxvlll.
236 1318 284 1387 rlo
298 1319 463 1386 Christum
478 1317 607 1407 quidem
621 1317 797 1384 Dominum
811 1328 844 1383 et
857 1315 962 1384 Deum
971 1317 1032 1386 Dei

1 1429 112 1498 Filium
126 1453 207 1506 esse,
223 1440 256 1495 et
274 1429 390 1494 virtute
405 1429 494 1517 prius
508 1427 691 1517 apparuisse
706 1437 743 1492 ut
758 1427 865 1494 virum
883 1438 917 1493 et
935 1451 1034 1518 ange-

12 1565 78 1617 um,
95 1552 126 1606 et
138 1540 170 1605 in
185 1537 283 1628 glorie
299 1538 392 1628 iguis,
407 1536 494 1604 velut
510 1537 543 1603 in
557 1539 640 1604 rubo
652 1549 685 1603 et
697 1537 730 1604 in
745 1535 869 1626 judicio
880 1537 920 1603 de
936 1535 1035 1604 Sodo-

0 1706 1 1711 ,
14 1652 56 1717 is
71 1651 165 1726 fecto,
181 1649 247 1738 jam
258 1647 405 1738 pluribus
420 1646 673 1713 demonstratum
689 1657 748 1712 est.
770 1644 961 1714 Rolereltem
976 1670 1035 1714 nu-

1 1776 62 1826 tem
77 1763 191 1826 iterum
211 1757 317 1826 omnin
339 1781 409 1848 quse
432 1758 520 1848 prius
535 1781 575 1823 ex
595 1756 708 1824 Exodo
726 1756 892 1846 descripsi,
910 1767 979 1825 tum
995 1757 1036 1826 de

16 1869 114 1936 isione
129 1869 163 1934 in
178 1869 260 1934 rubo
280 1865 400 1943 oblata,
417 1879 487 1933 tum
503 1867 543 1932 de
562 1865 709 1956 imposita
730 1867 870 1934 nominis
888 1865 967 1936 Jesu
983 1892 1036 1960 ap

2 1977 182 2052 ellatione3
197 1988 330 2066 tumque
348 1977 418 2044 haeo
433 1977 564 2066 insuper
579 1975 709 2042 addidi:
724 1975 771 2044 Ne
781 1976 972 2045 existimetis
983 2002 1035 2046 me

2 2087 100 2154 erbis
112 2085 361 2178 superfluentem
376 2087 445 2155 haeo
456 2085 570 2177 saepius
584 2086 716 2161 iterure;
732 2086 789 2154 sed
806 2087 880 2180 quia
895 2085 1033 2157 nonnul·

5 2221 42 2262 os
57 2197 154 2263 etiam
169 2219 238 2264 esse
253 2196 319 2263 scio
331 2195 384 2285 qui
402 2194 472 2263 baeo
487 2217 646 2286 occupare
661 2193 772 2276 velint,
788 2219 827 2266 ao
852 2197 960 2267 dioero
973 2199 1033 2266 vir

1 2317 96 2372 ,utem
107 2303 206 2382 illem,
221 2329 291 2395 quse
303 2327 321 2370 a
332 2301 426 2371 Putre
438 2305 659 2372 universorum
670 2305 749 2374 Moei
764 2321 820 2375 eut
831 2309 967 2377 Abruhae
978 2322 1035 2376 aut

11 2419 93 2484 noob
102 2418 262 2508 apparuit,
272 2412 430 2506 Angelum
438 2415 543 2484 vooeri
555 2439 632 2484 oum
643 2418 684 2484 ad
695 2418 840 2487 homines
851 2421 949 2497 venit,
959 2421 1033 2510 quio

1 2549 52 2591 ›er
68 2549 139 2592 eom
154 2526 303 2593 mandute
324 2525 425 2593 Patris
443 2526 628 2594 bominibus
648 2529 850 2605 nuntienturr
876 2529 1032 2611 Gloriam,
1129 2525 1133 2534 ’

16 2635 67 2700 uia
79 2657 138 2724 per
149 2635 225 2714 visa,
236 2659 306 2724 quae
319 2637 466 2704 sustineri
478 2662 542 2706 non
553 2652 698 2728 possunt,
711 2651 842 2731 apparet
853 2641 1029 2717 interdum

19 2749 107 2814 irum
123 2747 295 2840 aliquando
305 2761 339 2816 et
349 2751 533 2828 Hominem,
549 2752 623 2842 quia
635 2751 668 2818 in
678 2752 836 2841 ejusmodi
852 2752 962 2820 formis
974 2779 1033 2846 pro

8 2857 155 2924 oluutute
177 2857 278 2925 Petris
296 2859 506 2950 conspiciturr
529 2858 672 2926 Verbum
697 2861 836 2950 denique
858 2861 1031 2960 appellunt,

1 2970 63 3056 puis
78 2967 183 3034 Putris
199 2989 361 3035 sermones
372 2968 413 3034 ad
424 2969 571 3036 homines
585 2969 733 3060 perferet.
749 2971 841 3038 liano
852 2983 961 3040 nutem
973 2973 1033 3039 vir-

2 3090 126 3142 utema
143 3073 238 3143 Patre
249 3079 392 3146 abscindi
406 3091 463 3145 eut
478 3079 616 3168 separari
628 3102 694 3145 non
705 3101 811 3169 posse,
827 3083 1034 3171 quemadmo

1 3185 70 3250 lum
93 3183 151 3250 lux
171 3184 244 3251 solis
260 3188 293 3254 in
312 3200 396 3254 terra
412 3186 558 3255 ubsoindi
570 3200 611 3254 et
632 3190 771 3280 seperari
793 3192 905 3281 nequit
926 3217 945 3260 u
967 3195 1033 3262 sole

2 3293 41 3378 ui
59 3290 162 3356 estin
178 3289 273 3370 eoelo,
286 3305 404 3361 etcum
420 3295 466 3362 sol
481 3296 648 3374 occiderit,
662 3295 717 3364 lux
727 3297 821 3366 simul
832 3301 972 3368 oceidit:
988 3304 1034 3372 sio

2 3426 62 3468 um
79 3399 153 3468 vult
167 3401 274 3479 Peter,
286 3404 446 3494 inquiunt,
462 3405 539 3474 lucit
551 3418 587 3474 ut
598 3407 697 3477 virtus
709 3410 780 3499 ejus
794 3411 950 3502 prosiliatr
965 3438 1035 3482 rur-

3 3535 36 3576 ιι
54 3533 137 3578 cum
150 3509 232 3588 vult,
249 3510 335 3580 illam
347 3513 389 3580 ad
403 3514 542 3604 seipsum
558 3515 705 3602 reflectit.
721 3520 844 3588 Eodem
863 3523 959 3589 modo
974 3549 1034 3594 un—

4 3621 77 3688 elos
96 3621 198 3688 etiam
217 3623 259 3690 ab
276 3646 316 3691 eo
338 3623 408 3690 fieri
427 3624 555 3694 docent.
582 3627 648 3696 Sed
664 3627 792 3720 angelos
815 3631 944 3721 quidem
963 3659 1031 3704 osse

2 3753 20 3798 o
46 3753 180 3820 semper
199 3755 348 3812 manere,
366 3759 470 3826 neque
488 3736 522 3804 in
540 3737 573 3804 id
593 3761 633 3805 ex
651 3764 715 3829 quo
737 3741 869 3810 extitere
890 3745 1030 3825 dissolvi,

2 3851 247 3910 emonstrutum
267 3857 324 3912 est.
344 3843 434 3914 lllom
460 3857 568 3916 autom
584 3849 749 3930 virtutem,
768 3875 864 3942 quom
883 3866 916 3921 et
926 3856 1031 3924 Deum

9 3971 19 4004 ¹
33 3971 106 4022 Gerr.
122 3989 176 4034 ιιι,
191 3975 227 4033 nl.
241 4001 272 4014 -
282 3973 292 4010 ²
302 3976 368 4028 Peal.
382 3995 455 4040 ιιιιι,
468 3995 492 4046 7.
503 3979 627 4036 -tt’sst
638 3997 691 4042 err,
700 3983 724 4034 ἰ.

77 4081 100 4124 1.
833 4095 875 4161 29
