2648 4598
520 763 792 836 auflnuffiuffls
814 769 1096 855 rfflaosorffl,

291 981 364 1070 DE
397 985 878 1088 RESURRECTIONE
911 1001 1273 1096 MORTUORUR.

675 1232 915 1270 -ΦΟΦ-ι-

331 1400 357 1466 1.
372 1399 561 1473 Sarranrrn
572 1412 658 1478 omni
670 1434 708 1480 ac
719 1413 881 1492 doctrinae,
894 1440 965 1505 quae
977 1422 1128 1509 quidem
1139 1447 1268 1492 enarrem

289 1510 417 1577 veritate
438 1518 623 1595 consentiat,
647 1522 826 1589 adnascitur
848 1524 967 1614 aliquid
996 1533 1178 1599 mendacii.
1198 1533 1268 1598 atas

289 1617 370 1684 citur
390 1635 506 1701 autem,
530 1649 594 1693 non
613 1652 653 1694 ex
672 1633 815 1720 subjecto
830 1633 934 1724 aliquo
954 1639 1132 1728 principio
1152 1643 1269 1708 secundm

288 1739 431 1795 naturam
452 1735 656 1819 productum,
673 1750 726 1804 aut
746 1763 785 1804 ex
805 1745 930 1830 propria
954 1748 1130 1838 cujusque
1147 1753 1186 1816 rei
1201 1773 1268 1818 nasu

287 1835 341 1900 sed
362 1839 400 1902 ab
420 1839 456 1904 iis
476 1843 530 1928 qui
545 1866 652 1911 semen
670 1847 883 1918 adulterinum
903 1851 947 1918 ad
968 1858 1268 1947 corruptionmrfl'r

286 1943 360 2008 tatis
372 1945 459 2011 cordi
474 1947 604 2028 habent,
621 1954 661 2020 de
675 1955 826 2023 industria
840 1959 1081 2052 excogitatum.
1102 1967 1193 2056 Atque
1204 1964 1269 2030 idda

284 2051 479 2139 prehendere
495 2071 555 2136 est,
570 2063 672 2152 primo
687 2067 814 2153 quidem
828 2091 868 2133 ex
882 2069 919 2134 iis
934 2071 998 2158 qui
1015 2071 1102 2140 oiim
1117 2078 1148 2142 in
1161 2073 1269 2162 qumod

284 2163 377 2228 rebus
399 2166 616 2258 investigandis
638 2176 749 2241 versati
770 2187 855 2251 sunt,
876 2187 972 2265 atque
987 2203 1036 2245 ex
1058 2207 1160 2249 eoram
1175 2193 1200 2246 rt
1213 2202 1269 2245 uun

284 2271 510 2359 antiquioribus
530 2291 562 2345 et
581 2305 654 2348 cum
675 2283 845 2372 aeqaaiibus
860 2285 1085 2366 dissensione3
1100 2289 1265 2357 „ammae

283 2391 387 2443 autem
406 2407 445 2448 ex
463 2387 528 2474 ipsa
545 2412 653 2458 carum
667 2416 772 2460 rerum
791 2417 859 2481 quae
875 2397 908 2460 in
921 2397 1041 2465 medio
1057 2411 1269 2485 mantuanor-

282 2489 471 2557 turbatione.
487 2496 611 2565 Nullam
626 2503 710 2566 onim
726 2504 862 2570 veritatis
877 2517 1004 2593 partam
1021 2531 1043 2574 a
1056 2505 1269 2576 mlumn‘aisiiba

282 2621 350 2666 ram
367 2599 572 2692 reliquerunt,
588 2633 653 2676 non
671 2614 837 2678 essentiam
857 2613 930 2689 Dei,
952 2637 1026 2682 non
1046 2619 1123 2706 ejus
1141 2617 1267 2686 aciem,

281 2729 344 2774 non
357 2715 581 2798 operationem,
594 2742 658 2784 non
670 2744 738 2808 quae
752 2743 790 2786 ex
805 2721 853 2786 bis
869 2734 940 2811 apta
953 2725 1041 2789 serie
1059 2735 1270 2814 consequantur.

280 2827 312 2882 et
326 2820 449 2907 pietatis
471 2824 601 2894 sormam
619 2830 710 2894 nobis
727 2830 915 2918 exprimunt.
943 2831 1011 2898 Sed
1027 2832 1085 2898 alii
1103 2833 1272 2900 veritatenit

280 2926 435 3014 ejusmodi
458 2933 550 2998 rebus
569 2937 698 3002 omnino
716 2936 894 3026 desperant,
914 2935 966 3003 aiii
986 2940 1032 3005 ad
1051 2963 1132 3008 suas
1152 2942 1273 3032 apim&

278 3035 479 3125 detorquent,
493 3040 543 3106 aiii
559 3043 598 3107 de
613 3044 768 3110 industria·
781 3069 830 3111 res
845 3058 917 3112 ante
935 3046 1050 3113 oculos
1064 3053 1189 3137 positas
1201 3049 1273 3135 iada

278 3145 367 3211 bium
379 3131 501 3216 vocant.
516 3152 598 3218 Hinc
609 3154 644 3218 iis
653 3156 706 3243 qui
716 3177 842 3244 operam
852 3156 885 3219 in
896 3178 947 3220 res
957 3157 1124 3244 ejusmodi
1133 3161 1273 3225 insumuat

278 3255 394 3345 duplici
406 3283 484 3347 opus
498 3262 634 3327 arbitror
650 3287 716 3331 asse
735 3287 890 3340 sermone,
903 3262 1002 3330 altero
1016 3288 1081 3352 pro
1096 3265 1273 3340 veritata,d

278 3379 345 3433 tero
362 3369 401 3435 de
418 3370 566 3436 veritato:
582 3396 640 3461 pro
657 3375 784 3440 veritate
796 3374 923 3463 quidem
939 3372 1093 3439 adversus
1111 3373 1273 3442 incredula

277 3488 332 3540 aut
347 3478 537 3552 dubitantes3
553 3480 591 3546 de
604 3483 732 3546 veritate
744 3482 785 3548 ad
799 3505 852 3548 eos
864 3481 917 3570 qui
929 3503 1018 3568 aequo
1039 3496 1120 3548 sunt
1136 3487 1276 3550 animas

278 3586 439 3652 veritatem
450 3585 584 3654 libenter
594 3590 777 3679 suscipiunt.
792 3590 1008 3670 Quamobrem
1019 3590 1075 3676 qui
1090 3589 1148 3656 his
1159 3591 1201 3658 de
1213 3591 1277 3655 nebo

277 3714 415 3776 quaerera
430 3694 550 3773 volunt,
568 3710 710 3783 spectaro
721 3698 838 3764 debent
852 3695 928 3786 quid
945 3719 1072 3785 quoquo
1089 3709 1240 3788 tempora
1250 3719 1278 3760 u·

275 3799 392 3886 pediat,
408 3825 508 3890 eoquo
525 3803 703 3892 disputandi
723 3807 875 3872 rationem
892 3805 1008 3880 metiri,
1023 3816 1057 3871 ot
1078 3805 1279 3896 disputantiam

276 3907 418 3971 ordinem
428 3909 469 3972 ad
483 3910 517 3974 id
531 3912 617 3997 quod
635 3914 724 3981 decet
739 3914 991 3990 accommodans,
1008 3935 1082 3988 nec,
1099 3929 1140 3981 ut
1154 3915 1281 3984 eamd&
