2780 4614
270 237 333 299 ard
565 255 678 298 sarcrr
700 251 819 296 rosruu
840 240 997 296 'uanrrms

267 385 400 430 monum
415 361 539 452 flagello
557 361 677 450 agitati,
696 347 948 426 animadvertere
967 347 1084 427 indicta
1100 381 1196 425 cause
1211 363 1293 446 parri

267 469 412 558 penditis.
435 470 568 546 Dicetur
585 469 673 535 enim
695 467 728 534 id
746 467 834 556 quod
855 491 905 534 res
927 479 987 533 est.
1010 467 1102 534 Prsri
1123 467 1294 540 demones,
1358 463 1359 470 '

267 599 343 646 cum
364 579 563 668 presentiam
583 599 675 644 suam
697 577 896 654 exhiberent,
923 588 1031 664 stupra
1057 575 1247 642 mulieribus
1265 587 1295 642 et
1360 595 1369 632 ³

267 687 373 776 pueris
387 685 577 762 intulerunt,
593 709 633 754 ac
647 684 797 752 terricula
812 677 993 754 hominibus
1007 698 1243 761 monstrarunt,
1258 687 1294 750 its
1368 711 1369 718 ¹

267 807 303 860 ut
317 791 567 883 percellerentur
581 795 635 883 qui
655 785 688 860 id
702 794 790 883 quod
805 795 902 862 liebat
919 818 985 860 non
1004 795 1129 860 ratione
1143 793 1296 880 dijudica·
1362 816 1369 854 ,1

266 905 358 978 bant,
378 903 436 968 sed
452 915 540 968 metu
562 904 717 992 correpti,
739 927 778 970 ao
798 902 898 968 mulos
917 903 1077 968 dsemoms
1097 925 1167 968 esse
1188 902 1296 989 ignari,
1368 925 1369 934 ¹

268 1010 345 1078 deos
363 1009 578 1099 appellabant,
591 1023 624 1076 et
639 1035 679 1077 eo
690 1035 849 1100 quemque
859 1011 1065 1100 designabant
1074 1012 1206 1076 nomine
1216 1009 1298 1097 qued
1368 1039 1369 1054 ,

268 1118 327 1183 sibi
342 1116 474 1205 quisque
487 1117 612 1184 daemon
623 1119 835 1208 imposuisset.
850 1119 1020 1205 Postquam
1032 1129 1141 1183 eutem
1154 1117 1299 1184 Socrates
1364 1099 1369 1174 i

267 1246 340 1291 reta
352 1226 547 1313 etexquisite
560 1225 682 1292 ratione
693 1225 762 1292 haec
773 1227 806 1290 in
818 1225 923 1290 lucem
935 1225 1091 1312 proferre,
1107 1237 1139 1290 et
1154 1249 1172 1289 a
1186 1225 1298 1290 dame

267 1331 363 1396 uibus
378 1329 523 1396 hemines
538 1330 700 1396 abducere
715 1341 847 1396 conatus
860 1340 926 1402 θεῖς
944 1328 1004 1416 ipsi
1018 1329 1183 1394 demones
1197 1325 1298 1394 homi-

268 1457 348 1500 num
354 1435 496 1523 nequitie
503 1433 710 1522 gaudentium
718 1455 813 1522 opera
824 1432 1039 1521 perlecemnt,
1053 1432 1297 1498 utrelutatheus

267 1553 301 1607 et
315 1541 431 1631 impius
447 1551 628 1616 necseetur,
645 1563 726 1612 nove
741 1541 781 1606 ab
800 1562 840 1604 eo
855 1539 1010 1605 daemonin
1028 1539 1140 1606 induci
1155 1541 1297 1608 dictiten-
1368 1587 1369 1610 r

267 1661 325 1716 tea.
347 1651 418 1716 Hoc
435 1650 521 1721 idem
540 1661 652 1716 contra
670 1671 730 1714 nos
748 1648 867 1738 pariter
880 1647 1066 1714 moliuntur.
1089 1648 1205 1736 Neque
1217 1661 1295 1714 en·

268 1758 354 1847 apud
366 1757 496 1824 Graeem
515 1755 618 1822 solum
636 1755 706 1822 haec
726 1779 744 1820 a
763 1754 871 1821 Verbo
889 1776 948 1842 per
964 1754 1132 1821 Socratem
1146 1756 1294 1830 convicta,
1368 1799 1369 1832 r

268 1866 326 1932 sed
343 1866 431 1955 apud
447 1867 599 1934 barbaros
615 1866 712 1932 etiam
725 1867 766 1932 ab
781 1865 849 1954 ipso
864 1863 918 1929 illo
934 1862 1043 1930 Verbo
1056 1863 1162 1930 forma
1179 1864 1294 1936 induto,

269 1987 303 2040 et
321 1974 450 2042 homine
467 1973 610 2040 lacteae
627 1974 704 2040 Jesu
724 1973 851 2040 Christo
869 1971 1038 2062 appellato.
1061 1973 1123 2038 Cui
1141 1996 1218 2040 cum
1233 1995 1296 2040 ere-

269 2085 395 2160 damaa,
412 2070 585 2162 demones,
603 2083 657 2170 qui
676 2084 745 2149 haee
759 2094 995 2173 perpetrarunt,
1008 2101 1078 2150 'non
1091 2084 1192 2148 modo
1204 2084 1297 2150 bonos
1368 2129 1369 2159 ,

268 2215 339 2260 esse
354 2193 586 2267 condicimus,
604 2193 772 2259 sedetiam
790 2191 889 2259 malos
906 2203 939 2258 et
955 2191 1109 2258 nefandos
1131 2193 1295 2265 demones,

270 2301 325 2390 qui
342 2323 384 2366 ne
400 2300 583 2366 hominibus
600 2300 729 2387 quidem
749 2301 870 2366 virtutis
889 2299 1013 2387 cupidis
1030 2297 1146 2366 similes
1159 2299 1295 2366 rationes
1368 2331 1369 2392 3

271 2410 421 2476 habeant.
1368 2467 1369 2478 ,

315 2515 369 2584 Vl.
389 2516 585 2582 lndeortum
596 2528 632 2582 ut
643 2516 728 2582 ethei
740 2514 983 2607 appellaremur.
1002 2515 1107 2604 Atque
1116 2514 1228 2581 stheus
1237 2514 1298 2602 qui-

273 2625 348 2692 dem
362 2646 420 2692 nos
434 2637 504 2690 esse
519 2622 723 2698 eonfitemur,
740 2625 765 2689 si
781 2623 821 2688 de
836 2624 971 2712 opinatis
986 2623 1146 2712 ejusmodi
1161 2625 1223 2688 diis
1234 2645 1298 2710 nga-

272 2747 342 2807 tur;
361 2755 452 2800 secus
462 2733 575 2800 verosi
586 2731 800 2799 deverissimo
812 2731 879 2809 illo,
891 2743 924 2798 et
934 2733 1062 2821 justitior
1073 2755 1113 2798 ue
1123 2743 1298 2822 temperan-

272 2843 339 2934 tie,
354 2863 394 2908 ac
404 2854 593 2908 ceterarum
603 2840 756 2907 virtutum
767 2841 872 2917 Patre,
889 2839 974 2908 nulla
985 2841 1127 2906 admixto
1139 2841 1297 2908 vitiositate

274 2953 353 3018 Deo.
371 2950 436 3017 Sed
449 2975 524 3018 eum
537 2964 571 3018 et
582 2951 699 3018 Filium
711 2952 765 3039 qui
777 2953 818 3018 eb
832 2975 871 3017 eo
884 2951 971 3018 venit
981 2973 1023 3017 nc
1038 2973 1096 3016 uos
1112 2950 1169 3016 iste
1181 2949 1297 3022 docuit,

169 3129 174 3136 ,
276 3071 310 3126 et
325 3071 515 3126 ceterorum
534 3063 587 3148 qui
602 3059 693 3127 illum
709 3073 918 3136 assectantur,
936 3061 1028 3148 eique
1042 3057 1206 3124 assimilati
1220 3067 1300 3129 sunt,

223 3161 226 3168 ’
275 3171 435 3235 bonorum
452 3167 639 3256 angelorum
656 3169 844 3245 exereitum,
863 3181 896 3234 et
912 3167 1067 3258 Spiritum
1086 3165 1302 3256 propheticum

277 3274 412 3342 colimus
425 3287 458 3340 et
471 3273 656 3349 adoramus,
676 3275 798 3341 ratione
814 3288 846 3340 et
861 3276 991 3342 veritate
1006 3287 1209 3350 venerantes,
1228 3285 1260 3338 et
1272 3281 1303 3334 ut

278 3386 412 3473 quisque
422 3383 548 3450 discere
562 3382 709 3459 voluerit,
731 3387 809 3450 citra
827 3385 991 3459 iuvidiam,
1012 3396 1048 3448 ut
1062 3383 1170 3450 edocti
1188 3401 1302 3450 sumat,

279 3492 505 3580 impertientes.
783 3487 794 3504 ⁸
845 3472 850 3478 ¹

323 3597 392 3665 Vll.
411 3597 476 3664 Sed
490 3600 575 3666 dicet
588 3598 700 3688 aliquis
714 3625 722 3665 :
740 3600 813 3668 Jum
825 3599 982 3677 nonnulli,
999 3622 1073 3666 eum
1087 3594 1305 3687 comprehensi

279 3707 422 3780 finissent,
445 3710 581 3776 convicti
601 3722 675 3776 sunt
694 3708 862 3776 malefacti.
889 3709 936 3790 Ac
955 3707 1072 3774 multos
1092 3707 1223 3794 quidem
1243 3725 1306 3792 per-

280 3839 375 3904 saepe,
393 3813 467 3880 cur‘n
485 3818 517 3882 in
535 3819 631 3883 vium
649 3819 804 3905 inquiritis
820 3841 961 3908 reorum,
981 3803 1223 3884 condemnatis:
1246 3833 1306 3878 nou
