<?xml version="1.0" encoding="UTF-8"?>
<!DOCTYPE html PUBLIC "-//W3C//DTD XHTML 1.0 Transitional//EN"
    "http://www.w3.org/TR/xhtml1/DTD/xhtml1-transitional.dtd">
<html xmlns="http://www.w3.org/1999/xhtml" xml:lang="en" lang="en">
 <head>
  <title>
</title>
<meta http-equiv="Content-Type" content="text/html;charset=utf-8" />
  <meta name='ocr-system' content='tesseract 3.04.00' />
  <meta name='ocr-capabilities' content='ocr_page ocr_carea ocr_par ocr_line ocrx_word'/>
</head>
<body>
  <div class='ocr_page' id='page_1' title='image "./collectioselect02guilgoog_0427.png"; bbox 0 0 2640 4622; ppageno 0'>
   <div class='ocr_carea' id='block_1_1' title="bbox 294 195 1026 270">
    <p class='ocr_par' dir='ltr' id='par_1_1' title="bbox 294 195 1026 270">
     <span class='ocr_line' id='line_1_1' title="bbox 294 195 1026 270; baseline -0.008 -14"><span class='ocrx_word' id='word_1_1' title='bbox 294 195 358 270; x_wconf 71' lang='lat'><strong>428</strong></span> <span class='ocrx_word' id='word_1_2' title='bbox 590 211 701 256; x_wconf 71' lang='lat' dir='ltr'><strong>sineri</strong></span> <span class='ocrx_word' id='word_1_3' title='bbox 724 211 843 256; x_wconf 74' lang='lat' dir='ltr'><strong>sasaim</strong></span> <span class='ocrx_word' id='word_1_4' title='bbox 865 209 1026 256; x_wconf 72' lang='lat' dir='ltr'><strong>aunarius</strong></span> 
     </span>
    </p>
   </div>
   <div class='ocr_carea' id='block_1_2' title="bbox 232 313 1261 3844">
    <p class='ocr_par' dir='ltr' id='par_1_2' title="bbox 243 313 1243 621">
     <span class='ocr_line' id='line_1_2' title="bbox 243 313 1239 406; baseline -0.009 -21"><span class='ocrx_word' id='word_1_5' title='bbox 243 339 247 342; x_wconf 85' lang='lat'>·</span> <span class='ocrx_word' id='word_1_6' title='bbox 293 319 363 406; x_wconf 85' lang='lat' dir='ltr'><strong>quis</strong></span> <span class='ocrx_word' id='word_1_7' title='bbox 385 319 499 384; x_wconf 89' lang='lat' dir='ltr'><strong>merito</strong></span> <span class='ocrx_word' id='word_1_8' title='bbox 521 319 619 406; x_wconf 86' lang='lat' dir='ltr'><strong>possit</strong></span> <span class='ocrx_word' id='word_1_9' title='bbox 639 317 869 405; x_wconf 70' lang='lat' dir='ltr'><strong>reprehendere</strong></span> <span class='ocrx_word' id='word_1_10' title='bbox 893 318 931 382; x_wconf 90' lang='lat' dir='ltr'><strong>in</strong></span> <span class='ocrx_word' id='word_1_11' title='bbox 954 316 1006 381; x_wconf 90' lang='lat' dir='ltr'><strong>his</strong></span> <span class='ocrx_word' id='word_1_12' title='bbox 1026 337 1092 402; x_wconf 72' lang='lat' dir='ltr'><strong>qun</strong></span> <span class='ocrx_word' id='word_1_13' title='bbox 1108 313 1142 378; x_wconf 86' lang='lat' dir='ltr'><strong>ah</strong></span> <span class='ocrx_word' id='word_1_14' title='bbox 1159 316 1239 377; x_wconf 78' lang='lat' dir='ltr'><strong>anulo</strong></span> 
     </span>
     <span class='ocr_line' id='line_1_3' title="bbox 294 421 1241 517; baseline -0.008 -25"><span class='ocrx_word' id='word_1_15' title='bbox 294 427 423 493; x_wconf 89' lang='lat' dir='ltr'><strong>omnino</strong></span> <span class='ocrx_word' id='word_1_16' title='bbox 437 428 600 517; x_wconf 74' lang='lat' dir='ltr'><strong>Prophetis</strong></span> <span class='ocrx_word' id='word_1_17' title='bbox 615 427 696 493; x_wconf 85' lang='lat' dir='ltr'><strong>laeta</strong></span> <span class='ocrx_word' id='word_1_18' title='bbox 711 439 767 492; x_wconf 87' lang='lat' dir='ltr'><strong>aut</strong></span> <span class='ocrx_word' id='word_1_19' title='bbox 782 427 865 493; x_wconf 87' lang='lat' dir='ltr'><strong>dicta</strong></span> <span class='ocrx_word' id='word_1_20' title='bbox 883 438 980 500; x_wconf 87' lang='lat' dir='ltr'><strong>sunt,</strong></span> <span class='ocrx_word' id='word_1_21' title='bbox 997 426 1024 488; x_wconf 87' lang='lat' dir='ltr'><strong>si</strong></span> <span class='ocrx_word' id='word_1_22' title='bbox 1043 421 1241 488; x_wconf 73' lang='lat' dir='ltr'><strong>scicntiaminit</strong></span> 
     </span>
     <span class='ocr_line' id='line_1_4' title="bbox 296 529 1243 621; baseline -0.008 -23"><span class='ocrx_word' id='word_1_23' title='bbox 296 535 492 600; x_wconf 80' lang='lat' dir='ltr'><strong>reconditam</strong></span> <span class='ocrx_word' id='word_1_24' title='bbox 502 535 642 600; x_wconf 85' lang='lat' dir='ltr'><strong>teneatis.</strong></span> <span class='ocrx_word' id='word_1_25' title='bbox 662 533 718 598; x_wconf 83' lang='lat' dir='ltr'><strong>Sin</strong></span> <span class='ocrx_word' id='word_1_26' title='bbox 731 545 838 600; x_wconf 83' lang='lat' dir='ltr'><strong>autom</strong></span> <span class='ocrx_word' id='word_1_27' title='bbox 853 547 888 598; x_wconf 88' lang='lat' dir='ltr'><strong>ut</strong></span> <span class='ocrx_word' id='word_1_28' title='bbox 904 531 1058 621; x_wconf 76' lang='lat' dir='ltr'><strong>magistri</strong></span> <span class='ocrx_word' id='word_1_29' title='bbox 1072 530 1154 594; x_wconf 69' lang='lat' dir='ltr'><strong>verri</strong></span> <span class='ocrx_word' id='word_1_30' title='bbox 1165 529 1243 592; x_wconf 71' lang='lat' dir='ltr'><strong>hetto</strong></span> 
     </span>
    </p>

    <p class='ocr_par' dir='ltr' id='par_1_3' title="bbox 281 633 1247 1356">
     <span class='ocr_line' id='line_1_5' title="bbox 281 633 1245 727; baseline -0.007 -23"><span class='ocrx_word' id='word_1_31' title='bbox 281 703 282 712; x_wconf 68' lang='grc'>,</span> <span class='ocrx_word' id='word_1_32' title='bbox 297 650 366 704; x_wconf 90' lang='lat' dir='ltr'><strong>tum</strong></span> <span class='ocrx_word' id='word_1_33' title='bbox 380 639 469 704; x_wconf 78' lang='lat' dir='ltr'><strong>vohis</strong></span> <span class='ocrx_word' id='word_1_34' title='bbox 482 651 655 727; x_wconf 85' lang='lat' dir='ltr'><strong>exponunt,</strong></span> <span class='ocrx_word' id='word_1_35' title='bbox 668 638 763 725; x_wconf 91' lang='lat' dir='ltr'><strong>idque</strong></span> <span class='ocrx_word' id='word_1_36' title='bbox 778 637 946 704; x_wconf 87' lang='lat' dir='ltr'><strong>humiliter</strong></span> <span class='ocrx_word' id='word_1_37' title='bbox 957 649 994 700; x_wconf 88' lang='lat' dir='ltr'><strong>et</strong></span> <span class='ocrx_word' id='word_1_38' title='bbox 1007 633 1245 718; x_wconf 56' lang='lat' dir='ltr'><strong>demisissinept</strong></span> 
     </span>
     <span class='ocr_line' id='line_1_6' title="bbox 299 737 1241 808; baseline -0.012 -1"><span class='ocrx_word' id='word_1_39' title='bbox 299 744 341 807; x_wconf 94' lang='lat' dir='ltr'><strong>oh</strong></span> <span class='ocrx_word' id='word_1_40' title='bbox 357 765 483 808; x_wconf 87' lang='lat' dir='ltr'><strong>causum</strong></span> <span class='ocrx_word' id='word_1_41' title='bbox 495 741 607 808; x_wconf 89' lang='lat' dir='ltr'><strong>cameli</strong></span> <span class='ocrx_word' id='word_1_42' title='bbox 618 742 742 808; x_wconf 84' lang='lat' dir='ltr'><strong>leminae</strong></span> <span class='ocrx_word' id='word_1_43' title='bbox 754 743 785 808; x_wconf 91' lang='lat' dir='ltr'><strong>iu</strong></span> <span class='ocrx_word' id='word_1_44' title='bbox 797 743 860 808; x_wconf 94' lang='lat' dir='ltr'><strong>hoc</strong></span> <span class='ocrx_word' id='word_1_45' title='bbox 872 742 921 808; x_wconf 81' lang='lat' dir='ltr'><strong>vel</strong></span> <span class='ocrx_word' id='word_1_46' title='bbox 941 741 1002 806; x_wconf 92' lang='lat' dir='ltr'><strong>illo</strong></span> <span class='ocrx_word' id='word_1_47' title='bbox 1014 738 1088 804; x_wconf 91' lang='lat' dir='ltr'><strong>loco</strong></span> <span class='ocrx_word' id='word_1_48' title='bbox 1099 761 1156 804; x_wconf 93' lang='lat' dir='ltr'><strong>non</strong></span> <span class='ocrx_word' id='word_1_49' title='bbox 1165 737 1241 800; x_wconf 55' lang='lat' dir='ltr'><strong>diane</strong></span> 
     </span>
     <span class='ocr_line' id='line_1_7' title="bbox 299 843 1246 949; baseline -0.011 -35"><span class='ocrx_word' id='word_1_50' title='bbox 299 863 354 914; x_wconf 85' lang='lat' dir='ltr'><strong>aut</strong></span> <span class='ocrx_word' id='word_1_51' title='bbox 373 851 450 936; x_wconf 90' lang='lat' dir='ltr'><strong>quid</strong></span> <span class='ocrx_word' id='word_1_52' title='bbox 465 850 527 915; x_wconf 87' lang='lat' dir='ltr'><strong>sint</strong></span> <span class='ocrx_word' id='word_1_53' title='bbox 541 849 738 949; x_wconf 68' lang='lat' dir='ltr'><strong>camelique</strong></span> <span class='ocrx_word' id='word_1_54' title='bbox 749 849 872 916; x_wconf 82' lang='lat' dir='ltr'><strong>leminae</strong></span> <span class='ocrx_word' id='word_1_55' title='bbox 887 850 1069 921; x_wconf 89' lang='lat' dir='ltr'><strong>dicuntur,</strong></span> <span class='ocrx_word' id='word_1_56' title='bbox 1087 856 1138 910; x_wconf 92' lang='lat' dir='ltr'><strong>aut</strong></span> <span class='ocrx_word' id='word_1_57' title='bbox 1151 865 1194 908; x_wconf 87' lang='lat' dir='ltr'><strong>our</strong></span> <span class='ocrx_word' id='word_1_58' title='bbox 1204 843 1246 904; x_wconf 61' lang='lat' dir='ltr'><strong>tut-»⁴</strong></span> 
     </span>
     <span class='ocr_line' id='line_1_8' title="bbox 300 952 1244 1036; baseline -0.002 -14"><span class='ocrx_word' id='word_1_59' title='bbox 300 957 395 1032; x_wconf 69' lang='lat' dir='ltr'><strong>milae,</strong></span> <span class='ocrx_word' id='word_1_60' title='bbox 418 968 465 1022; x_wconf 91' lang='lat' dir='ltr'><strong>tot</strong></span> <span class='ocrx_word' id='word_1_61' title='bbox 484 955 545 1022; x_wconf 90' lang='lat' dir='ltr'><strong>olei</strong></span> <span class='ocrx_word' id='word_1_62' title='bbox 561 981 716 1023; x_wconf 81' lang='lat' dir='ltr'><strong>mensurae</strong></span> <span class='ocrx_word' id='word_1_63' title='bbox 731 959 763 1023; x_wconf 89' lang='lat' dir='ltr'><strong>in</strong></span> <span class='ocrx_word' id='word_1_64' title='bbox 786 958 876 1022; x_wconf 91' lang='lat' dir='ltr'><strong>donis</strong></span> <span class='ocrx_word' id='word_1_65' title='bbox 896 956 1017 1022; x_wconf 82' lang='lat' dir='ltr'><strong>offerri</strong></span> <span class='ocrx_word' id='word_1_66' title='bbox 1040 952 1150 1020; x_wconf 80' lang='lat' dir='ltr'><strong>solitis:</strong></span> <span class='ocrx_word' id='word_1_67' title='bbox 1169 971 1244 1036; x_wconf 58' lang='lat' dir='ltr'><strong>quw</strong></span> 
     </span>
     <span class='ocr_line' id='line_1_9' title="bbox 301 1057 1243 1155; baseline -0.013 -23"><span class='ocrx_word' id='word_1_68' title='bbox 301 1087 414 1152; x_wconf 83' lang='lat' dir='ltr'><strong>magna</strong></span> <span class='ocrx_word' id='word_1_69' title='bbox 425 1077 457 1129; x_wconf 90' lang='lat' dir='ltr'><strong>et</strong></span> <span class='ocrx_word' id='word_1_70' title='bbox 469 1066 705 1153; x_wconf 75' lang='lat' dir='ltr'><strong>investigatione</strong></span> <span class='ocrx_word' id='word_1_71' title='bbox 720 1067 813 1155; x_wconf 79' lang='lat' dir='ltr'><strong>digna</strong></span> <span class='ocrx_word' id='word_1_72' title='bbox 829 1078 914 1141; x_wconf 85' lang='lat' dir='ltr'><strong>sunt,</strong></span> <span class='ocrx_word' id='word_1_73' title='bbox 927 1087 971 1130; x_wconf 87' lang='lat' dir='ltr'><strong>ea</strong></span> <span class='ocrx_word' id='word_1_74' title='bbox 990 1081 1155 1148; x_wconf 84' lang='lat' dir='ltr'><strong>nunquam</strong></span> <span class='ocrx_word' id='word_1_75' title='bbox 1165 1057 1243 1121; x_wconf 66' lang='lat' dir='ltr'><strong>deor:</strong></span> 
     </span>
     <span class='ocr_line' id='line_1_10' title="bbox 303 1165 1246 1260; baseline -0.014 -24"><span class='ocrx_word' id='word_1_76' title='bbox 303 1171 458 1259; x_wconf 84' lang='lat' dir='ltr'><strong>explicare</strong></span> <span class='ocrx_word' id='word_1_77' title='bbox 472 1172 603 1246; x_wconf 83' lang='lat' dir='ltr'><strong>audent,</strong></span> <span class='ocrx_word' id='word_1_78' title='bbox 617 1170 665 1238; x_wconf 81' lang='lat' dir='ltr'><strong>vel</strong></span> <span class='ocrx_word' id='word_1_79' title='bbox 680 1174 776 1240; x_wconf 86' lang='lat' dir='ltr'><strong>etiem</strong></span> <span class='ocrx_word' id='word_1_80' title='bbox 791 1173 881 1237; x_wconf 91' lang='lat' dir='ltr'><strong>nohis</strong></span> <span class='ocrx_word' id='word_1_81' title='bbox 896 1170 1142 1260; x_wconf 79' lang='lat' dir='ltr'><strong>exponentibus</strong></span> <span class='ocrx_word' id='word_1_82' title='bbox 1153 1187 1184 1228; x_wconf 87' lang='lat' dir='ltr'><strong>ne</strong></span> <span class='ocrx_word' id='word_1_83' title='bbox 1193 1165 1246 1249; x_wconf 63' lang='lat' dir='ltr'><strong>puts</strong></span> 
     </span>
     <span class='ocr_line' id='line_1_11' title="bbox 302 1269 1247 1356; baseline -0.017 -12"><span class='ocrx_word' id='word_1_84' title='bbox 302 1281 341 1344; x_wconf 89' lang='lat' dir='ltr'><strong>tis</strong></span> <span class='ocrx_word' id='word_1_85' title='bbox 356 1279 459 1356; x_wconf 61' lang='lat' dir='ltr'><strong>aures,</strong></span> <span class='ocrx_word' id='word_1_86' title='bbox 482 1293 537 1344; x_wconf 82' lang='lat' dir='ltr'><strong>aut</strong></span> <span class='ocrx_word' id='word_1_87' title='bbox 556 1281 589 1344; x_wconf 91' lang='lat' dir='ltr'><strong>in</strong></span> <span class='ocrx_word' id='word_1_88' title='bbox 609 1281 760 1346; x_wconf 84' lang='lat' dir='ltr'><strong>sermonis</strong></span> <span class='ocrx_word' id='word_1_89' title='bbox 780 1281 1054 1346; x_wconf 83' lang='lat' dir='ltr'><strong>communionem</strong></span> <span class='ocrx_word' id='word_1_90' title='bbox 1076 1273 1189 1340; x_wconf 81' lang='lat' dir='ltr'><strong>veniatis</strong></span> <span class='ocrx_word' id='word_1_91' title='bbox 1203 1269 1247 1330; x_wconf 67' lang='lat' dir='ltr'><strong>th-</strong></span> 
     </span>
    </p>

    <p class='ocr_par' dir='ltr' id='par_1_4' title="bbox 232 1377 1248 1475">
     <span class='ocr_line' id='line_1_12' title="bbox 232 1377 1248 1475; baseline -0.01 -23"><span class='ocrx_word' id='word_1_92' title='bbox 232 1385 237 1392; x_wconf 86' lang='grc'><strong>’</strong></span> <span class='ocrx_word' id='word_1_93' title='bbox 304 1399 429 1452; x_wconf 86' lang='lat' dir='ltr'><strong>tantur:</strong></span> <span class='ocrx_word' id='word_1_94' title='bbox 447 1409 553 1452; x_wconf 90' lang='lat' dir='ltr'><strong>noune</strong></span> <span class='ocrx_word' id='word_1_95' title='bbox 568 1389 681 1452; x_wconf 90' lang='lat' dir='ltr'><strong>merito</strong></span> <span class='ocrx_word' id='word_1_96' title='bbox 703 1389 844 1462; x_wconf 85' lang='lat' dir='ltr'><strong>audient,</strong></span> <span class='ocrx_word' id='word_1_97' title='bbox 860 1411 929 1475; x_wconf 77' lang='lat' dir='ltr'><strong>qure</strong></span> <span class='ocrx_word' id='word_1_98' title='bbox 951 1387 1001 1450; x_wconf 84' lang='lat' dir='ltr'><strong>ad</strong></span> <span class='ocrx_word' id='word_1_99' title='bbox 1023 1407 1082 1450; x_wconf 87' lang='lat' dir='ltr'><strong>eos</strong></span> <span class='ocrx_word' id='word_1_100' title='bbox 1105 1381 1173 1446; x_wconf 82' lang='lat' dir='ltr'><strong>dixit</strong></span> <span class='ocrx_word' id='word_1_101' title='bbox 1185 1377 1248 1460; x_wconf 59' lang='lat' dir='ltr'><strong>aaut&lt;</strong></span> 
     </span>
    </p>

    <p class='ocr_par' dir='ltr' id='par_1_5' title="bbox 305 1485 1247 1583">
     <span class='ocr_line' id='line_1_13' title="bbox 305 1485 1247 1583; baseline -0.014 -22"><span class='ocrx_word' id='word_1_102' title='bbox 305 1496 396 1562; x_wconf 78' lang='lat' dir='ltr'><strong>lesus</strong></span> <span class='ocrx_word' id='word_1_103' title='bbox 414 1519 422 1560; x_wconf 92' lang='lat'>:</span> <span class='ocrx_word' id='word_1_104' title='bbox 441 1493 618 1583; x_wconf 75' lang='lat' dir='ltr'><strong>«Sepulcra</strong></span> <span class='ocrx_word' id='word_1_105' title='bbox 634 1494 790 1572; x_wconf 86' lang='lat' dir='ltr'><strong>dealbata,</strong></span> <span class='ocrx_word' id='word_1_106' title='bbox 806 1497 1010 1562; x_wconf 86' lang='lat' dir='ltr'><strong>extrinsecus</strong></span> <span class='ocrx_word' id='word_1_107' title='bbox 1023 1491 1173 1580; x_wconf 87' lang='lat' dir='ltr'><strong>speciosa,</strong></span> <span class='ocrx_word' id='word_1_108' title='bbox 1183 1485 1247 1548; x_wconf 68' lang='lat' dir='ltr'><strong>huu-</strong></span> 
     </span>
    </p>

    <p class='ocr_par' dir='ltr' id='par_1_6' title="bbox 307 1597 1246 1690">
     <span class='ocr_line' id='line_1_14' title="bbox 307 1597 1246 1690; baseline -0.006 -26"><span class='ocrx_word' id='word_1_109' title='bbox 307 1627 389 1670; x_wconf 77' lang='lat' dir='ltr'><strong>»cus</strong></span> <span class='ocrx_word' id='word_1_110' title='bbox 409 1601 500 1690; x_wconf 79' lang='lat' dir='ltr'><strong>plenu</strong></span> <span class='ocrx_word' id='word_1_111' title='bbox 522 1603 644 1668; x_wconf 87' lang='lat' dir='ltr'><strong>ossibus</strong></span> <span class='ocrx_word' id='word_1_112' title='bbox 664 1615 877 1678; x_wconf 80' lang='lat' dir='ltr'><strong>mortuorum,</strong></span> <span class='ocrx_word' id='word_1_113' title='bbox 895 1614 1050 1667; x_wconf 85' lang='lat' dir='ltr'><strong>mentam</strong></span> <span class='ocrx_word' id='word_1_114' title='bbox 1073 1597 1246 1662; x_wconf 65' lang='lat' dir='ltr'><strong>decimiana</strong></span> 
     </span>
    </p>

    <p class='ocr_par' dir='ltr' id='par_1_7' title="bbox 308 1695 1244 1796">
     <span class='ocr_line' id='line_1_15' title="bbox 308 1695 1244 1796; baseline -0.01 -25"><span class='ocrx_word' id='word_1_115' title='bbox 308 1709 453 1776; x_wconf 82' lang='lat' dir='ltr'><strong>»melum</strong></span> <span class='ocrx_word' id='word_1_116' title='bbox 468 1719 574 1774; x_wconf 87' lang='lat' dir='ltr'><strong>autem</strong></span> <span class='ocrx_word' id='word_1_117' title='bbox 589 1706 826 1796; x_wconf 86' lang='lat' dir='ltr'><strong>deglutientes¹.</strong></span> <span class='ocrx_word' id='word_1_118' title='bbox 852 1737 864 1770; x_wconf 77' lang='lat' dir='ltr'><strong>r</strong></span> <span class='ocrx_word' id='word_1_119' title='bbox 880 1709 944 1774; x_wconf 90' lang='lat' dir='ltr'><strong>Nisi</strong></span> <span class='ocrx_word' id='word_1_120' title='bbox 965 1708 1074 1794; x_wconf 83' lang='lat' dir='ltr'><strong>igitur</strong></span> <span class='ocrx_word' id='word_1_121' title='bbox 1093 1721 1187 1768; x_wconf 89' lang='lat' dir='ltr'><strong>eorum</strong></span> <span class='ocrx_word' id='word_1_122' title='bbox 1202 1695 1244 1757; x_wconf 67' lang='lat' dir='ltr'><strong>la*-</strong></span> 
     </span>
    </p>

    <p class='ocr_par' dir='ltr' id='par_1_8' title="bbox 308 1801 1243 1904">
     <span class='ocr_line' id='line_1_16' title="bbox 308 1801 1243 1904; baseline -0.005 -22"><span class='ocrx_word' id='word_1_123' title='bbox 308 1841 383 1882; x_wconf 89' lang='lat' dir='ltr'><strong>nnm</strong></span> <span class='ocrx_word' id='word_1_124' title='bbox 408 1817 615 1884; x_wconf 85' lang='lat' dir='ltr'><strong>contemnatis</strong></span> <span class='ocrx_word' id='word_1_125' title='bbox 647 1818 701 1904; x_wconf 90' lang='lat' dir='ltr'><strong>qui</strong></span> <span class='ocrx_word' id='word_1_126' title='bbox 723 1817 839 1904; x_wconf 86' lang='lat' dir='ltr'><strong>seipsos</strong></span> <span class='ocrx_word' id='word_1_127' title='bbox 861 1815 1018 1891; x_wconf 80' lang='lat' dir='ltr'><strong>ell&#39;erunt,</strong></span> <span class='ocrx_word' id='word_1_128' title='bbox 1054 1835 1095 1878; x_wconf 86' lang='lat' dir='ltr'><strong>ac</strong></span> <span class='ocrx_word' id='word_1_129' title='bbox 1119 1801 1243 1878; x_wconf 67' lang='lat' dir='ltr'><strong>metita</strong></span> 
     </span>
    </p>

    <p class='ocr_par' dir='ltr' id='par_1_9' title="bbox 309 1921 1245 2433">
     <span class='ocr_line' id='line_1_17' title="bbox 309 1921 1245 2012; baseline -0.01 -22"><span class='ocrx_word' id='word_1_130' title='bbox 309 1924 457 2012; x_wconf 85' lang='lat' dir='ltr'><strong>appellari</strong></span> <span class='ocrx_word' id='word_1_131' title='bbox 478 1923 599 1999; x_wconf 83' lang='lat' dir='ltr'><strong>volunt,</strong></span> <span class='ocrx_word' id='word_1_132' title='bbox 623 1937 656 1988; x_wconf 89' lang='lat' dir='ltr'><strong>et</strong></span> <span class='ocrx_word' id='word_1_133' title='bbox 678 1923 830 1988; x_wconf 77' lang='lat' dir='ltr'><strong>eruanimi</strong></span> <span class='ocrx_word' id='word_1_134' title='bbox 852 1923 1039 1988; x_wconf 82' lang='lat' dir='ltr'><strong>constantia</strong></span> <span class='ocrx_word' id='word_1_135' title='bbox 1063 1943 1103 1986; x_wconf 90' lang='lat' dir='ltr'><strong>ac</strong></span> <span class='ocrx_word' id='word_1_136' title='bbox 1123 1939 1155 1982; x_wconf 84' lang='lat' dir='ltr'><strong>ea</strong></span> <span class='ocrx_word' id='word_1_137' title='bbox 1172 1921 1245 1976; x_wconf 54' lang='lat' dir='ltr'><strong>mett?</strong></span> 
     </span>
     <span class='ocr_line' id='line_1_18' title="bbox 310 2015 1244 2120; baseline -0.02 -25"><span class='ocrx_word' id='word_1_138' title='bbox 310 2033 494 2120; x_wconf 82' lang='lat' dir='ltr'><strong>prophetica</strong></span> <span class='ocrx_word' id='word_1_139' title='bbox 510 2033 624 2120; x_wconf 85' lang='lat' dir='ltr'><strong>scriptu</strong></span> <span class='ocrx_word' id='word_1_140' title='bbox 640 2031 809 2108; x_wconf 84' lang='lat' dir='ltr'><strong>accedatis,</strong></span> <span class='ocrx_word' id='word_1_141' title='bbox 828 2041 863 2094; x_wconf 90' lang='lat' dir='ltr'><strong>ut</strong></span> <span class='ocrx_word' id='word_1_142' title='bbox 877 2031 992 2096; x_wconf 88' lang='lat' dir='ltr'><strong>eudem</strong></span> <span class='ocrx_word' id='word_1_143' title='bbox 1005 2053 1025 2094; x_wconf 86' lang='lat' dir='ltr'><strong>a</strong></span> <span class='ocrx_word' id='word_1_144' title='bbox 1040 2025 1147 2094; x_wconf 82' lang='lat' dir='ltr'><strong>vestris</strong></span> <span class='ocrx_word' id='word_1_145' title='bbox 1157 2015 1244 2086; x_wconf 73' lang='lat' dir='ltr'><strong>hanah·</strong></span> 
     </span>
     <span class='ocr_line' id='line_1_19' title="bbox 312 2121 1246 2229; baseline -0.013 -25"><span class='ocrx_word' id='word_1_146' title='bbox 312 2139 475 2226; x_wconf 83' lang='lat' dir='ltr'><strong>patiamini</strong></span> <span class='ocrx_word' id='word_1_147' title='bbox 490 2163 559 2226; x_wconf 82' lang='lat' dir='ltr'><strong>quae</strong></span> <span class='ocrx_word' id='word_1_148' title='bbox 574 2153 606 2205; x_wconf 85' lang='lat' dir='ltr'><strong>et</strong></span> <span class='ocrx_word' id='word_1_149' title='bbox 621 2141 679 2228; x_wconf 85' lang='lat' dir='ltr'><strong>ipsr</strong></span> <span class='ocrx_word' id='word_1_150' title='bbox 670 2140 857 2229; x_wconf 76' lang='lat' dir='ltr'><strong>Prophetae</strong></span> <span class='ocrx_word' id='word_1_151' title='bbox 872 2141 953 2226; x_wconf 85' lang='lat' dir='ltr'><strong>passi</strong></span> <span class='ocrx_word' id='word_1_152' title='bbox 969 2151 1068 2213; x_wconf 86' lang='lat' dir='ltr'><strong>sunt,</strong></span> <span class='ocrx_word' id='word_1_153' title='bbox 1087 2121 1246 2200; x_wconf 70' lang='lat' dir='ltr'><strong>nothone</strong></span> 
     </span>
     <span class='ocr_line' id='line_1_20' title="bbox 312 2241 1189 2336; baseline -0.008 -26"><span class='ocrx_word' id='word_1_154' title='bbox 312 2248 443 2334; x_wconf 88' lang='lat' dir='ltr'><strong>potestis</strong></span> <span class='ocrx_word' id='word_1_155' title='bbox 456 2270 495 2310; x_wconf 87' lang='lat' dir='ltr'><strong>ex</strong></span> <span class='ocrx_word' id='word_1_156' title='bbox 509 2248 700 2336; x_wconf 86' lang='lat' dir='ltr'><strong>propheticis</strong></span> <span class='ocrx_word' id='word_1_157' title='bbox 716 2247 850 2313; x_wconf 83' lang='lat' dir='ltr'><strong>oraculis</strong></span> <span class='ocrx_word' id='word_1_158' title='bbox 866 2246 1041 2312; x_wconf 78' lang='lat' dir='ltr'><strong>utilitatem</strong></span> <span class='ocrx_word' id='word_1_159' title='bbox 1058 2241 1189 2333; x_wconf 68' lang='lat' dir='ltr'><strong>percipo</strong></span> 
     </span>
     <span class='ocr_line' id='line_1_21' title="bbox 357 2325 1241 2433; baseline -0.008 -15"><span class='ocrx_word' id='word_1_160' title='bbox 357 2353 473 2418; x_wconf 84' lang='lat' dir='ltr'><strong>cxttl.</strong></span> <span class='ocrx_word' id='word_1_161' title='bbox 489 2355 584 2433; x_wconf 90' lang='lat' dir='ltr'><strong>Quod</strong></span> <span class='ocrx_word' id='word_1_162' title='bbox 598 2367 704 2420; x_wconf 88' lang='lat' dir='ltr'><strong>autem</strong></span> <span class='ocrx_word' id='word_1_163' title='bbox 718 2355 789 2420; x_wconf 91' lang='lat' dir='ltr'><strong>dico</strong></span> <span class='ocrx_word' id='word_1_164' title='bbox 801 2354 975 2420; x_wconf 86' lang='lat' dir='ltr'><strong>istiusmodi</strong></span> <span class='ocrx_word' id='word_1_165' title='bbox 991 2366 1057 2419; x_wconf 88' lang='lat' dir='ltr'><strong>est.</strong></span> <span class='ocrx_word' id='word_1_166' title='bbox 1078 2348 1144 2428; x_wconf 88' lang='lat' dir='ltr'><strong>Qui</strong></span> <span class='ocrx_word' id='word_1_167' title='bbox 1155 2325 1241 2408; x_wconf 56' lang='lat' dir='ltr'><strong>pothi</strong></span> 
     </span>
    </p>

    <p class='ocr_par' dir='ltr' id='par_1_10' title="bbox 315 2418 1259 2656">
     <span class='ocr_line' id='line_1_22' title="bbox 315 2418 1259 2550; baseline -0.011 -25"><span class='ocrx_word' id='word_1_168' title='bbox 315 2462 348 2526; x_wconf 89' lang='lat' dir='ltr'><strong>in</strong></span> <span class='ocrx_word' id='word_1_169' title='bbox 367 2472 483 2526; x_wconf 87' lang='lat' dir='ltr'><strong>terram</strong></span> <span class='ocrx_word' id='word_1_170' title='bbox 503 2462 652 2528; x_wconf 83' lang='lat' dir='ltr'><strong>Chnnaun</strong></span> <span class='ocrx_word' id='word_1_171' title='bbox 673 2460 851 2550; x_wconf 85' lang='lat' dir='ltr'><strong>explorator</strong></span> <span class='ocrx_word' id='word_1_172' title='bbox 874 2462 986 2526; x_wconf 88' lang='lat' dir='ltr'><strong>missus</strong></span> <span class='ocrx_word' id='word_1_173' title='bbox 1009 2472 1076 2535; x_wconf 85' lang='lat' dir='ltr'><strong>est,</strong></span> <span class='ocrx_word' id='word_1_174' title='bbox 1100 2457 1182 2520; x_wconf 86' lang='lat' dir='ltr'><strong>hunc</strong></span> <span class='ocrx_word' id='word_1_175' title='bbox 1193 2418 1259 2516; x_wconf 50' lang='grc' dir='ltr'><em>Ν</em></span> 
     </span>
     <span class='ocr_line' id='line_1_23' title="bbox 316 2544 1247 2656; baseline -0.008 -21"><span class='ocrx_word' id='word_1_176' title='bbox 316 2592 397 2656; x_wconf 83' lang='lat' dir='ltr'><strong>saepe</strong></span> <span class='ocrx_word' id='word_1_177' title='bbox 412 2569 488 2644; x_wconf 81' lang='lat' dir='ltr'><strong>dixi,</strong></span> <span class='ocrx_word' id='word_1_178' title='bbox 504 2592 579 2636; x_wconf 91' lang='lat' dir='ltr'><strong>cum</strong></span> <span class='ocrx_word' id='word_1_179' title='bbox 592 2568 692 2634; x_wconf 78' lang='lat' dir='ltr'><strong>Auses</strong></span> <span class='ocrx_word' id='word_1_180' title='bbox 712 2580 890 2646; x_wconf 83' lang='lat' dir='ltr'><strong>vocaretur,</strong></span> <span class='ocrx_word' id='word_1_181' title='bbox 907 2569 1020 2636; x_wconf 82' lang='lat' dir='ltr'><strong>Jesum</strong></span> <span class='ocrx_word' id='word_1_182' title='bbox 1040 2567 1144 2633; x_wconf 87' lang='lat' dir='ltr'><strong>Moses</strong></span> <span class='ocrx_word' id='word_1_183' title='bbox 1160 2544 1247 2644; x_wconf 57' lang='lat' dir='ltr'><strong>opplet</strong></span> 
     </span>
    </p>

    <p class='ocr_par' dir='ltr' id='par_1_11' title="bbox 314 2651 1245 2765">
     <span class='ocr_line' id='line_1_24' title="bbox 314 2651 1245 2765; baseline -0.008 -21"><span class='ocrx_word' id='word_1_184' title='bbox 314 2678 384 2744; x_wconf 86' lang='lat' dir='ltr'><strong>lloc</strong></span> <span class='ocrx_word' id='word_1_185' title='bbox 397 2689 432 2743; x_wconf 91' lang='lat' dir='ltr'><strong>tu</strong></span> <span class='ocrx_word' id='word_1_186' title='bbox 447 2701 511 2744; x_wconf 91' lang='lat' dir='ltr'><strong>non</strong></span> <span class='ocrx_word' id='word_1_187' title='bbox 527 2679 640 2765; x_wconf 79' lang='lat' dir='ltr'><strong>quaeric</strong></span> <span class='ocrx_word' id='word_1_188' title='bbox 655 2701 751 2765; x_wconf 81' lang='lat' dir='ltr'><strong>qnam</strong></span> <span class='ocrx_word' id='word_1_189' title='bbox 765 2680 806 2748; x_wconf 93' lang='lat' dir='ltr'><strong>oh</strong></span> <span class='ocrx_word' id='word_1_190' title='bbox 823 2701 950 2744; x_wconf 86' lang='lat' dir='ltr'><strong>causum</strong></span> <span class='ocrx_word' id='word_1_191' title='bbox 969 2677 1100 2751; x_wconf 81' lang='lat' dir='ltr'><strong>lecerit,</strong></span> <span class='ocrx_word' id='word_1_192' title='bbox 1117 2691 1171 2738; x_wconf 84' lang='lat' dir='ltr'><strong>nun</strong></span> <span class='ocrx_word' id='word_1_193' title='bbox 1182 2651 1245 2734; x_wconf 67' lang='lat' dir='ltr'><strong>solip</strong></span> 
     </span>
    </p>

    <p class='ocr_par' dir='ltr' id='par_1_12' title="bbox 316 2775 1251 2874">
     <span class='ocr_line' id='line_1_25' title="bbox 316 2775 1251 2874; baseline -0.022 -22"><span class='ocrx_word' id='word_1_194' title='bbox 316 2809 381 2852; x_wconf 89' lang='lat' dir='ltr'><strong>non</strong></span> <span class='ocrx_word' id='word_1_195' title='bbox 401 2787 538 2852; x_wconf 88' lang='lat' dir='ltr'><strong>studiose</strong></span> <span class='ocrx_word' id='word_1_196' title='bbox 560 2788 784 2874; x_wconf 83' lang='lat' dir='ltr'><strong>percunctaris.</strong></span> <span class='ocrx_word' id='word_1_197' title='bbox 810 2786 938 2853; x_wconf 87' lang='lat' dir='ltr'><strong>Scilicet</strong></span> <span class='ocrx_word' id='word_1_198' title='bbox 958 2785 1037 2852; x_wconf 83' lang='lat' dir='ltr'><strong>latet</strong></span> <span class='ocrx_word' id='word_1_199' title='bbox 1060 2797 1095 2850; x_wconf 88' lang='lat' dir='ltr'><strong>te</strong></span> <span class='ocrx_word' id='word_1_200' title='bbox 1111 2775 1251 2846; x_wconf 73' lang='lat' dir='ltr'><strong>Christut</strong></span> 
     </span>
    </p>

    <p class='ocr_par' dir='ltr' id='par_1_13' title="bbox 319 2865 1249 3197">
     <span class='ocr_line' id='line_1_26' title="bbox 319 2865 1249 2983; baseline -0.005 -25"><span class='ocrx_word' id='word_1_201' title='bbox 319 2892 424 2982; x_wconf 78' lang='lat' dir='ltr'><strong>lugens</strong></span> <span class='ocrx_word' id='word_1_202' title='bbox 439 2893 596 2983; x_wconf 82' lang='lat' dir='ltr'><strong>intelligis,</strong></span> <span class='ocrx_word' id='word_1_203' title='bbox 612 2917 672 2960; x_wconf 90' lang='lat' dir='ltr'><strong>nec</strong></span> <span class='ocrx_word' id='word_1_204' title='bbox 687 2916 785 2970; x_wconf 89' lang='lat' dir='ltr'><strong>nunc,</strong></span> <span class='ocrx_word' id='word_1_205' title='bbox 805 2917 880 2961; x_wconf 92' lang='lat' dir='ltr'><strong>cum</strong></span> <span class='ocrx_word' id='word_1_206' title='bbox 895 2894 1002 2959; x_wconf 82' lang='lat' dir='ltr'><strong>audias</strong></span> <span class='ocrx_word' id='word_1_207' title='bbox 1018 2893 1130 2960; x_wconf 88' lang='lat' dir='ltr'><strong>Jesum</strong></span> <span class='ocrx_word' id='word_1_208' title='bbox 1145 2899 1197 2947; x_wconf 71' lang='lat'><strong>⁶⁸⁵0</strong></span> <span class='ocrx_word' id='word_1_209' title='bbox 1209 2865 1249 2932; x_wconf 56' lang='lat' dir='ltr'><strong>lli</strong></span> 
     </span>
     <span class='ocr_line' id='line_1_27' title="bbox 320 2989 1252 3091; baseline -0.011 -25"><span class='ocrx_word' id='word_1_210' title='bbox 320 3013 388 3066; x_wconf 90' lang='lat' dir='ltr'><strong>tum</strong></span> <span class='ocrx_word' id='word_1_211' title='bbox 404 3015 559 3078; x_wconf 87' lang='lat' dir='ltr'><strong>nostrum,</strong></span> <span class='ocrx_word' id='word_1_212' title='bbox 576 3003 791 3068; x_wconf 76' lang='lat' dir='ltr'><strong>ratiocinando</strong></span> <span class='ocrx_word' id='word_1_213' title='bbox 807 3002 927 3091; x_wconf 83' lang='lat' dir='ltr'><strong>colligis</strong></span> <span class='ocrx_word' id='word_1_214' title='bbox 941 3025 1002 3068; x_wconf 92' lang='lat' dir='ltr'><strong>nec</strong></span> <span class='ocrx_word' id='word_1_215' title='bbox 1016 3003 1131 3067; x_wconf 79' lang='lat' dir='ltr'><strong>frustra</strong></span> <span class='ocrx_word' id='word_1_216' title='bbox 1145 3009 1192 3057; x_wconf 78' lang='lat' dir='ltr'><strong>nec</strong></span> <span class='ocrx_word' id='word_1_217' title='bbox 1202 2989 1252 3044; x_wconf 80' lang='lat' dir='ltr'><strong>uo</strong></span> 
     </span>
     <span class='ocr_line' id='line_1_28' title="bbox 322 3085 1251 3197; baseline -0.012 -25"><span class='ocrx_word' id='word_1_218' title='bbox 322 3107 417 3172; x_wconf 93' lang='lat' dir='ltr'><strong>hoc</strong></span> <span class='ocrx_word' id='word_1_219' title='bbox 408 3109 458 3173; x_wconf 80' lang='lat' dir='ltr'><strong>isti</strong></span> <span class='ocrx_word' id='word_1_220' title='bbox 484 3131 600 3175; x_wconf 89' lang='lat' dir='ltr'><strong>nomen</strong></span> <span class='ocrx_word' id='word_1_221' title='bbox 626 3109 808 3197; x_wconf 91' lang='lat' dir='ltr'><strong>impositum</strong></span> <span class='ocrx_word' id='word_1_222' title='bbox 830 3110 933 3174; x_wconf 83' lang='lat' dir='ltr'><strong>fuisse.</strong></span> <span class='ocrx_word' id='word_1_223' title='bbox 957 3109 1020 3174; x_wconf 84' lang='lat' dir='ltr'><strong>Sed</strong></span> <span class='ocrx_word' id='word_1_224' title='bbox 1040 3131 1098 3176; x_wconf 91' lang='lat' dir='ltr'><strong>cur</strong></span> <span class='ocrx_word' id='word_1_225' title='bbox 1119 3085 1251 3166; x_wconf 78' lang='lat' dir='ltr'><strong>unuult</strong></span> 
     </span>
    </p>

    <p class='ocr_par' dir='ltr' id='par_1_14' title="bbox 321 3187 1259 3294">
     <span class='ocr_line' id='line_1_29' title="bbox 321 3187 1259 3294; baseline -0.009 -12"><span class='ocrx_word' id='word_1_226' title='bbox 321 3239 374 3283; x_wconf 93' lang='lat' dir='ltr'><strong>mo</strong></span> <span class='ocrx_word' id='word_1_227' title='bbox 389 3217 525 3284; x_wconf 82' lang='lat' dir='ltr'><strong>Abrahae</strong></span> <span class='ocrx_word' id='word_1_228' title='bbox 539 3218 657 3284; x_wconf 78' lang='lat' dir='ltr'><strong>nomina</strong></span> <span class='ocrx_word' id='word_1_229' title='bbox 648 3217 819 3284; x_wconf 87' lang='lat' dir='ltr'><strong>additum</strong></span> <span class='ocrx_word' id='word_1_230' title='bbox 833 3218 939 3294; x_wconf 87' lang='lat' dir='ltr'><strong>suerit,</strong></span> <span class='ocrx_word' id='word_1_231' title='bbox 957 3231 1065 3284; x_wconf 88' lang='lat' dir='ltr'><strong>sancte</strong></span> <span class='ocrx_word' id='word_1_232' title='bbox 1086 3227 1117 3281; x_wconf 87' lang='lat' dir='ltr'><strong>et</strong></span> <span class='ocrx_word' id='word_1_233' title='bbox 1131 3187 1259 3288; x_wconf 51' lang='lat' dir='ltr'><strong>seligunt</strong></span> 
     </span>
    </p>

    <p class='ocr_par' dir='ltr' id='par_1_15' title="bbox 321 3317 1256 3416">
     <span class='ocr_line' id='line_1_30' title="bbox 321 3317 1256 3416; baseline -0.01 -24"><span class='ocrx_word' id='word_1_234' title='bbox 321 3327 431 3416; x_wconf 87' lang='lat' dir='ltr'><strong>quiris,</strong></span> <span class='ocrx_word' id='word_1_235' title='bbox 446 3340 479 3393; x_wconf 88' lang='lat' dir='ltr'><strong>et</strong></span> <span class='ocrx_word' id='word_1_236' title='bbox 494 3349 551 3396; x_wconf 84' lang='lat' dir='ltr'><strong>cur</strong></span> <span class='ocrx_word' id='word_1_237' title='bbox 566 3349 664 3392; x_wconf 90' lang='lat' dir='ltr'><strong>unum</strong></span> <span class='ocrx_word' id='word_1_238' title='bbox 679 3325 707 3392; x_wconf 84' lang='lat' dir='ltr'><strong>Il</strong></span> <span class='ocrx_word' id='word_1_239' title='bbox 722 3325 806 3391; x_wconf 83' lang='lat' dir='ltr'><strong>Sarae</strong></span> <span class='ocrx_word' id='word_1_240' title='bbox 822 3327 954 3402; x_wconf 89' lang='lat' dir='ltr'><strong>nomini,</strong></span> <span class='ocrx_word' id='word_1_241' title='bbox 967 3327 1108 3392; x_wconf 86' lang='lat' dir='ltr'><strong>similiter</strong></span> <span class='ocrx_word' id='word_1_242' title='bbox 1118 3329 1210 3401; x_wconf 80' lang='lat' dir='ltr'><strong>mugss⁰</strong></span> <span class='ocrx_word' id='word_1_243' title='bbox 1220 3317 1256 3383; x_wconf 69' lang='lat' dir='ltr'><strong>lll</strong></span> 
     </span>
    </p>

    <p class='ocr_par' dir='ltr' id='par_1_16' title="bbox 322 3407 1252 3525">
     <span class='ocr_line' id='line_1_31' title="bbox 322 3407 1252 3525; baseline -0.007 -24"><span class='ocrx_word' id='word_1_244' title='bbox 322 3450 392 3502; x_wconf 85' lang='lat' dir='ltr'><strong>ratu</strong></span> <span class='ocrx_word' id='word_1_245' title='bbox 407 3437 556 3524; x_wconf 84' lang='lat' dir='ltr'><strong>disputas.</strong></span> <span class='ocrx_word' id='word_1_246' title='bbox 577 3436 642 3502; x_wconf 86' lang='lat' dir='ltr'><strong>Gur</strong></span> <span class='ocrx_word' id='word_1_247' title='bbox 656 3447 762 3501; x_wconf 82' lang='lat' dir='ltr'><strong>autem</strong></span> <span class='ocrx_word' id='word_1_248' title='bbox 780 3435 915 3525; x_wconf 84' lang='lat' dir='ltr'><strong>patrium</strong></span> <span class='ocrx_word' id='word_1_249' title='bbox 931 3459 1047 3501; x_wconf 90' lang='lat' dir='ltr'><strong>nomen</strong></span> <span class='ocrx_word' id='word_1_250' title='bbox 1061 3436 1146 3503; x_wconf 75' lang='lat' dir='ltr'><strong>tuse</strong></span> <span class='ocrx_word' id='word_1_251' title='bbox 1159 3407 1252 3487; x_wconf 57' lang='lat' dir='ltr'><strong>fil¹⁰l²l³</strong></span> 
     </span>
    </p>

    <p class='ocr_par' dir='ltr' id='par_1_17' title="bbox 322 3509 1261 3844">
     <span class='ocr_line' id='line_1_32' title="bbox 322 3509 1261 3632; baseline -0.005 -26"><span class='ocrx_word' id='word_1_252' title='bbox 322 3553 425 3608; x_wconf 92' lang='lat' dir='ltr'><strong>totum</strong></span> <span class='ocrx_word' id='word_1_253' title='bbox 447 3543 523 3609; x_wconf 82' lang='lat' dir='ltr'><strong>Jesu</strong></span> <span class='ocrx_word' id='word_1_254' title='bbox 546 3543 732 3632; x_wconf 86' lang='lat' dir='ltr'><strong>cognomine</strong></span> <span class='ocrx_word' id='word_1_255' title='bbox 754 3555 966 3632; x_wconf 82' lang='lat' dir='ltr'><strong>permutatum</strong></span> <span class='ocrx_word' id='word_1_256' title='bbox 989 3541 1094 3616; x_wconf 86' lang='lat' dir='ltr'><strong>suerit,</strong></span> <span class='ocrx_word' id='word_1_257' title='bbox 1113 3555 1169 3602; x_wconf 86' lang='lat' dir='ltr'><strong>non</strong></span> <span class='ocrx_word' id='word_1_258' title='bbox 1186 3509 1261 3587; x_wconf 59' lang='lat' dir='ltr'><strong>poll·</strong></span> 
     </span>
     <span class='ocr_line' id='line_1_33' title="bbox 324 3633 1254 3742; baseline -0.001 -28"><span class='ocrx_word' id='word_1_259' title='bbox 324 3649 445 3737; x_wconf 81' lang='lat' dir='ltr'><strong>quaeris.</strong></span> <span class='ocrx_word' id='word_1_260' title='bbox 468 3651 531 3717; x_wconf 85' lang='lat' dir='ltr'><strong>Sed</strong></span> <span class='ocrx_word' id='word_1_261' title='bbox 548 3653 620 3742; x_wconf 88' lang='lat' dir='ltr'><strong>quia</strong></span> <span class='ocrx_word' id='word_1_262' title='bbox 641 3677 705 3723; x_wconf 88' lang='lat' dir='ltr'><strong>non</strong></span> <span class='ocrx_word' id='word_1_263' title='bbox 721 3654 865 3722; x_wconf 93' lang='lat' dir='ltr'><strong>modo</strong></span> <span class='ocrx_word' id='word_1_264' title='bbox 837 3677 905 3741; x_wconf 72' lang='lat' dir='ltr'><strong>epus</strong></span> <span class='ocrx_word' id='word_1_265' title='bbox 925 3675 1041 3720; x_wconf 89' lang='lat' dir='ltr'><strong>nomen</strong></span> <span class='ocrx_word' id='word_1_266' title='bbox 1064 3633 1254 3719; x_wconf 68' lang='lat' dir='ltr'><strong>immutarunt</strong></span> 
     </span>
     <span class='ocr_line' id='line_1_34' title="bbox 357 3777 599 3844; baseline 0.008 -14"><span class='ocrx_word' id='word_1_267' title='bbox 357 3777 465 3830; x_wconf 66' lang='lat' dir='ltr'><strong>*ttatttn</strong></span> <span class='ocrx_word' id='word_1_268' title='bbox 477 3795 546 3840; x_wconf 79' lang='lat' dir='ltr'><strong>xxiii,</strong></span> <span class='ocrx_word' id='word_1_269' title='bbox 561 3797 599 3844; x_wconf 74' lang='lat'><strong>27.</strong></span> 
     </span>
    </p>
   </div>
   <div class='ocr_carea' id='block_1_3' title="bbox 0 0 1364 4612">
    <p class='ocr_par' dir='ltr' id='par_1_18' title="bbox 0 0 1364 4612">
     <span class='ocr_line' id='line_1_35' title="bbox 0 0 1364 4612; baseline 0 0"><span class='ocrx_word' id='word_1_270' title='bbox 0 0 1364 4612; x_wconf 95' lang='lat' dir='ltr'><strong> </strong></span> 
     </span>
    </p>
   </div>
  </div>
 </body>
</html>
