2616 4620
23 267 29 313 ¹
286 299 325 344 an
349 297 546 352 aaronitas,
570 297 631 344 ma.
657 297 704 371 ¹.¹¹·
943 295 1000 340 nor

23 403 55 471 :0
85 405 127 475 ad
149 425 239 470 suam
265 417 390 474 atatem
416 429 514 474 annm
537 406 692 472 effluxisse
723 402 912 478 deoeruens;
946 425 1007 470 neo

23 513 170 580 indeeim
184 513 340 601 myriades
355 525 388 581 et
404 513 537 584 tresenti
549 513 744 602 septuaginta
761 511 902 600 quinque
917 511 1005 587 anni,

23 620 246 709 ‘Apollonium
265 621 448 710 AEgyptium
462 643 594 696 ,namara
614 622 764 694 diximuse
789 643 850 686 nee
869 619 1007 686 mundos

24 730 145 814 Jenitus
162 729 216 807 sit,
232 753 292 798 nee
308 731 436 796 fortuito
454 731 559 796 omnia
570 729 723 806 derantur,
739 727 1008 816 quemadmodum

23 837 181 925 :thagoras
200 847 233 902 et
247 837 350 904 caeteri
365 837 472 927 nugati
487 847 573 913 sunt,
593 837 648 904 aed
661 837 782 926 genitus
792 817 829 901 'et
845 832 1010 924 providen-
1109 881 1114 891 .

22 967 23 972 ¹
40 956 173 1032 regatur
186 945 225 1010 ab
241 967 279 1009 eo
293 944 347 1031 qui
362 944 468 1012 omnia
483 944 601 1010 crearit
618 943 702 1016 De03
722 965 761 1009 ao
776 953 899 1030 tempus
914 963 1010 1007 omne

22 1051 117 1116 *anni
131 1049 222 1132 iuoile
237 1050 491 1118 demonstrentur
512 1051 560 1118 his
580 1051 632 1139 qui
651 1050 773 1117 veritati
791 1051 1010 1138 obtemperare

21 1161 108 1228 lunt.
131 1161 177 1230 Ne
194 1162 302 1228 videar
319 1161 413 1252 igitur
431 1160 732 1229 demonstrationem
745 1160 787 1226 ad
803 1159 923 1248 Cyrum
939 1161 1009 1248 qui-

22 1293 60 1334 m
76 1269 271 1358 perduxisse,
290 1291 359 1357 que
375 1280 481 1336 autem
496 1279 689 1356 consequuta
707 1279 782 1334 sunt
795 1279 937 1356 tempora
951 1289 1010 1334 ue

24 1403 119 1466 gere,
133 1401 173 1444 eo
187 1377 271 1468 quod
285 1401 322 1444 ea
336 1378 552 1444 demonstrare
566 1399 631 1442 non
650 1377 784 1465 pessima
802 1375 869 1442 Deo
884 1377 1011 1464 juvante

22 1485 250 1573 nsequentium
261 1507 386 1573 quoque
399 1494 580 1574 temporum
594 1484 739 1550 ordinem
754 1487 895 1552 conabor
905 1484 1012 1573 quoad

26 1608 101 1660 tero
117 1617 283 1684 exponere.

25 1700 168 1771 xxvll.
191 1702 274 1790 (lyro
289 1701 385 1792 igitur
398 1711 470 1792 post
483 1725 617 1792 regnum
632 1723 788 1772 annorum
804 1723 844 1790 29
860 1725 879 1768 a
893 1700 1013 1792 Tomy-

22 1813 55 1878 le
67 1811 154 1900 apud
164 1810 350 1900 blessagetas
363 1812 480 1887 occiso,
497 1808 686 1898 Olympiade
700 1810 889 1898 sexagesima
902 1831 1013 1876 secuu-

28 1970 39 1995 ,
58 1921 205 2008 jamtum
218 1917 367 1986 Romana}
381 1941 431 1986 res
442 1920 627 1986 crescebant
642 1918 709 1994 Deo
724 1939 778 1984 eos
792 1916 1010 1994 confirmante,

22 2051 64 2092 im
85 2027 161 2092 urbs
177 2047 195 2089 a
214 2023 362 2100 Romulo,
381 2024 435 2113 qui
452 2024 559 2093 lllertis
576 2035 610 2090 et
626 2022 691 2091 llias
708 2022 791 2090 filios
812 2024 1010 2114 perhibetur,

21 2137 120 2204 ndita
143 2135 251 2200 luisset
277 2132 465 2224 Olympiade
489 2135 635 2224 septima,
666 2133 835 2200 undecimo
866 2132 1012 2200 calendas

21 2249 77 2324 aii,
101 2269 163 2334 quo
185 2256 325 2334 tempore
346 2267 447 2312 eunus
467 2244 578 2312 decem
598 2244 755 2310 mensium
773 2245 1007 2309 numerabatur.

21 2380 76 2442 yro
97 2355 205 2444 igitur.
228 2363 263 2419 ut
285 2353 350 2442 jam
372 2353 517 2430 diximus,
542 2351 730 2443 Olympiade
752 2353 792 2418 ὃς
813 2363 953 2428 mortuo,
974 2349 1011 2416 iit

21 2487 114 2552 mpus
133 2464 172 2528 ab
195 2460 279 2532 Urbe
293 2461 420 2528 condita
435 2461 510 2527 anni
531 2483 607 2536 sao,
623 2483 686 2550 quo
702 2470 845 2550 tempore
860 2462 1011 2550 regnabat

21 2571 178 2660 trquinius
195 2570 382 2659 cognomine
399 2569 574 2659 Superbus,
595 2570 693 2658 isqui
713 2569 833 2659 primus
852 2568 1011 2636 Romanos

21 2679 157 2748 uanullos
180 2680 287 2769 ejecit,
305 2701 420 2769 pueros
444 2679 573 2756 vitiavit,
592 2702 631 2746 ao
649 2680 732 2746 eires
750 2679 905 2768 spadones
924 2678 1010 2752 lecit,

21 2813 50 2855 ιο
67 2801 99 2856 et
114 2789 248 2878 virgines
264 2796 334 2876 post
348 2799 492 2876 stuprum
507 2788 540 2854 in
555 2787 794 2853 matrimonium
809 2786 905 2878 dedit.
930 2785 1012 2850 Hine

21 2900 114 2987 oprie
134 2897 297 2987 Superbus
315 2895 457 2968 Romana
476 2894 583 2986 lingua
605 2895 708 2962 dictus
727 2905 799 2962 esta
823 2893 910 2982 quod
927 2893 1013 2959 idem

23 3018 80 3072 nat
94 3027 133 3072 ao
147 3004 259 3071 Graeee
273 3007 444 3082 ὑπερήφανος,
457 3026 616 3091 arrogans.
635 3003 665 3068 ls
680 3002 766 3068 enim
780 3003 900 3091 primus
914 3001 1012 3068 sanei-

21 3123 32 3177 t
54 3124 90 3176 ut
110 3111 164 3198 qui
184 3133 218 3178 se
237 3108 420 3186 salutarent,
443 3107 563 3176 abalio
583 3105 838 3175 resalutarentur.
862 3109 1014 3199 Regnavit

21 3220 81 3285 inis
98 3221 150 3285 25.
171 3219 245 3286 Post
260 3241 334 3287 eum
349 3218 548 3308 inceperunt
562 3216 659 3294 annui
673 3217 829 3296 eonsules,
846 3218 965 3285 tribuni
982 3229 1015 3284 et

21 3327 98 3394 diles
112 3327 202 3394 annis
216 3329 294 3407 455,
307 3351 443 3416 quorum
456 3328 583 3394 nomina
598 3350 763 3395 recensere
777 3326 908 3418 longum
918 3337 955 3394 et
965 3351 1014 3394 su·

21 3457 224 3503 srvaoaneum
238 3447 396 3524 putamus.
413 3438 491 3506 Haeo
503 3436 589 3502 euim
603 3435 629 3501 si
644 3435 713 3524 quis
729 3435 849 3504 discere
864 3434 950 3513 velit,
967 3459 1014 3502 re-

21 3548 93 3614 triet
114 3545 147 3610 in
170 3546 401 3612 commentariis
422 3569 502 3635 quos
526 3544 699 3633 Chryseros
720 3545 853 3634 scriptos
875 3542 1012 3634 reliquit,

21 3649 210 3722 >modulator
223 3651 264 3718 bl.
282 3650 402 3720 Aurelii
413 3650 487 3718 Veri
501 3645 645 3727 libertus,
662 3651 716 3741 qui
731 3653 770 3726 ab
789 3651 872 3718 Urbe
886 3651 1012 3718 ooudita

21 3764 32 3828 l
51 3762 175 3829 obitum
192 3761 316 3850 patroni
334 3761 395 3836 sui,
415 3760 612 3850 imperatoria
628 3759 715 3836 Veri,
735 3758 818 3826 alere
838 3760 941 3825 omnia
958 3759 1015 3824 do·

20 3871 118 3961 :ripsit
131 3883 164 3937 et
178 3871 305 3942 nomina
316 3883 350 3938 et
360 3883 512 3960 temporo.
530 3869 679 3940 Romanis
690 3868 786 3959 igitur
798 3868 950 3957 praeluere
962 3891 1016 3936 au·
