2616 4620
295 193 355 234 ara
673 189 795 234 nature
820 189 945 233 rnnrsro
1201 146 1210 233 i

252 315 257 322 ·
291 301 361 387 ejus
375 294 607 364 Anaximander
620 303 769 358 uternam
785 291 877 360 illam
894 293 1067 359 motionem
1074 294 1194 359 humidus
1206 290 1211 327 ⁵

293 411 404 474 tionem
415 429 482 472 esse
494 405 583 479 dicit,
601 425 700 491 eaque
711 403 770 468 alia
783 404 873 480 oriri,
895 402 962 469 alia
974 403 1099 469 interire
1113 405 1198 492 lueri

292 516 523 586 Anaximandro
538 514 680 580 adhiberi
695 514 800 579 debet.

334 628 371 696 V.
399 626 510 692 Nonne
528 647 603 690 reru
621 623 800 690 celebratur
818 624 1022 698 Archelaus,
1043 625 1091 713 qui
1108 625 1210 688 unitae,

291 737 481 826 principium
492 757 559 801 esso
570 733 709 800 calidum
724 745 756 800 et
770 733 930 823 frigidum
947 734 1081 800 statuit?
1094 735 1219 798 &diriu—

291 844 457 936 gniloquus
469 843 559 908 Plato
573 866 637 908 non
653 843 833 918 assentitur,
847 845 904 931 qui
923 867 1044 908 rerum
1057 841 1170 916 exordia.
1179 844 1222 906 lu.

290 969 323 1022 et
341 954 519 1028 materiam,
535 963 566 1018 et
581 949 740 1042 exemplar
754 975 821 1017 esse
838 953 930 1017 dixit.
958 953 1039 1018 Jarn
1057 975 1123 1016 vero
1137 975 1214 1038 paru

290 1064 367 1130 mihi
387 1073 445 1129 cst.
470 1062 588 1142 Quidni
608 1084 682 1125 vero
703 1083 776 1128 cum
794 1059 999 1150 philosopho
1021 1061 1075 1148 qui
1092 1060 1162 1126 loris
1174 1085 1208 1125 u·

290 1176 385 1240 etiam
401 1173 523 1247 lecerit,
539 1170 716 1236 crediturus
731 1170 813 1235 sim?
828 1171 856 1237 A
871 1185 968 1261 tergo
985 1183 1097 1236 autem
1110 1173 1203 1254 sutria·
1227 1235 1228 1240 ,

292 1283 416 1374 cipulus
428 1281 621 1357 Aristoteles.
637 1283 691 1370 qui
703 1281 887 1370 magistrum
898 1285 943 1348 ob
959 1307 1084 1349 currus
1094 1281 1228 1384 labrum!

270 1464 272 1470 ,
292 1395 378 1461 illam
397 1393 573 1460 emulatur.
596 1390 653 1457 llle
672 1391 729 1457 alia
748 1393 901 1481 principia
918 1393 1097 1466 describit,
1115 1391 1201 1456 taam
1221 1406 1228 1450 t

290 1515 412 1567 rumet
426 1500 505 1590 petia
527 1522 564 1565 oc
580 1498 612 1564 id
627 1499 755 1588 quidem
771 1500 856 1587 quod
872 1499 984 1576 faciat,
1008 1498 1098 1565 nulla
1115 1523 1144 1564 re
1158 1499 1203 1561 au*

292 1610 405 1677 delicet
427 1607 593 1679 aetheremr
615 1607 648 1672 id
670 1630 744 1672 vero
763 1608 849 1696 quod
871 1609 1034 1697 patiatur,
1059 1605 1213 1696 quatuorlu

292 1717 469 1807 qualitates,
485 1715 676 1794 ariditatem,
690 1716 924 1792 humiditatem,
942 1716 1153 1788 caliditatem,
1167 1715 1213 1780 iu·

293 1841 357 1893 tom
372 1849 380 1891 t
397 1825 614 1920 horumenim
629 1837 738 1890 mutua
755 1826 836 1892 inter
848 1806 880 1891 se
893 1828 1084 1893 mutatione
1096 1827 1197 1892 omnint

291 1951 324 2001 et
339 1937 476 2002 interire.
498 1934 691 2024 Delatigatus
711 1937 776 2024 jam
791 1960 874 2012 sum,
890 1961 1026 2003 sursum
1047 1962 1090 2004 ac
1104 1938 1200 2002 deoru

292 2045 438 2110 nionibus
457 2046 601 2131 jactatus.
624 2042 744 2110 Verum
763 2041 938 2111 Aristotelis
959 2045 1132 2112 sentcntiae
1147 2045 1210 2106 sut-s·

291 2177 352 2243 que
369 2152 430 2218 ulla
446 2151 580 2240 amplius
595 2153 748 2219 sententia
763 2151 934 2218 tumultum
949 2153 1034 2219 mihi
1053 2151 1191 2220 conciuit

334 2261 388 2326 Vl.
413 2259 477 2326 Sed
497 2260 574 2348 quid
593 2262 707 2350 agam?
728 2285 801 2327 nam
822 2286 911 2328 senes
930 2262 978 2328 his
1001 2263 1207 2328 vetustiorem

292 2371 353 2437 mei
373 2393 484 2434 nervos
500 2371 663 2436 incidunt:
682 2371 891 2459 Pherecydes,
910 2373 964 2461 qui
980 2374 1142 2462 principia
1155 2393 1185 2434 eu
1195 2386 1209 2423 2¹

292 2480 417 2555 lovem,
436 2476 608 2554 Tellurem,
632 2492 665 2544 et
686 2479 876 2552 Saturnum
894 2480 1007 2546 dorem
1027 2475 1195 2550 aetherem'.

293 2613 359 2654 rem
376 2601 505 2665 terram,
525 2588 699 2655 Saturnum
715 2602 858 2678 tempus:
881 2614 919 2656 ac
933 2591 1092 2658 aetherem
1108 2589 1198 2679 quiden

297 2698 429 2774 ducere,
456 2711 572 2763 terram
594 2710 704 2762 autem
730 2697 827 2770 ferrer
857 2709 980 2788 tempus
1002 2723 1082 2766 vero
1109 2722 1166 2766 esst
1182 2699 1199 2758 it

296 2803 375 2870 stant
393 2805 509 2870 omnia.
535 2805 576 2869 At
599 2805 681 2869 inter
704 2827 792 2870 senes
812 2803 880 2871 illos
899 2809 995 2874 etiam
1012 2821 1063 2874 est
1078 2806 1204 2876 aemutsu

294 2913 379 2978 enim
394 2912 463 2978 haee
478 2914 582 2978 omnia
599 2913 776 3002 Leucippus
788 2939 886 3004 nugas
897 2941 963 2982 esse
977 2920 1165 2988 existimaus,
1175 2917 1215 3002 put

293 3021 343 3086 din
359 3043 427 3085 csse
442 3021 531 3097 dicit,
552 3022 672 3088 infinita
687 3035 720 3088 et
738 3025 909 3092 immobilia
924 3040 956 3092 et
970 3029 1124 3095 minima:
1145 3021 1219 3093 aad

294 3129 422 3217 qrridem
438 3153 563 3195 sursum
578 3129 671 3207 elata,
697 3132 801 3219 ignem
816 3147 849 3198 et
866 3158 971 3200 aerem
985 3137 1073 3211 lierir
1094 3159 1180 3206 crassa
1191 3147 1227 3196 att

209 3226 216 3244 ’
295 3238 374 3304 inira
396 3238 608 3313 subsistentia,
631 3262 746 3326 aquam
766 3255 948 3308 aetenam.
975 3243 1048 3323 Quo
1072 3269 1161 3335 usqne
1176 3253 1227 3305 aru

295 3345 366 3411 talia
386 3346 535 3421 edoceor,
557 3347 621 3410 veri
642 3359 746 3414 tamen
767 3346 842 3414 nihil
864 3350 1015 3416 addisco?
1035 3353 1100 3419 Nisi
1120 3347 1227 3419 nemea

295 3458 334 3520 ab
351 3456 531 3522 hocerrore
547 3477 598 3521 mc
614 3456 738 3532 liberet,
756 3459 985 3536 demonstrans,
1002 3464 1090 3529 initia
1103 3488 1161 3530 esso
1172 3459 1227 3542 idat

296 3565 347 3634 sit,
364 3575 396 3627 et
412 3565 444 3629 id
460 3565 544 3652 quod
559 3587 623 3630 non
639 3565 678 3630 sit
696 3591 704 3630 :
722 3589 760 3630 ac
775 3568 806 3632 id
822 3570 906 3656 quod
918 3572 969 3645 sit,
986 3595 1053 3637 esse
1069 3573 1189 3662 plenum
1201 3581 1227 3648 qt*

298 3693 371 3736 vcro
385 3693 448 3736 non
464 3673 516 3746 sit,
533 3695 600 3737 esse
617 3697 770 3740 vacuum:
789 3673 918 3764 plenum
934 3691 1045 3746 auteur
1055 3683 1087 3747 in
1102 3667 1227 3748 raouooni

297 3775 344 3842 vol
365 3779 580 3854 conversione,
602 3783 649 3846 vri
669 3780 766 3870 ligtrra
783 3783 918 3851 edicere.
942 3787 1093 3856 Fortassis
1111 3785 1226 3856 arriani*
