2808 4688
366 291 409 332 an
433 291 617 336 conturmos
641 291 794 334 errsrocs
819 289 924 332 rarus.
1115 263 1156 328 55

116 423 132 454 ι
143 393 224 462 cmli
236 408 392 460 enarrant
405 393 542 484 gloriam
550 395 609 462 Dei
614 419 624 468 ;
640 419 720 484 opus
735 407 845 460 autem
859 413 1014 458 manuum
1028 394 1094 479 ejus
1108 415 1160 456 an·

107 529 123 562 ι
142 503 282 568 nuntiat
303 503 577 568 firmamentum:
607 505 637 570 si
651 504 716 570 (lies
735 504 799 570 diei
819 515 946 568 eructat
966 503 1112 574 verbum,
1132 512 1163 564 et

109 641 126 672 ι
148 635 221 678 nox
236 613 328 678 nocti
341 613 514 678 annuntiat
528 613 692 680 scientiam
706 638 714 678 ε
732 631 762 678 ct
772 637 838 678 non
852 625 925 677 sunt
938 610 1091 699 loquele,
1109 631 1166 674 ne-

37 761 39 763 -
115 749 131 781 ι
150 743 222 808 que
238 743 420 796 sermones,
437 744 573 808 quorum
588 745 653 788 non
669 721 839 788 audiantur
851 744 941 788 voces
954 743 1068 785 eorum
1079 719 1126 783 ’.ι

175 827 332 894 XXVlll.
353 831 433 898 Cum
449 831 550 896 omnia
572 829 670 917 igitur
687 831 853 896 rideantur
870 843 901 895 et
920 829 1104 902 audiantur,
1123 827 1167 892 ti-

128 957 281 1002 mettmus
302 961 390 1011 eum‚·
412 951 445 1002 et
464 947 633 1026 pravorum
657 961 791 1025 operum
812 939 951 1027 impuras
973 939 1164 1026 cupiditates

126 1045 362 1133 relinquamus,
380 1060 416 1112 nt
429 1046 512 1112 illius
530 1048 746 1114 misericordia
762 1071 780 1112 a
795 1049 910 1114 futuris
928 1048 1054 1136 judiciis
1072 1057 1162 1137 tega-

120 1173 212 1216 mur,
237 1151 310 1230 Quo
327 1151 414 1216 enim
429 1163 572 1218 nostrum
588 1150 700 1239 aliquis
721 1176 739 1216 a
758 1165 890 1241 potente
909 1154 980 1241 ejus
996 1175 1094 1222 manu
1108 1153 1161 1218 lu·-

116 1281 198 1346 gere
213 1260 342 1348 potest?
358 1259 468 1340 Qualis
483 1272 590 1326 autem
608 1261 747 1329 mundus
760 1261 909 1349 suscipiet
924 1261 1108 1350 quempiam
1119 1265 1160 1327 ab

116 1391 162 1432 eo
179 1367 464 1456 transfugientem?
476 1367 563 1433 Dicit
575 1387 713 1455 namque
727 1367 891 1456 Scriptura
905 1368 1045 1436 alicubi:
1066 1371 1162 1450 «Quo

117 1506 133 1538 ι
150 1478 223 1554 ibo,
242 1490 276 1544 et
295 1503 359 1566 quo
374 1479 589 1547 abscondera
611 1478 789 1544 facietne?
808 1479 841 1544 Si
857 1481 1031 1545 ascendero
1045 1481 1078 1547 in
1093 1503 1162 1548 coe-

118 1617 133 1648 1·
152 1586 238 1662 lum,
261 1599 297 1650 tu
318 1609 352 1651 es
375 1585 466 1652 illic:
491 1587 517 1650 si
541 1586 649 1650 abiero
671 1587 714 1652 ad
735 1598 877 1652 extrema
900 1599 1010 1664 terras,
1033 1587 1097 1655 illic
1116 1603 1164 1654 est

120 1727 137 1758 ι
153 1697 285 1764 dextera
307 1708 386 1760 tua:
415 1696 442 1760 si
468 1695 628 1763 divertere
650 1695 686 1762 in
709 1697 858 1782 abyssos,
879 1694 947 1761 illic
972 1709 1021 1761 est
1042 1698 1165 1785 spiritus

125 1835 142 1867 s
158 1803 268 1870 tuus².
283 1833 297 1866 ι
312 1803 390 1884 Quo
404 1803 503 1890 igitur
515 1802 617 1868 abibit
628 1803 806 1889 quispiam,
817 1801 866 1868 vel
882 1825 944 1894 quo
956 1803 1111 1894 aufugiet,
1127 1809 1167 1872 als

133 1937 175 1978 eo
191 1912 249 2000 qui
262 1911 371 1976 omnia
387 1907 633 1998 complectitur?

184 2019 313 2086 XXIX.
329 2020 528 2086 Accedamus
538 2044 613 2108 ergo
623 2021 663 2086 ad
675 2043 749 2086 eum
756 2021 788 2086 in
796 2022 959 2088 sanctitate
967 2024 1091 2100 anime,
1102 2047 1166 2091 cas-

140 2141 190 2194 tas
200 2141 234 2192 et
244 2127 424 2216 impollutas
436 2151 545 2194 manus
557 2127 760 2196 elevantesad
769 2127 857 2196 illum
865 2131 890 2206 ³,
903 2127 1067 2221 diligentes
1077 2136 1165 2201 beni·

131 2260 233 2326 gnum
249 2248 281 2302 ct
296 2237 530 2308 misericordem
545 2249 667 2324 patrem
682 2249 841 2316 nostrum,
856 2239 909 2327 qni
927 2263 986 2307 nos
999 2239 1162 2308 electionis

125 2346 337 2436 partemfecit
349 2346 418 2410 sibi.
434 2343 487 2412 Sic
497 2346 582 2415 enim
595 2347 748 2435 scriptum
756 2359 821 2413 ests
834 2349 990 2428 «Quando
998 2349 1102 2416 divisit
1110 2351 1162 2416 Al·

124 2485 138 2518 s
153 2457 294 2521 tissimus
306 2468 428 2543 gentes,
441 2456 567 2543 quando
580 2456 792 2524 disseminavit
804 2455 885 2522 lilios
895 2457 972 2524 lldae
979 2481 988 2532 ς
998 2460 1166 2526 constituit

124 2594 137 2627 ι
153 2563 458 2652 terminosgentium
470 2565 827 2638 secundumnumerum
835 2565 1047 2656 Angelorum:
1062 2569 1164 2633 lactus

121 2705 136 2736 ι
152 2673 791 2762 estparsDomini,populusejus,Jacobs
807 2673 1166 2742 funiculushoereditatis

120 2815 135 2846 ι
153 2785 240 2870 ejus,
253 2777 406 2850 lsrael⁴.»
421 2782 461 2846 Et
474 2783 507 2848 in
518 2781 580 2848 alio
592 2780 664 2852 loco
676 2783 740 2851 aits
760 2783 864 2848 «Ecce
877 2782 1035 2848 Dominus
1051 2785 1167 2874 accipit

120 2923 137 2954 ι
153 2893 214 2958 sibi
226 2903 354 2980 gentem
366 2915 385 2956 a
397 2890 503 2957 medio
514 2891 673 2977 gentium·
685 2891 769 2960 siout
780 2889 878 2954 lromo
890 2891 1165 2978 accipitprimitias

120 3033 137 3064 o
154 3023 308 3070 ereetum
318 3024 326 3065 :
337 3013 415 3064 etex
423 3011 518 3090 gente
530 2998 910 3087 illaegredieutursancta
919 3013 1102 3067 sanctorum
1110 3003 1131 3066 ⁵.
1144 3031 1157 3065 s

170 3109 283 3178 XXX.
310 3109 394 3172 Cum
412 3107 507 3195 igitur
529 3108 630 3172 sancti
654 3129 726 3194 pars
750 3107 864 3181 simus,
887 3107 1040 3174 faciamus
1059 3109 1164 3176 omnio

121 3243 200 3310 que
212 3219 256 3284 ed
267 3216 468 3286 sanctitatem
478 3215 640 3302 pertinent
648 3238 658 3286 ;
674 3213 806 3282 vientes
819 3216 1098 3290 obtrectationem,
1111 3217 1166 3282 im·

123 3349 231 3418 puros
252 3343 293 3387 ac
310 3323 486 3408 impudicos
508 3320 709 3408 complexus,
727 3321 897 3386 ebrietates
915 3333 948 3384 et
967 3321 1166 3400 insolentias,

122 3449 160 3503 ct
173 3431 410 3504 abominandas
418 3429 616 3516 cupiditates,
625 3429 849 3496 detestandum
861 3427 1064 3507 adulterium,
1077 3455 1165 3500 exse-

126 3543 287 3614 crabilem
306 3539 501 3628 superbiam,
528 3539 637 3604 «Deus
652 3539 755 3614 enim,
772 3537 891 3624 inquit,
913 3542 1053 3629 superbis
1070 3546 1164 3612 resis-

128 3658 212 3728 ,ue
231 3649 412 3719 humilibus
427 3659 536 3713 antem
553 3648 607 3712 dat
622 3647 753 3735 gratiam
768 3645 789 3711 ⁸.
803 3675 816 3708 ι
832 3645 1070 3738 Agglutinemur
1088 3678 1164 3746 crgo

164 3804 173 3838 ¹
186 3803 226 3851 Pu.
238 3815 311 3858 xvsti,
325 3815 350 3846 a.
361 3794 457 3844 -ν-Ῥε.
470 3809 593 3854 currui,
604 3811 629 3859 7.
638 3791 700 3841 -ἰ
713 3795 777 3846 Tim.
792 3811 819 3855 n,
831 3795 911 3845 8.-‘
922 3798 997 3849 Dent.
1009 3817 1088 3860 usn,
1100 3801 1125 3849 8.
1134 3829 1166 3839 ..

135 3899 143 3919 ⁸
157 3889 232 3936 licut.
246 3902 283 3944 rr,
295 3883 340 3941 δός
351 3881 427 3931 Nam.
442 3895 513 3940 ratu,
524 3893 570 3944 ης
583 3878 674 3927 Bacch.
689 3880 828 3928 rursm-⁶
837 3879 894 3930 Jac.
909 3883 984 3942 1v‚6;
999 3899 1024 3942 1,
1036 3883 1090 3933 Pet.
1104 3899 1128 3946 r,
1142 3887 1166 3934 ⁵.
