2646 4628
375 345 499 392 corrue
523 345 674 390 naerens.
981 323 1044 388 255

7 451 201 543 spiritualem
219 452 384 518 homiuem
399 451 513 520 redimi
527 453 628 528 aiunt,
649 473 746 542 seque
762 473 870 518 rerum
886 451 1046 520 :aniversa-

7 585 79 627 rum
94 563 308 653 cognitionem
323 560 469 650 adeptos,
485 558 564 627 nihil
578 573 730 651 praeterea
747 561 930 650 requirere:
950 574 1046 650 atque

7 672 93 738 hanc
109 695 218 740 veram
233 672 487 760 redemptionem
501 695 580 737 esse.

53 781 137 848 Sunt
159 779 211 848 elii
233 781 287 870 qui
309 782 375 868 jam
396 782 526 871 jamque
544 805 584 848 ex
601 781 663 848 hac
682 782 745 848 vite
764 803 947 848 excessuros
962 781 1050 846 redi-

7 905 112 970 mant,
128 891 236 960 oleum
250 915 339 981 aquae
359 892 536 960 immistum
556 894 590 960 in
608 916 721 960 eorum
736 893 838 982 capita
856 893 1048 982 injicientes,

9 1027 73 1070 una
97 1027 171 1070 cum
193 1003 231 1069 iis
253 1003 507 1072 invocationibus
525 1028 604 1092 quas
623 1003 766 1093 superius
787 1004 1053 1070 commemoravi-

9 1137 95 1178 mus.
114 1112 211 1194 Quod
226 1113 357 1201 quidem
370 1137 410 1179 eo
425 1113 559 1190 faciunt,
576 1125 644 1179 uta
661 1111 876 1201 superioribus
887 1111 1052 1201 Principa—
1135 1169 1137 1174 ,

11 1221 98 1286 tihus
112 1230 145 1285 et
160 1219 374 1288 Potestetihue
388 1221 584 1311 apprehendi
597 1232 631 1285 et
647 1221 750 1286 teneri
765 1233 937 1308 nequeant,
957 1233 1053 1310 atque

11 1342 49 1395 ut
64 1329 208 1421 internus
222 1353 336 1396 eorum
347 1331 445 1398 homo
457 1328 604 1396 invisibili
621 1330 717 1406 modo
733 1328 867 1395 ulterius
879 1329 1050 1396 escendat:

11 1437 147 1528 perinde
165 1439 317 1506 nimirum
336 1462 374 1506 ac
393 1461 527 1528 corpora
546 1463 658 1506 eorum
678 1440 762 1506 iuter
777 1461 827 1504 res
843 1438 987 1505 conditas
1002 1462 1055 1504 re-

12 1547 210 1636 linquantur.
228 1546 350 1615 Juhent
365 1559 474 1614 autem
487 1571 555 1624 eos,
572 1571 649 1615 oum
667 1548 709 1614 ad
723 1547 923 1636 Principetus
942 1569 981 1614 ac
998 1547 1056 1614 Po-

13 1669 144 1725 testatos
158 1657 316 1732 venerint,
332 1656 381 1722 his
393 1657 499 1723 verbis
511 1657 577 1722 uti:
597 1659 688 1745 «Ego
701 1655 784 1722 filius
796 1679 815 1722 a
826 1655 933 1731 Patre,
949 1655 1057 1732 Patre,

14 1767 187 1854 uinquam,
207 1766 438 1856 praeexistente,
458 1764 542 1831 iilius
560 1777 669 1830 autem
687 1766 721 1832 in
740 1788 779 1831 eo
798 1765 853 1855 qui
872 1766 1055 1855 praeexistit.

15 1902 29 1937 a
45 1873 127 1942 Veni
144 1884 259 1939 uttam
275 1896 347 1938 mea
358 1896 455 1962 quam
467 1871 569 1940 aliena
584 1896 769 1940 cernerem:
787 1896 981 1963 quamquam
992 1897 1058 1942 non

17 2015 31 2046 s
46 1986 143 2052 etiam
157 2007 286 2073 prorsus
301 1981 416 2060 alienu,
437 1983 493 2050 sed
508 1983 702 2060 Achamoth,
720 2008 791 2073 quae
805 1985 921 2052 femina
937 1997 998 2063 est,
1014 1996 1061 2050 at-

19 2123 34 2157 »
49 2119 112 2184 que
128 2095 197 2162 haec
209 2095 242 2162 in
258 2117 352 2161 nsum
367 2118 462 2161 suum
472 2093 590 2162 effecit.
609 2095 717 2161 Genus
730 2107 837 2162 autem
850 2094 933 2162 duco
948 2118 967 2161 e
982 2119 1060 2184 prse-

20 2207 230 2272 »existentes
254 2229 293 2272 ec
313 2228 423 2271 rursus
444 2205 485 2271 ed
506 2229 576 2272 mee
597 2219 650 2272 me
670 2205 813 2282 consero,
836 2205 922 2274 unde
941 2206 1052 2270 veni.»

4 2379 5 2384 ,
20 2314 129 2400 Atque
143 2311 205 2378 hac
220 2311 363 2378 oratione
379 2311 500 2390 hahita,
517 2335 592 2378 eum
606 2310 780 2378 Potestates
791 2311 932 2401 effugere
946 2312 1056 2379 aiunt:

4 2479 5 2496 ,
19 2445 62 2488 ec
74 2420 190 2488 deinde
201 2420 242 2487 ed
254 2421 463 2510 Demiurgum
473 2419 648 2510 proficisci,
660 2443 797 2510 eumque
809 2419 859 2488 his
870 2419 975 2487 verhis
986 2443 1062 2487 con·

21 2530 144 2596 venire.
166 2527 252 2596 «Vas
271 2553 342 2596 sum
359 2531 558 2619 prestantius
588 2553 684 2618 quam
707 2531 824 2598 femina
845 2555 882 2597 ea
909 2554 980 2620 quse
1006 2555 1062 2597 vos

23 2639 240 2728 »procreavit
265 2638 299 2706 Si
320 2650 422 2706 mater
444 2652 544 2708 vestra
566 2642 708 2708 radicem
729 2665 820 2708 suam
842 2641 978 2731 ignorat,
1003 2664 1063 2730 ego

21 2777 35 2810 s
53 2747 211 2836 meipsum
228 2748 313 2822 novi,
331 2771 370 2814 ac
387 2747 587 2840 exploratum
605 2751 710 2818 haheo
729 2750 815 2816 unde
830 2751 992 2817 venerim:
1012 2761 1064 2816 at-

23 2880 116 2946 aque
134 2857 381 2947 incorruptibilis
400 2859 569 2949 Sapientiae
588 2884 683 2950 opem
703 2859 852 2950 implero,
873 2883 943 2949 quae
961 2871 1011 2928 est
1031 2861 1065 2930 in

22 2996 37 3030 s
52 2967 160 3042 Patre,
180 2979 344 3057 materque
362 2983 473 3038 vestrae
493 2971 645 3058 parentis,
666 2993 737 3057 quae
755 2971 854 3060 patris
872 2985 921 3038 est
939 2995 1064 3061 expers,

23 3103 38 3136 ι
56 3095 97 3138 ac
111 3097 152 3140 ne
166 3077 337 3164 conjugem
348 3077 477 3164 quidem
489 3077 668 3144 masculum
683 3079 804 3146 hehet:
822 3103 932 3148 verum
948 3083 1064 3148 l'emina

25 3211 40 3244 s
56 3180 227 3248 exsemine
242 3194 311 3248 orta
327 3206 382 3250 vos
397 3184 516 3262 effecit,
537 3197 673 3254 matrem
686 3188 784 3256 etiam
798 3211 888 3255 suam
904 3189 1066 3279 ignorans,

26 3321 42 3353 »
59 3313 157 3379 seque
172 3290 272 3358 solem
286 3315 355 3358 esse
370 3295 562 3362 existimans.
580 3298 648 3387 Ego
664 3320 738 3364 vero
751 3300 847 3388 ipsius
860 3312 995 3367 matrem
1010 3301 1068 3368 im-

26 3432 41 3465 »
61 3398 152 3490 ploro
172 3413 269 3490 atque
289 3405 442 3470 obtestor.
456 3433 469 3468 s
483 3405 554 3471 floc
574 3418 682 3478 autem
704 3429 779 3474 oum
799 3409 989 3498 Demiurgus
1009 3432 1069 3476 au·

28 3510 140 3592 dierit,
159 3533 351 3602 magnopere
369 3514 563 3602 perturbari,
583 3515 788 3604 radicemque
807 3539 897 3582 suam
913 3526 945 3583 et
959 3517 1069 3584 matris

29 3643 134 3712 genus
154 3621 310 3688 incusare.
332 3622 442 3711 Ipsum
463 3634 572 3690 autem
591 3623 632 3692 ad
653 3647 709 3692 suo
728 3625 901 3714 proficisci,
923 3627 1070 3717 projecto

31 3753 93 3796 suo
109 3730 249 3808 vinculo,
264 3743 297 3798 et
309 3732 443 3824 Angelo,
460 3733 524 3801 hoc
534 3745 595 3810 est,
612 3735 727 3802 anima.
745 3736 786 3804 Et
800 3737 840 3802 de
851 3737 1072 3829 redemptione

32 3841 166 3932 quidem
181 3844 250 3911 haec
265 3857 340 3911 sunt
352 3868 422 3934 quse
436 3845 479 3912 ad
493 3868 551 3913 nos
567 3845 771 3914 devenerunt.
