2616 4620
302 317 341 358 ιιι
365 312 561 363 ιιιτοιιοιιιι,
585 312 645 354 ιιι.
674 313 707 353 ιι.

14 426 149 493 Similiter
163 440 194 492 et
208 426 372 514 Euripides
387 447 394 486 :

80 583 175 636 Patere
185 578 263 636 haud
275 578 388 654 iniquus
400 597 406 631 :
420 577 527 632 feceras
540 573 615 631 enim
628 573 728 632 lubens

81 679 135 732 Lex
148 675 229 731 estin
240 674 351 731 hostem
365 684 396 729 ut
408 671 516 744 saevias,
532 671 555 729 si
570 672 687 749 ceperis.

14 807 43 872 lt
57 832 159 874 rursus
174 811 257 876 idem
271 836 278 875 :

81 958 158 1014 Hosti
172 977 274 1016 nocere
289 959 371 1016 sortis
386 957 512 1015 arbitror
526 956 590 1014 viri.

14 1088 150 1156 iimiliter
163 1103 195 1156 et
209 1091 417 1159 Archilochus
430 1116 438 1156 :

79 1244 173 1298 Unum
186 1261 247 1300 esse
260 1242 328 1300 novi
342 1243 505 1312 maximum,
521 1239 544 1297 si
560 1239 630 1317 quid
643 1239 711 1296 mali

80 1338 215 1397 lnflixerit
229 1340 301 1418 quis,
315 1341 443 1417 gnaviter
455 1339 620 1418 rependere.

14 1480 97 1558 luod
115 1494 219 1546 autem
239 1483 323 1548 Deus
338 1484 441 1548 omniu
457 1483 554 1557 videt,
573 1504 634 1547 nec
652 1504 726 1547 eum
741 1481 912 1570 quidquam
928 1481 1014 1558 latet,

14 1591 55 1654 ed
71 1612 142 1654 cum
157 1591 277 1678 patiens
292 1592 344 1667 sit,
364 1603 524 1680 exspectet
538 1590 615 1657 dum
628 1591 761 1678 judicet,
783 1613 820 1656 ea
835 1614 960 1679 quoque
976 1593 1015 1657 ‹lc

14 1720 32 1761 e
47 1698 212 1785 Dionysius
227 1700 323 1764 dixit:

79 1850 198 1907 Justitiae
212 1851 320 1922 oculus,
337 1853 389 1909 etsi
403 1853 519 1911 videtur
530 1853 633 1910 leniter

79 1947 222 2022 spectare,
239 1967 352 2025 semper
367 1950 507 2027 prospicit
523 1962 615 2008 tamen
629 1949 732 2007 omnin.

14 2082 157 2147 loturum
176 2099 280 2150 nutem
301 2088 358 2153 Dei
377 2089 544 2176 judicium,
564 2111 602 2154 uc
620 2088 779 2174 improbos
798 2084 878 2150 mula
897 2109 936 2151 ex
954 2088 1014 2151 im-

18 2191 122 2256 roviso
137 2192 382 2280 deprehensum,
399 2195 564 2282 AEsehylus
580 2193 765 2282 significavit
778 2193 825 2259 lris
840 2195 963 2281 verbis:

77 2335 161 2393 Haud
173 2336 255 2395 tarda
269 2359 366 2416 gressu
377 2340 539 2398 hominibus
551 2341 683 2416 ingruent
695 2340 778 2412 mala,

77 2435 255 2514 Theminque
268 2438 356 2496 tristis
370 2457 453 2517 poena
468 2437 671 2496 deserentibus.
855 2423 860 2436 ⁹

76 2536 200 2594 Invisum
210 2549 238 2594 et
250 2537 357 2614 absque
368 2559 439 2596 voce
448 2536 587 2614 justitium
600 2538 688 2596 vides.

74 2640 110 2688 nt
120 2634 180 2692 sive
192 2633 307 2707 dormis,
319 2636 379 2694 sive
390 2657 445 2709 ens,
457 2657 506 2694 seu
516 2638 631 2708 sederis,

63 2728 200 2808 'Obliqua
212 2734 341 2810 sequitur
354 2734 492 2812 proxime,
507 2734 650 2791 interdum
665 2733 793 2792 eminus:

73 2829 249 2906 Nullumque
262 2850 380 2907 prorsus
393 2851 450 2888 nox
463 2833 542 2888 nelos
557 2830 698 2889 celaverit.

72 2926 103 2983 si
118 2946 207 3003 prave
220 2946 285 3003 agas
300 2929 379 3004 quid,
395 2949 455 2987 esse
469 2930 520 3004 qui
534 2942 630 2986 cernat
644 2940 722 3006 puta.

18 3083 112 3125 nnon
128 3062 222 3125 etiam
237 3061 433 3126 Simonidesil

75 3196 162 3254 Haud
174 3199 231 3256 ulla
243 3212 348 3276 praeter
360 3220 440 3278 spem
455 3201 585 3259 accidunt
598 3203 706 3260 homini
720 3201 801 3274 mala,

73 3299 219 3372 Horaeque
232 3311 375 3358 momento
388 3301 483 3359 omnia
495 3302 597 3359 evertit
609 3307 694 3359 Deus.

17 3457 114 3500 ursus
129 3435 313 3523 Euripides:

72 3573 206 3629 Hominis
220 3573 286 3630 mali
298 3592 344 3630 res
355 3593 506 3652 prosperas

70 3671 237 3746 Nunquam,
252 3683 337 3749 atque
350 3691 440 3750 opum
455 3675 619 3754 superbiam

72 3767 194 3826 stabiles
206 3781 320 3846 oportet
334 3771 464 3846 credere;

72 3867 131 3925 Sed
145 3888 197 3926 nec
210 3871 349 3930 malorum
363 3871 443 3934 filios.

80 3987 114 4028 ιι.
