2630 4614
329 267 463 310 nnarrro
487 268 542 308 aaa
566 267 767 320 canrsrurus.
1014 251 1049 312 51

40 378 195 444 Eleusinia
216 387 249 442 et
271 376 458 441 Cabiroram
482 375 627 461 mysteria
649 374 808 464 vulgabat,
832 387 865 440 et
890 376 929 442 de
954 388 1054 443 statua

40 485 181 552 Herculis
199 486 338 559 secabat,
357 506 396 546 ox
415 505 477 568 quo
495 504 585 569 rapas
603 505 673 546 suas
692 493 858 569 coqueret;
884 483 940 548 sed
960 485 1055 550 etiam

40 595 143 661 Deum
158 594 286 660 omnino
300 615 363 658 non
378 613 445 656 esse
460 589 564 678 palam
578 603 610 654 et
624 602 731 680 aperte
744 591 979 680 pronuntiabat.
998 591 1057 658 No-

42 705 89 769 bis
105 714 224 778 autem,
241 701 294 788 qui
309 701 410 765 Deum
425 722 442 761 a
458 697 587 762 materia
606 697 825 788 disjungimus,
840 710 873 762 et
888 696 973 764 alind
988 699 1059 786 qni-

44 813 116 876 dem
126 812 303 884 materiam,
315 807 400 874 aliud
410 831 482 874 vero
493 808 596 872 Deum
607 831 685 883 esse,
698 830 735 873 ac
745 806 880 895 plurimo
891 819 1061 896 atrumque

44 918 206 985 intervallo
222 918 335 984 distare
347 918 598 983 demonstramus
616 917 736 1002 (Deum
746 917 831 982 enim
842 917 1018 983 increatam
1029 930 1062 983 et

42 1042 196 1095 aeternum
207 1051 286 1101 esse,
304 1051 342 1092 ac
353 1027 416 1093 sola
429 1038 535 1092 mente
545 1038 577 1090 et
587 1027 707 1091 rationo
721 1029 866 1115 cognosci
877 1051 983 1116 posse3
998 1051 1064 1093 ma-

43 1138 153 1202 teriam
165 1149 270 1200 autem
282 1147 419 1201 creatam
431 1146 462 1199 et
474 1135 668 1222 corruptioni
681 1135 877 1222 obnoxiam),
890 1158 994 1202 nonne
1005 1137 1063 1202 im·

44 1246 157 1310 merito
167 1245 333 1310 atheorum
345 1265 460 1308 noman
470 1241 664 1329 imponitur?
677 1241 755 1306 Nam
768 1241 793 1306 si
804 1241 889 1306 idem
899 1264 937 1307 ac
951 1243 1061 1333 Diago-

45 1375 94 1416 ras
116 1351 313 1425 sentiremus,
336 1373 409 1414 eum
431 1358 478 1413 tot
500 1371 538 1413 ac
555 1359 642 1411 tanta
665 1347 837 1412 habeamus
858 1347 917 1412 Dei
938 1349 1062 1414 colendi

44 1460 187 1549 pignora,
210 1470 313 1523 ratum
333 1457 489 1531 ordinem,
511 1466 699 1544 perpetuum
722 1464 925 1531 concentum,
948 1459 1067 1546 magni·

46 1568 200 1641 tudinem,
216 1565 367 1641 colorem,
384 1564 530 1652 figuram,
549 1563 791 1650 descriptionem
808 1563 935 1636 mundi;
953 1567 1065 1630 merito

45 1676 77 1738 in
93 1674 237 1740 atheismi
252 1673 385 1747 crimen,
401 1685 434 1736 et
449 1672 482 1736 in
498 1670 606 1757 cupitis
619 1670 775 1757 judicium
791 1694 984 1737 vocaremur.
1004 1672 1068 1738 Sed

46 1784 119 1869 quia
139 1781 281 1847 doctrina
301 1793 408 1846 nostra
427 1803 526 1844 unam
544 1780 647 1844 Deum
666 1778 818 1866 agnoscit,
840 1780 893 1866 qui
912 1780 1068 1869 ingenitus

47 1891 113 1979 ipso
132 1888 235 1976 (qaod
250 1888 334 1952 enim
350 1899 476 1953 estnon
491 1886 539 1962 fit,
557 1886 612 1951 sed
628 1886 715 1972 quod
729 1909 793 1952 non
809 1892 874 1977 ast)
892 1892 996 1956 amnia
1012 1915 1068 1980 per

47 1999 189 2066 Verbum
208 2023 300 2064 suam
318 1997 408 2070 secit;
431 2010 599 2084 utramque
618 2006 731 2085 praeter
749 1997 903 2064 rationem
917 2001 1066 2088 patimur,

50 2121 86 2174 ut
100 2119 132 2172 et
146 2107 229 2173 mala
244 2107 408 2173 audiamus
423 2116 455 2170 et
470 2127 628 2170 vexemur.

92 2215 129 2282 V.
149 2216 196 2282 Aa
210 2227 310 2305 poetae
325 2215 454 2304 quidem
468 2224 500 2279 ot
514 2211 690 2303 philosophi
705 2237 903 2304 nequaquam
914 2217 999 2282 athei
1010 2217 1068 2284 visi

48 2338 134 2402 sunt,
150 2347 225 2394 cum
240 2325 279 2389 de
293 2325 360 2389 Deo
375 2332 558 2411 quererent.
577 2324 741 2411 Euripides
759 2324 798 2389 de
816 2325 853 2389 iis
867 2327 921 2413 qui
935 2326 1068 2392 inscien-

50 2451 99 2500 ter
119 2459 157 2500 er
176 2431 379 2523 praejudicata
401 2430 484 2518 vulgi
504 2430 650 2519 opinione
670 2429 867 2520 appellantur
883 2434 938 2510 dii,
955 2435 1069 2501 dubius

50 2544 259 2609 etincertus:

105 2751 109 2762 .
128 2671 260 2732 Debebat
271 2671 329 2729 alta
341 2671 454 2749 Jupiter
466 2671 489 2730 si
501 2682 543 2729 est
556 2671 584 2728 in
597 2672 666 2750 polo

128 2774 213 2834 flaad
227 2773 381 2852 perculisse
394 2772 480 2832 rebus
494 2774 621 2832 adversis
634 2773 768 2852 probum.

50 2905 98 2970 De
109 2927 148 2969 eo
159 2917 277 2980 antem,
291 2905 344 2992 qui
355 2904 483 2970 scientia
495 2904 668 2991 percipitur
684 2901 970 2990 (quemadmodum
986 2902 1070 2966 idem

52 3023 144 3100 poeta
157 3013 331 3078 decernens
342 3024 374 3077 et
389 3014 586 3098 asseverans)
602 3032 610 3071 ι

133 3148 256 3206 Videsne
269 3147 419 3207 sublimem
430 3147 516 3216 hune,
528 3145 577 3224 qai
589 3155 618 3202 et
628 3145 796 3204 immensam
808 3146 924 3219 aethera,

133 3243 271 3322 Ulnisque
283 3255 374 3302 terras
387 3243 512 3302 humidis
524 3243 631 3300 circum
645 3255 731 3300 tenet.

134 3347 235 3402 Jovern
249 3341 401 3400 estimabis
414 3342 500 3415 hunc,
513 3342 589 3400 hunc
600 3342 685 3400 deum
697 3343 851 3402 decernite.

53 3481 175 3544 Horum
196 3478 280 3542 euim
303 3499 363 3542 nec
384 3487 522 3552 naturas,
545 3477 659 3564 quibus
679 3477 806 3543 nomina
825 3478 943 3567 imponi
962 3477 1074 3556 solent,

53 3589 194 3660 subesse,

136 3723 146 3801 l
153 3724 226 3798 Quis
237 3741 361 3800 namque
371 3723 486 3800 Jupiter
497 3722 576 3782 haud
591 3724 649 3782 scio
663 3737 768 3804 praeter
779 3726 895 3806 sonam)

55 3875 115 3918 neo
131 3854 256 3918 nomina
272 3854 368 3919 rebus
382 3854 533 3940 subjectis
554 3855 673 3943 imponi
688 3856 824 3922 videbat.
844 3857 989 3935 Quorum
1004 3881 1077 3947 ergo

849 3970 900 4071 ,4⁶
