2648 4634
209 273 274 352 458
529 293 642 339 suncrr
662 289 778 340 rmum
800 295 863 339 mn.
889 295 921 340 rr

589 503 742 574 CAPUT
764 503 867 574 Xlll.

211 700 353 762 Christum
375 701 520 762 muniris
542 704 628 782 Legrir
647 716 785 780 precepta
801 724 855 763 non
876 701 1057 772 dissolvisse,
1081 700 1137 758 rino
1162 699 1246 772 potr'us

250 799 415 876 r'rrzplevisse
431 798 587 872 ectondrsss
599 813 625 858 et
640 801 813 876 ampliasse:
825 802 878 874 qui
891 801 993 860 oeterr‘s
1003 795 1245 878 Iaegr’sjugrmot

248 897 363 958 vincula
383 899 443 958 ideo
457 899 572 958 adstulit
579 944 589 971 ‚
609 913 640 958 ut
653 897 732 958 lromo
747 897 814 980 jam
831 899 901 960 liber
914 921 948 960 aa
959 897 1079 982 fiducia
1099 920 1137 956 ac
1157 899 1246 972 pr'ctotr

249 1022 313 1074 qnoe
322 999 408 1082 filios
421 999 506 1074 decet,
517 1001 579 1059 Deo
590 1015 706 1077 pareret.
1211 1010 1218 1025 ¹

223 1175 230 1184 ’
252 1175 277 1243 1.
297 1175 337 1240 Et
352 1175 425 1266 quia
443 1175 597 1245 Dominus
612 1177 767 1244 netumlie
783 1176 888 1267 Legis,
904 1198 963 1266 per
977 1198 1050 1263 quae
1065 1174 1170 1239 bomo
1186 1171 1245 1258 jus·

210 1283 363 1362 silentur,
385 1309 456 1374 quae
477 1287 573 1352 etiam
592 1297 666 1354 ante
688 1286 928 1378 legisdetionem
949 1283 1180 1352 custodiebant
1200 1279 1244 1366 qni

211 1394 275 1460 lide
296 1394 565 1484 justificabantur,
589 1408 622 1463 et
643 1394 812 1486 placebant
829 1395 910 1471 Deo,
930 1417 994 1461 non
1016 1390 1177 1465 dissolvit,
1199 1389 1245 1453 sel

213 1504 356 1570 extendit
374 1516 407 1570 et
420 1503 579 1593 implerit3
593 1527 632 1570 ex
647 1504 846 1572 sermonibus
865 1503 935 1592 ejus
949 1499 1145 1568 ostenditur.
1158 1525 1171 1558 ι
1185 1497 1246 1562 Dic·

213 1642 227 1678 »
241 1628 311 1682 tum
323 1625 372 1682 est
386 1615 484 1692 euim,
498 1615 612 1704 inquit,
626 1593 782 1704 antiquis:
800 1615 871 1682 Non
882 1609 1107 1680 moecbnberis.
1123 1609 1192 1697 Ego
1202 1630 1246 1670 au·

214 1735 309 1790 »tem
325 1723 397 1791 dico
419 1724 522 1800 vobis,
538 1725 689 1813 quonium
705 1725 809 1791 omnis
825 1723 878 1813 qui
899 1721 1013 1789 viderit
1026 1718 1199 1788 mulierem
1212 1715 1246 1780 ad

214 1858 227 1893 ι
244 1830 537 1920 concupiscendum
554 1855 637 1909 eam,
658 1833 724 1922 jum
739 1833 917 1901 moeohatus
934 1841 983 1896 est
1006 1852 1080 1894 eum
1105 1829 1141 1893 in
1159 1825 1244 1893 corde

195 1941 196 1948 ’
214 1937 326 2006 »suo¹.
345 1937 409 2004 »Et
422 1939 539 2006 iterum
551 1962 560 2004 r
573 1940 728 2007 «Dictum
739 1951 808 2006 ests
824 1939 896 2006 Non
907 1936 1046 2005 occides.
1062 1935 1135 2024 Ego
1148 1946 1243 1998 autern
1311 1957 1312 1960 ¹

213 2075 227 2110 ι
242 2046 314 2114 dico
325 2047 413 2115 vobis
428 2073 436 2114 r
451 2049 564 2116 Omnis
576 2049 629 2138 qui
645 2049 793 2118 irascitur
806 2049 895 2115 fratri
908 2047 1243 2121 suosinecansa,ra1s
1311 2095 1312 2114 t

214 2155 302 2222 »crit
316 2155 467 2244 judicio².
486 2157 561 2232 alit,
573 2183 586 2218 ι
600 2155 729 2224 Dictum
744 2169 813 2224 est:
830 2157 900 2224 Non
914 2155 1107 2246 perjurabis·
1123 2153 1190 2242 Ego
1199 2176 1244 2215 ru·

214 2290 227 2325 ι
243 2274 309 2330 tem
324 2264 396 2330 dico
412 2265 515 2344 vobis,
531 2289 635 2354 neque
656 2267 762 2354 jurare
778 2267 810 2333 iu
825 2277 940 2332 totum.
964 2263 1014 2330 Sit
1036 2273 1147 2328 sutem
1166 2261 1244 2326 robis
1311 2303 1312 2352 1

214 2399 227 2434 ι
244 2393 362 2448 sermo,
376 2373 473 2440 etium
488 2373 599 2450 etiem,
616 2397 683 2442 uon
694 2373 788 2442 non‘.
807 2403 821 2438 a
837 2376 877 2441 Et
892 2395 1106 2462 quaecumque
1121 2384 1192 2437 sunt
1206 2382 1245 2434 ts
1311 2371 1312 2452 ζ

214 2479 265 2546 lia.
285 2481 400 2548 Omnis
412 2483 498 2548 enim
517 2483 587 2550 haec
606 2504 672 2550 non
691 2483 948 2550 contrarietatem
963 2494 998 2547 et
1013 2479 1245 2548 dissolutionem

215 2589 449 2680 praeteritorum
464 2592 643 2668 contin'ent,
660 2593 742 2658 sicut
760 2591 813 2680 qui
833 2591 1029 2657 nlllarcione
1044 2602 1122 2656 sunt
1138 2587 1245 2656 rocilc·

215 2709 342 2774 rsntur,
358 2698 414 2764 sed
435 2697 668 2790 plenitudinem
682 2711 714 2766 et
736 2699 966 2774 extensionem,
988 2697 1074 2764 sicut
1096 2697 1166 2786 ipse
1179 2695 1244 2759 ait:

224 2835 237 2868 ι
253 2808 320 2875 Nisi
333 2808 542 2875 abundaverit
556 2809 676 2898 justitio
694 2821 797 2876 vestro
815 2806 999 2898 plusquam
1015 2807 1204 2874 Scribarum
1220 2817 1247 2868 ot
1311 2879 1312 2896 3

215 2916 486 2994 »Pharisaeorum
497 2941 563 2984 non
575 2918 731 2984 intrabitis
746 2919 779 2986 in
791 2941 927 3008 regnum
938 2915 1128 2984 coelorum⁴.
1144 2913 1246 2995 »Quid

216 3040 324 3094 sutem
336 3040 404 3094 orat
418 3027 490 3120 plus
500 3030 514 3094 l
524 3029 631 3096 Primo
641 3030 772 3118 quidem
785 3052 851 3098 non
864 3029 1032 3096 tuntum-in
1043 3027 1186 3102 Patrem,
1197 3023 1246 3089 scd

215 3146 247 3204 ct
263 3137 297 3204 in
311 3135 427 3204 Filium
443 3137 513 3226 ejus
527 3139 592 3227 jam
610 3138 846 3204 manifestatum
863 3139 1011 3211 crederer
1027 3138 1083 3204 bic
1102 3148 1153 3204 cst
1169 3135 1245 3202 enirn

215 3246 318 3335 quiin
341 3246 602 3312 communionem
615 3258 648 3311 et
662 3246 819 3312 unitatem
841 3246 899 3315 Doi
921 3246 1085 3312 bominem
1101 3245 1245 3313 inducit:
1311 3263 1312 3278 r

215 3367 288 3445 post
301 3354 417 3422 deinde
439 3379 505 3424 non
519 3355 623 3422 solum
637 3354 758 3433 dicere,
775 3355 831 3422 sed
846 3367 879 3422 et
898 3356 1020 3430 laceres
1039 3353 1084 3422 illi
1099 3352 1189 3422 enim
1202 3351 1246 3417 di·

216 3467 347 3542 csbent,
360 3467 416 3532 sed
429 3489 494 3532 non
504 3465 665 3533 faciebant
677 3489 686 3532 ε
699 3478 733 3533 et
747 3489 811 3533 non
824 3477 948 3534 tantum
959 3466 1121 3534 abstinere
1132 3489 1150 3531 s
1163 3461 1246 3531 malis

216 3573 379 3662 operibns,
402 3574 569 3642 sedetiam
590 3598 608 3640 s
633 3575 897 3665 concupiscentiis
912 3597 1034 3642 corum.
1053 3575 1132 3641 llaec
1145 3584 1245 3640 autem
1311 3599 1312 3652 l

215 3707 281 3752 non
294 3685 383 3772 qussi
405 3685 563 3752 contrariu
584 3685 659 3775 Legi
675 3686 831 3762 docebat,
851 3686 907 3752 sod
924 3683 1100 3774 adimplens
1119 3683 1243 3772 legem.
1311 3667 1312 3744 l

215 3807 249 3862 et
264 3794 396 3885 infigens
412 3796 651 3885 justificationes
664 3797 799 3888 Legis'in
810 3798 912 3864 nobis.
928 3795 1010 3864 lllud
1022 3809 1130 3862 autem
1142 3794 1243 3859 lirisset
1311 3785 1312 3794 ’

249 3925 361 3978 ¹lolnltb.
373 3943 398 3987 v,
411 3943 449 3992 ²7,
460 3927 497 3977 28.
511 3927 634 3976 --21lirl¹
650 3945 688 3987 rr,
702 3943 740 3976 aa.
753 3926 871 3977 -tltta
887 3927 927 3984 33,
939 3927 979 3987 51,
993 3927 1032 3992 37.
1044 3953 1073 3966 -·
1084 3927 1094 3958 l
1105 3925 1164 3974 tttd.
1179 3939 1211 3972 ao.
