2646 4628
267 190 327 254 238
587 209 699 254 sisere
723 207 835 254 ruent
856 207 917 252 un.
944 209 955 250 1

265 341 374 388 norem
396 316 577 404 cultumque
596 316 808 390 celebrantur,
827 315 923 403 primi
941 313 1137 386 confluunt:
1159 314 1242 380 deu
1259 330 1283 378 et

264 425 406 494 nonnulli
420 449 543 500 eorum.
555 447 596 492 ue
610 447 629 488 u
643 423 841 512 sanguinario
858 422 990 510 quidem
1006 433 1041 488 et
1055 420 1208 495 funesto,
1218 421 1283 488 ee

265 557 327 620 que
341 543 373 596 et
387 531 568 596 hominibus
578 529 678 594 inviso
689 525 882 616 spectaculo,
894 528 927 593 in
939 551 1004 614 quo
1018 551 1102 593 cum
1114 527 1195 593 ieris
1205 529 1283 594 diui

265 651 367 712 cetur,
390 636 438 704 vel
460 635 646 726 gladiatores
669 636 751 700 inter
765 659 798 700 sc
813 647 967 724 pugnent,
986 634 1226 700 abstinendum
1238 637 1283 699 silvi

265 769 331 810 esse
345 755 466 830 putent.
488 741 568 808 Sunt
582 743 678 808 etiem
692 743 746 828 qui
761 741 863 808 cernis
874 740 1094 830 voluptatibus
1111 742 1159 814 sd
1174 744 1283 806 setiete

265 862 330 921 tem
346 873 444 938 usqw
462 853 682 938 obsequentes,
700 847 835 914 cerneliu
853 848 1047 925 carnalibus.
1068 861 1107 914 et
1124 849 1281 937 spiritunl'n

265 956 476 1046 spiritualibus
486 955 620 1045 persolvi
632 957 729 1022 eiuut.
745 956 831 1035 Quin
842 957 937 1022 stiunt
947 957 1007 1044 ipsi
1024 956 1157 1044 purtim
1174 957 1282 1023 occule

266 1089 341 1136 curn
360 1064 552 1134 mulierculis
570 1065 606 1132 iis
627 1087 702 1152 quus
722 1065 754 1130 iu
770 1066 910 1132 doctrine
930 1088 985 1130 sue
1000 1065 1182 1142 erudiunt,
1202 1069 1282 1154 stupri

266 1174 493 1243 commercium
508 1175 639 1249 hebent,
654 1173 919 1261 quemadmodum
935 1174 1008 1262 ipsse
1021 1197 1115 1263 saepe
1131 1198 1152 1238 ι
1169 1177 1282 1264 quite

268 1281 340 1350 deur
358 1282 498 1372 ipsorum
514 1281 855 1368 circumveniensque
871 1281 904 1346 in
918 1281 1069 1348 freudern
1080 1280 1244 1371 impulsa,
1255 1305 1281 1346 κ

267 1403 373 1480 postea
383 1391 423 1457 ud
430 1389 489 1458 Dei
496 1387 670 1458 Ecclesium
681 1411 904 1465 reversee‚cum
911 1387 1034 1478 reliquo
1043 1393 1280 1457 suoerroreltoe

268 1522 393 1587 quoquc
407 1496 556 1566 confesse
575 1509 648 1564 snut
663 1520 671 1562 :
690 1497 804 1586 purtim
819 1510 937 1586 aperte,
952 1497 1185 1587 peririctsqne
1197 1499 1279 1564 irene

267 1629 481 1696 quoscumque
493 1605 667 1674 ademerint
679 1604 838 1682 mulieres,
854 1629 905 1672 ens
921 1629 938 1671 e
955 1606 1029 1672 viris
1042 1605 1182 1674 evulsus
1198 1609 1281 1674 nere

268 1717 374 1784 monio
385 1716 443 1782 sihi
454 1713 612 1805 copulent.
625 1714 685 1782 Alii
696 1739 803 1782 rursus
814 1738 888 1781 cum
898 1714 1029 1781 honere
1037 1717 1209 1804 primunr,
1217 1715 1280 1782 velut

269 1845 343 1892 cum
355 1822 678 1898 metuentium
689 1847 722 1888 se
733 1822 1148 1912 [inessentprogrediente
1159 1835 1279 1912 ternpore

270 1929 462 2018 deprehenso
474 1927 557 1995 deus
568 1941 627 2004 est.
638 1929 763 2018 gravide
771 1930 919 1996 nimirum
931 1929 1055 1994 elretre
1069 1929 1164 1996 een
1181 1953 1277 1996 soron·

313 2037 360 2106 Ac
370 2036 518 2125 pleraque
529 2036 588 2104 ulie
599 2038 693 2126 impie
703 2051 736 2106 et
747 2038 935 2106 exsecrande
945 2035 1063 2125 lingitis
1077 2038 1280 2127 designantes.

269 2167 326 2212 nos
340 2141 481 2232 quidem,
499 2146 552 2233 qui
566 2146 623 2213 Dei
637 2159 724 2213 metu
744 2169 889 2214 curemus
903 2143 1005 2211 nevel
1027 2147 1233 2234 cogitatione
1248 2159 1281 2210 te

269 2275 329 2320 nus
348 2264 380 2318 et
402 2275 546 2318 sermone
560 2277 739 2341 peccemus,
755 2267 789 2320 ut
803 2256 946 2321 indoctos
959 2275 998 2319 ec
1015 2276 1161 2341 prorsus
1177 2257 1283 2344 igneus

268 2355 462 2426 insectentur
475 2383 484 2424 ι
497 2361 615 2449 seipsos
630 2376 735 2430 eutem
750 2364 881 2432 mirifice
896 2361 1064 2438 extollunt,
1081 2385 1126 2430 nc
1142 2363 1283 2452 perfector

268 2463 440 2556 appellunt,
454 2477 487 2532 et
507 2468 625 2536 semine
645 2468 816 2536 electionis.
840 2471 902 2537 Nos
916 2469 1002 2536 enim
1021 2467 1056 2534 in
1073 2493 1142 2534 usu
1158 2481 1283 2536 untnn

269 2575 364 2644 modo
375 2574 656 2664 gretiemeccipenu
665 2575 832 2652 dicuntsic
846 2577 940 2663 idque
951 2576 1064 2641 iorent
1076 2577 1221 2644 eunetis
1230 2575 1286 2641 edi·

269 2695 375 2752 tuetur
390 2705 399 2748 ε
416 2705 450 2748 se
463 2695 570 2748 eutem
584 2707 668 2760 enm,
684 2685 723 2749 eb
740 2682 901 2760 ineffabili,
917 2695 950 2748 et
963 2683 1050 2748 omni
1062 2687 1203 2752 nomine
1214 2707 1284 2772 prs-

270 2791 411 2858 stentiori
428 2791 647 2880 conjugatione
662 2789 783 2858 coelitus
798 2791 960 2858 devectum
973 2791 1101 2878 proprie
1118 2793 1284 2880 possidere

270 2901 312 2966 cb
341 2920 473 2984 eumque
501 2919 628 2964 censum
650 2898 717 2964 sore
743 2910 778 2962 nt
800 2898 873 2985 ipsis
892 2909 1065 2970 accrescetr
1091 2901 1283 2987 proindeque

271 3006 330 3074 sibi
349 3005 572 3093 quovismodo
592 3007 772 3073 iaciendum
792 3029 872 3083 esse,
891 3018 927 3071 ut
945 3005 1084 3094 conjugii
1103 3010 1283 3096 mysterium

269 3121 445 3180 exerceant.
466 3109 569 3198 Atque
589 3123 625 3178 ut
647 3113 709 3179 hoc
729 3112 848 3179 stolidis
866 3111 1045 3179 hominihus
1064 3116 1284 3201 persuadeant.

270 3218 319 3290 his
342 3219 415 3308 ipsis
430 3218 533 3287 verbis
547 3231 680 3286 utuntur
696 3245 704 3286 ι
722 3221 872 3311 Quisquis
886 3223 918 3286 in
933 3219 1054 3288 mundo
1067 3222 1214 3290 existens
1232 3247 1285 3288 rnu-

271 3324 380 3394 lievem
394 3347 459 3393 nou
474 3327 602 3401 emerit,
617 3327 660 3391 itu
676 3341 711 3392 ut
726 3352 763 3394 ee
785 3331 934 3418 potietur,
950 3351 1014 3394 non
1029 3341 1077 3394 est
1091 3353 1132 3396 ex
1146 3333 1285 3404 veritate,

271 3458 333 3504 nec
347 3434 386 3504 ed
402 3434 564 3502 verterem
578 3438 739 3526 perveniet
753 3463 762 3504 τ
774 3439 912 3528 quisquis
924 3450 1030 3504 sutem
1045 3437 1085 3504 de
1100 3441 1230 3506 mundo
1243 3463 1288 3504 et·

271 3544 367 3612 istens
379 3566 453 3612 curn
464 3542 595 3610 muliere
602 3569 670 3612 rem
680 3547 803 3624 hebuit,
811 3571 874 3614 non
885 3549 1045 3637 perveniet
1059 3548 1100 3612 ud
1113 3549 1288 3621 veritatem,

273 3651 420 3737 qnoniam
441 3651 475 3716 in
497 3656 753 3744 concupiscentie
772 3656 895 3723 mulieri
921 3657 1097 3726 succubuit
1124 3655 1289 3748 Propterea

272 3759 364 3824 nobis
386 3760 525 3846 quidem,
548 3787 627 3851 quos
649 3768 813 3854 psychicos
829 3777 954 3842 vocent,
974 3789 1012 3834 uc
1031 3764 1069 3832 de
1088 3767 1218 3836 mundo
1233 3790 1290 3834 esse
