2640 4622
233 293 382 340 unisonus
406 293 468 340 eurr
492 291 653 336 rnrruortn
674 290 788 334 sunno.
956 271 1019 348 445

15 399 138 466 endum
152 410 185 464 et
198 400 476 465 condemnandum
491 421 571 473 esse,
587 395 855 484 quemadmodum
867 370 1023 460 ddemum

16 521 29 571 t
46 508 157 572 Evam.
176 507 340 574 Christum
357 519 465 574 autem
484 506 581 572 etism
599 503 702 572 Deum
717 503 823 571 voesri
838 502 903 590 jem
917 499 1023 566 multis

15 628 255 684 remonstrstum
270 628 328 681 est.

46 723 181 791 CXXV.
200 724 264 790 Sed
280 747 319 790 ex
333 725 422 791 vobis
437 724 517 790 seire
531 723 638 798 selim,
655 745 675 787 o
690 721 758 796 viri,
777 743 872 809 quom
886 719 950 785 vim
965 719 1023 784 hs-

15 845 80 898 ›ent
90 832 168 898 illud
178 855 295 901 nornen
307 831 413 898 israel.
428 831 572 917 Cumque
583 828 628 895 iiii
640 829 778 905 silerent,
790 826 897 896 intuli:
912 827 1024 893 Dioom

15 941 259 1029 :quidemquod
281 941 356 1008 scio.
376 941 484 1029 Neque
499 941 584 1005 enim
601 959 727 1036 requum
745 959 812 1003 esse
826 937 973 1011 arbitror,
989 947 1025 1000 ut

15 1051 92 1137 [uod
107 1047 172 1116 seio
186 1073 250 1115 non
265 1048 407 1136 eloquar,
423 1061 477 1114 out
495 1071 551 1113 ros
572 1047 652 1112 seire
670 1046 810 1134 quidem,
827 1045 882 1110 sed
896 1041 1021 1116 invidie,

15 1171 58 1222 ut
78 1157 253 1224 voluntarie
279 1157 435 1247 imperitia
455 1157 658 1244 vosmetipsos
679 1156 825 1244 decipere
851 1155 1022 1242 suspicans,

15 1287 131 1350 emper
151 1263 360 1331 sollieitudine
382 1265 561 1354 distringor,
580 1262 636 1328 sed
656 1263 763 1352 potius
778 1274 814 1328 ut
828 1263 932 1328 omnis
947 1258 1025 1326 sim·

15 1373 131 1439 »liciter
151 1395 188 1438 eo
206 1373 273 1437 sine
295 1371 369 1438 dolo
388 1373 561 1462 proferam,
582 1369 852 1459 quemadmodum
873 1367 1026 1434 Dominus

15 1503 93 1544 neus
110 1479 212 1544 dixit:
231 1479 342 1543 «Exiit
357 1480 410 1568 qui
433 1480 567 1548 seminet
585 1479 739 1544 seminare
756 1499 878 1549 sement
897 1488 929 1541 ot
943 1473 1028 1540 eliud

30 1584 150 1652 eeeidit
165 1587 198 1650 in
213 1585 308 1662 viem,
321 1585 406 1651 eliud
418 1587 449 1650 in
461 1587 578 1673 spinos,
591 1584 676 1650 eliud
687 1586 719 1650 in
730 1584 799 1651 loon
811 1605 931 1658 saxosa,
942 1581 1028 1648 eliud

30 1694 66 1757 in
80 1705 203 1758 terrem*
213 1692 359 1758 bonnm¹.
375 1720 388 1752 s
403 1695 440 1761 1n
454 1693 539 1774 hene
553 1715 628 1780 ergo
644 1714 733 1780 spem
747 1689 863 1758 alicubi
878 1711 946 1757 esse
961 1702 1028 1754 ter-

15 1798 220 1869 umbonem,
236 1794 408 1861 dioendum
426 1806 484 1861 est.
502 1795 590 1860 Meus
604 1796 689 1860 enim
704 1793 757 1860 ille
774 1795 940 1868 Dominus,
956 1803 1027 1858 un-

15 1925 104 1988 [uom
115 1902 203 1966 sertis
217 1913 250 1968 et
259 1914 385 1990 potens,
396 1922 452 1967 sun
463 1902 592 1968 veniens
603 1901 643 1966 sb
655 1901 801 1968 omnibus
813 1913 956 1988 reposcet
970 1924 978 1966 r
990 1922 1029 1966 oo

15 2011 257 2098 iispensstorem
279 2031 372 2074 suum
389 2031 453 2074 non
475 2009 711 2085 condemnabit,
736 2010 761 2074 si
783 2007 871 2074 iilum
894 2010 1028 2084 noverit,

15 2141 83 2182 :um
96 2120 195 2204 probe
206 2117 300 2182 sciret
310 2117 475 2184 dominum
487 2141 579 2183 suum
590 2127 751 2206 potentem
761 2141 841 2194 esso,
857 2141 896 2186 eo
907 2119 1031 2185 venien·

15 2249 73 2290 em
85 2247 142 2290 sun
153 2226 373 2314 repetiturum,
387 2227 428 2290 sd
439 2247 567 2292 emnem
578 2247 719 2291 mensem
731 2225 851 2292 dedisse
862 2249 931 2314 quae
943 2249 1029 2292 oece-

15 2345 110 2408 ›eret,
126 2332 256 2398 minime
271 2357 345 2398 rere
361 2331 516 2399 defodisse
531 2334 572 2398 oh
589 2331 684 2398 uilem
699 2356 826 2421 prorsus
839 2357 977 2400 oensem.
992 2335 1029 2401 ld

15 2441 105 2530 gitur
125 2438 206 2504 velet
226 2439 348 2505 Israelis
366 2461 495 2516 nomen,
517 2441 612 2505 home
629 2441 755 2507 sineens
768 2440 926 2507 virtutem.
953 2441 1031 2507 Isro
1117 2513 1119 2518 ,

15 2548 94 2612 rnim
116 2548 278 2615 esthemo
300 2549 440 2626 vincens,
468 2545 625 2614 siout'em
647 2550 755 2634 virtus.
781 2549 877 2630 Quod
900 2551 1031 2638 quidem

15 2656 172 2720 lhristum
187 2655 229 2719 ite
249 2655 408 2722 foetorum
422 2679 502 2732 esse,
520 2679 593 2724 euru
611 2657 708 2744 homo
723 2657 824 2724 iectus
838 2657 959 2732 fuisset,
973 2679 1031 2745 per

15 2764 196 2851 nysterium
216 2762 298 2830 illius
313 2765 409 2830 etism
427 2763 608 2830 luctationis
623 2765 810 2851 praediotum
826 2778 885 2840 est,
901 2787 963 2852 qun
977 2764 1033 2829 Je-

15 2873 69 2939 :oh
93 2859 231 2940 luotstus
253 2887 300 2940 est
322 2897 397 2940 eum
417 2897 455 2938 eo
471 2873 525 2960 qui
546 2874 713 2940 videbatur
727 2875 869 2962 quidem,
891 2873 1034 2961 eoquod

15 2980 111 3043 Petris
125 2979 277 3046 voluntati
292 2983 497 3059 ministraret,
512 2981 598 3048 Deus
612 2994 719 3047 eutem
734 2995 793 3057 est,
806 3005 844 3048 eo
855 2981 940 3070 quod
951 2979 1032 3053 filius

15 3087 434 3174 primogenitnssitomnium
443 3089 690 3156 ereaturarum&
704 3087 872 3178 Postquam
884 3094 968 3161 enim
977 3095 1032 3164 ho-

15 3216 65 3258 mo
81 3191 183 3258 sectus
197 3206 257 3270 est,
272 3207 306 3260 ut
316 3198 381 3284 jam
393 3196 468 3270 dixi,
481 3195 749 3263 secessitedeum
761 3197 916 3274 diabotus,
928 3201 1032 3275 idest,

15 3304 112 3368 rirtus
128 3299 180 3369 illo
191 3323 261 3390 quse
276 3315 308 3368 et
319 3303 454 3392 Serpens
468 3313 601 3370 meatur
610 3316 642 3370 et
653 3303 796 3382 Setanss,
808 3317 933 3372 tentnns
943 3327 1032 3386 eum,

15 3423 41 3476 rt
62 3419 261 3497 prosternere
280 3411 486 3490 contendens,
507 3410 694 3504 postulando
713 3425 748 3478 ut
768 3435 801 3479 se
819 3415 972 3480 odoraret.
992 3417 1034 3482 At

15 3520 156 3586 Christus
171 3543 245 3586 eum
258 3519 436 3610 profligavit
450 3535 483 3587 et
504 3522 684 3612 prostrssit,
704 3523 884 3612 improbum
900 3545 967 3592 esse
981 3549 1036 3592 sr-

15 3651 123 3720 guens,
136 3629 189 3717 qui
205 3641 315 3695 contre
330 3629 529 3718 Scriptorum
540 3632 664 3698 odorsri
680 3655 713 3696 se
728 3645 764 3697 ut
778 3633 881 3700 Deum
894 3634 1034 3723 postula·

15 3747 73 3814 rot,
93 3737 182 3803 suet
202 3737 364 3805 voluntate
381 3738 483 3806 fectus
498 3751 647 3830 spostste.
669 3739 844 3830 Respondit
860 3745 947 3810 eninr
963 3744 1030 3811 iliir

43 3867 51 3899 ¹
63 3865 151 3918 Motth.
163 3867 730 3936 xur,3.-²Haucsenttotismexpisootsexto
738 3871 872 3923 adosiosm
880 3873 1035 3925 observatio.
1069 3877 1073 3890 ⁸
