2516 4636
332 350 455 398 coarat
480 349 631 396 uorsus.
932 327 996 412 ὄις)

6 461 233 551 'egritudinem
252 481 318 527 aon
336 457 510 535 modicam,
530 471 563 525 et
581 455 682 525 multa
701 466 834 547 paccata
854 455 998 522 sibimet-

6 573 22 634 ἰ
51 568 331 659 importaverunt?
349 567 530 658 Ignorantia
548 577 657 634 autem
675 578 779 633 mater
796 565 913 634 borum
928 587 999 631 om-

7 699 47 740 :n
64 701 125 766 per
140 677 335 766 agnitionem
348 686 533 742 evacuatur.
555 675 758 763 Agnitionem
773 697 849 766 ergo
863 673 1000 743 faciebat

5 785 116 851 minus
129 785 194 851 suis
206 781 380 874 discipulis,
394 803 453 872 per
462 805 561 871 quam
572 794 605 847 et
616 784 748 850 curabat
761 781 954 862 laborantes,
967 796 1000 850 ct

8 903 147 960 catores
168 913 186 958 a
207 892 371 982 peccando
392 891 572 958 coercebat.
598 889 668 958 Non
685 891 781 982 igitur
799 891 865 981 jam
884 915 1000 960 secun-

5 1017 35 1068 tn
52 1003 222 1094 pristinam
233 1002 417 1093 opinionem
429 999 621 1090 loquebatur
632 1001 690 1077 eis,
706 1023 809 1092 nequo
823 1001 1001 1070 secuudum

5 1112 177 1200 piciouem
197 1109 462 1200 interrogantium
484 1107 697 1198 respondebat
719 1109 781 1182 eis;
808 1109 865 1176 sed
885 1132 1002 1178 secun-

5 1244 38 1286 m
54 1219 239 1288 doctrinam
253 1219 439 1295 salutarem,
456 1230 489 1284 et
508 1217 577 1286 sine
596 1218 772 1308 hypocrisi,
794 1228 828 1285 et
843 1219 913 1286 sine
927 1243 1003 1312 per-

5 1355 46 1398 {ae
63 1329 264 1418 acceptione.

5 1439 108 1520 Quod
123 1439 220 1505 etiam
233 1460 274 1505 ex
287 1436 415 1504 Domini
429 1437 631 1503 sermonibus
646 1435 845 1502 ostenditur:
863 1436 918 1526 qui
932 1438 1004 1526 qui-

4 1571 36 1614 m
68 1547 120 1614 bis
148 1545 202 1636 qui
227 1557 321 1613 erant
341 1568 381 1612 ex
407 1545 652 1613 circumcisione
674 1545 864 1613 ostendebat
886 1544 1003 1613 Filium

3 1659 32 1735 i,
52 1680 129 1724 eum
146 1657 201 1747 qui
216 1678 275 1746 per
290 1652 465 1744 Prophetas
484 1655 674 1745 predicatus
690 1653 804 1731 fluerat,
822 1654 1001 1732 Christums

4 1791 22 1836 c
40 1780 104 1846 est,
122 1768 329 1856 semetipsum
343 1764 579 1842 manifestabat,
598 1765 653 1852 qui
668 1762 850 1832 libertatem
863 1764 1005 1832 bomini-

4 1903 18 1946 s
38 1877 278 1952 restauraverit,
293 1887 326 1942 et
337 1874 518 1942 attribuerit
534 1872 757 1963 incorruptelae
773 1874 1002 1944 hereditatem.

8 2000 86 2056 ntes
107 1999 216 2056 autem
235 1987 351 2053 iterum
372 1985 532 2052 docebant
551 1984 708 2075 Apostoli,
731 1996 768 2053 ιιι
789 1983 1006 2074 relinquerent

4 2119 47 2164 ua
63 2093 149 2186 ligna
163 2109 196 2162 et
206 2075 344 2185 lapidas,
364 2117 435 2182 quas
450 2093 694 2183 suspicabantur
707 2115 775 2160 esse
790 2094 887 2171 Deos,
903 2108 936 2162 et
950 2117 1008 2162 ve·

3 2229 41 2272 m
57 2205 200 2274 colerent
215 2207 332 2282 Deum,
349 2205 404 2296 qui
419 2203 634 2272 constituisset
648 2216 681 2272 et
694 2204 820 2272 fecisset
833 2227 929 2272 omne
943 2205 1007 2272 hu-

2 2339 102 2383 nnum
114 2337 227 2406 ςιιιιιι,
243 2327 276 2382 et
289 2338 348 2406 per
362 2313 581 2383 conditionem
597 2335 689 2380 susm
704 2312 803 2380 aleret
817 2325 850 2381 et
863 2327 1006 2406 augeret,

17 2423 252 2500 constabiliret,
275 2434 309 2489 et
328 2423 373 2489 eis
392 2445 461 2490 ease
481 2433 661 2512 praestarets
685 2434 717 2488 et
733 2433 770 2489 ut
788 2435 1009 2514 exspectarent

2 2532 87 2600 lium
99 2535 169 2623 ejus
180 2533 291 2600 desum
308 2532 484 2609 Christum,
503 2533 558 2623 qui
574 2533 710 2606 redemit
724 2555 783 2599 nos
798 2534 838 2600 do
852 2535 1007 2625 apostasia

2 2647 124 2737 nguine
138 2671 210 2724 suo,
226 2647 267 2715 ad
283 2648 346 2716 hoc
357 2659 393 2714 ut
407 2671 548 2715 essemus
560 2659 594 2714 et
607 2671 666 2714 nos
681 2646 818 2737 populus
833 2647 1009 2716 sanctifica-

2 2781 33 2834 s,
53 2755 93 2822 de
113 2754 201 2824 coelis
222 2747 451 2824 descensurum
472 2757 506 2822 in
526 2757 645 2822 virtute
664 2754 778 2831 Patris,
801 2756 856 2842 qui
876 2766 908 2822 ct
922 2755 1009 2844 judi-

2 2889 58 2932 um
73 2867 217 2936 omnium
231 2867 376 2936 facturus
388 2879 449 2943 est,
465 2877 499 2932 et
509 2889 546 2932 ea
562 2889 662 2953 quaea
677 2865 746 2932 Deo
761 2875 835 2931 sunt
849 2866 934 2932 bona
950 2864 1011 2932 do-

2 2990 105 3043 aturus
116 2976 165 3042 bis
176 2976 230 3063 qui
245 2976 441 3042 servaverint
454 2985 612 3063 praecepta
624 2975 704 3062 ejus.
720 2973 780 3040 llic
791 2974 823 3040 in
834 2973 1011 3042 novissimis

2 3083 171 3171 mporibos
192 3105 361 3172 apparens,
385 3082 464 3171 lapis
488 3103 632 3150 summus
655 3079 826 3171 angularis,
853 3084 886 3151 in
909 3107 1010 3151 unum

2 3189 102 3279 ›llegit
120 3202 153 3255 et
169 3190 270 3257 univit
284 3214 339 3257 eos
353 3191 408 3280 qui
423 3188 517 3280 longa
531 3203 564 3257 et
587 3213 642 3257 eos
664 3191 719 3280 qui
734 3214 849 3281 prope,
866 3191 930 3261 boc
948 3206 1009 3271 est,

6 3301 252 3368 rcumcisionem
268 3313 300 3367 et
315 3303 521 3391 preputium,
542 3273 676 3369 dilatdns
695 3299 825 3392 Japbet,
844 3314 878 3370 et
896 3302 1011 3371 consti-

2 3433 70 3479 aena
80 3434 155 3477 eum
170 3411 204 3478 iu
218 3411 315 3480 domo
330 3410 406 3479 Sem
416 3410 439 3476 ¹.

8 3543 18 3577 ¹
30 3541 95 3592 Gen.
106 3557 140 3601 ιι,
153 3555 193 3604 ²7·
