2688 4626
277 272 339 350 sla
573 291 687 340 ssrcrr
707 293 826 342 rusam
847 297 1002 343 marrus

275 397 365 466 volsis
378 410 577 468 ammento
590 413 626 468 et
642 403 813 492 conscripti
829 403 944 472 milites
956 405 1059 472 lidem
1077 406 1166 474 volsis
1181 408 1276 480 datam

273 506 330 596 qui
344 507 424 576 nihil
439 507 500 576 illis
514 509 645 599 potastis
659 512 834 602 incorrupti
850 525 1012 603 prostare,
1032 527 1068 580 ct
1083 538 1149 581 sue
1164 514 1278 605 ipsorum

273 619 346 688 ritas
356 631 390 686 at
403 619 589 709 mutibus
600 631 633 686 ct
643 621 753 709 patric
763 633 797 687 et
810 624 956 689 omnibus
974 624 1165 712 propinquis
1180 645 1278 712 praepo

274 739 369 801 neuls
388 751 446 794 nos
464 740 585 803 autem.
597 727 652 816 qui
669 727 861 819 incorruptos
877 729 949 796 vitc
967 731 1081 819 cupidi
1100 753 1216 806 sumus,
1232 755 1276 796 nou

273 833 594 924 perieramusomnis,
608 847 643 900 ut
651 847 756 924 optata
768 837 809 902 ab
820 859 860 904 oo
870 838 924 926 qui
935 849 1044 926 potest
1057 850 1214 927 prestare,
1224 861 1279 904 cou-

273 963 452 1030 sequamur.
844 988 848 996 .

315 1049 384 1118 XL.
409 1049 526 1118 ludite
543 1051 703 1139 quomodo
719 1063 753 1118 et
772 1052 812 1118 da
828 1053 866 1120 iis
887 1055 1085 1142 pmdictum
1101 1055 1142 1120 sit
1160 1055 1207 1140 qui
1225 1055 1277 1140 ejus

273 1157 450 1227 doctrinam
465 1160 716 1250 predicaverunt
729 1174 763 1228 et
783 1161 954 1229 adventum
968 1165 1169 1238 nuntiarunt,
1181 1185 1271 1248 sopra-

273 1269 359 1336 dicto
383 1269 538 1359 propheta
562 1281 595 1336 ot
609 1293 684 1360 rege
699 1271 745 1338 'sic
764 1270 889 1338 dicente
908 1293 967 1361 per
986 1271 1148 1360 Spiritum
1161 1268 1273 1358 prophe-

273 1378 396 1444 ticum:
413 1402 426 1438 r
442 1376 516 1444 Dies
533 1375 594 1443 diei
612 1388 736 1444 eructat
754 1378 887 1444 verbum
904 1392 937 1444 et
953 1403 1019 1446 uox
1039 1379 1131 1446 nocti
1140 1379 1270 1444 annuntiat

271 1505 488 1552 stsermonom.
513 1483 584 1550 Non
604 1495 679 1551 sunt
697 1483 830 1572 loquelas
845 1507 949 1573 neque
966 1509 1148 1564 sermones,
1168 1507 1265 1576 quorun

272 1617 366 1662 »non
383 1593 553 1658 audiantur
565 1613 661 1658 voces
674 1613 797 1660 corum.
815 1595 852 1660 ln
867 1617 995 1662 omnem
1010 1608 1134 1662 ter-rom
1148 1595 1267 1660 exiritso

271 1731 286 1768 s
301 1723 488 1771 noseorum
507 1693 541 1766 ot
562 1701 594 1767 in
614 1700 694 1768 lines
712 1704 798 1770 orbis
813 1715 904 1770 terrm
924 1706 1021 1771 cerba
1040 1727 1163 1772 eorum.
1179 1700 1265 1770 lusole

271 1811 404 1902 »posuit
414 1808 659 1878 tabernaculum
672 1835 780 1888 suum,
794 1813 905 1901 etipse
917 1823 1074 1900 tanquam
1085 1836 1206 1904 sponsus
1214 1833 1264 1899 pm·

271 1921 416 1989 »cedens
431 1920 471 1985 do
486 1917 625 1984 thalamo
641 1940 699 1985 suo
713 1917 881 1986 cxsultslsit
896 1931 931 1985 ut
945 1921 1033 2009 gigas
1049 1923 1093 1987 ad
1112 1918 1260 1988 currendam

271 2027 409 2096 »vlam'.
429 2027 514 2092 »His
533 2037 640 2092 autem
657 2025 719 2092 alia
740 2048 867 2116 quoque
884 2027 1029 2114 ejusdcm
1047 2029 1171 2095 Dasidis
1185 2023 1264 2092 utet

271 2137 323 2204 nia
336 2135 488 2224 adjicere,
502 2132 690 2222 preclarum
703 2155 742 2198 ac
760 2134 855 2222 hujus
871 2133 932 2202 loci
948 2139 1118 2224 proprium
1129 2159 1188 2202 csso
1197 2131 1263 2198 duxi-

270 2267 356 2320 mus,
371 2265 411 2310 ax
428 2243 543 2332 quibus
561 2241 683 2306 discere
699 2241 843 2330 potestis,
859 2242 1022 2329 quomodo
1039 2245 1178 2312 homines
1187 2242 1260 2306 oure

269 2351 406 2442 Spiritus
421 2349 626 2439 propheticus
643 2347 799 2424 hortetur,
814 2350 975 2437 quomodo
990 2353 1110 2420 laetam
1123 2353 1158 2417 ab
1168 2343 1254 2416 lluodt

270 2459 458 2530 tudsomm
474 2479 549 2546 rego
572 2455 709 2544 ipsisque
730 2454 848 2522 ludnis
865 2479 941 2524 cum
960 2457 1078 2536 Pilato,
1097 2471 1184 2524 vestro
1196 2449 1256 2540 opud

271 2591 326 2638 sos
343 2577 561 2656 procuratore,
580 2563 712 2652 ejusque
729 2561 881 2630 militibus
891 2563 1041 2632 adversus
1056 2566 1196 2633 Christum
1207 2557 1258 2624 coi·

271 2678 392 2746 tionem
409 2663 533 2747 narrets
554 2672 715 2762 quomodo
734 2671 909 2739 credituros
927 2673 960 2740 in
977 2672 1069 2740 illum
1082 2674 1129 2762 pul
1140 2693 1171 2735 es
1184 2663 1270 2730 onui‘

271 2787 439 2856 homiuum
454 2805 569 2874 genere
581 2782 682 2850 vocati
698 2794 784 2858 suut,
800 2805 966 2872 eumquea
982 2783 1051 2851 Deo
1063 2771 1252 2850 Filiumrocari

271 2897 370 2972 dicat,
382 2917 421 2962 ac
435 2893 561 2960 Patrem
575 2889 717 2980 polliceri
732 2893 953 2980 subjecturum
964 2915 998 2958 sc
1010 2892 1055 2960 illi
1070 2911 1160 2958 omaso
1168 2879 1253 2950 ‘ulmi-

271 3027 345 3078 cose
363 3015 436 3068 tum
450 3001 546 3068 etiam
560 3000 721 3086 quomodo
735 3001 907 3076 demones,
922 3012 1085 3088 quantum
1098 3001 1128 3066 in
1140 2994 1198 3086 ipsit
1209 2999 1256 3058 etl·

271 3108 411 3206 parentis
428 3109 647 3176 universorum
662 3119 695 3172 et
710 3106 830 3174 domini
845 3107 917 3184 Dei,
931 3107 1095 3196 ipsiusque
1109 3101 1205 3172 Christi
1216 3117 1261 3186 po-

271 3230 419 3290 testatem
434 3212 575 3304 effingere
585 3226 757 3289 conenturr
776 3214 937 3304 quomodo
949 3215 1088 3305 donique
1099 3208 1265 3283 omanus

271 3331 313 3400 ad
326 3324 547 3421 paonitentiam
555 3335 660 3400 vocet,
670 3336 842 3412 antequam
853 3325 920 3391 dies
927 3323 1039 3412 judicii
1052 3323 1198 3392 adveniat
1206 3317 1265 3384 Sunt

144 3471 150 3484 ·
270 3451 379 3508 autem
389 3434 439 3504 his
452 3431 533 3500 elata
541 3431 646 3499 verbis
659 3455 669 3496 t
682 3431 824 3500 «Beatus
839 3433 887 3499 vir
897 3433 950 3521 qui
962 3455 1027 3499 oon
1038 3434 1120 3500 abiit
1129 3421 1265 3500 incouslit

271 3577 285 3614 s
298 3547 483 3636 impiorum,
497 3553 530 3608 ot
545 3541 577 3606 iu
593 3541 641 3606 via
655 3553 861 3630 pcccatorum
871 3563 937 3608 non
948 3542 1049 3617 stetit,
1064 3552 1098 3608 ot
1109 3543 1141 3608 io
1151 3531 1265 3607 cathedr·

272 3651 483 3744 »pestilentias
500 3674 564 3718 uon
579 3649 670 3718 sedit.
690 3649 756 3720 Sed
770 3653 803 3718 in
819 3649 889 3741 lego
902 3651 1029 3718 Domini
1041 3649 1185 3718 vvoluutas
1199 3644 1265 3734 ojus:

272 3773 332 3828 set
344 3757 458 3848 inloge
468 3758 538 3848 ojus
549 3757 755 3828 meditabitur
769 3759 833 3838 dio,
849 3781 888 3828 ac
901 3768 1005 3830 nocto.
1023 3757 1065 3827 Et
1078 3760 1140 3828 erit
1149 3768 1267 3842 tanqum

302 3885 389 3942 ¹Pul.
401 3899 472 3946 arsur,
483 3901 507 3936 s.
634 3885 636 3890 '
