2640 4622
279 321 428 364 nrncocus
452 320 513 361 cun
536 317 698 358 rnrruonn
721 313 835 356 sunno.
1006 283 1067 359 ⁴⁰5

44 425 178 512 ceperit,
198 433 234 490 ut
251 424 481 512 Prophetarum
501 422 583 486 dicta
603 429 635 483 et
653 418 734 482 iacta
755 413 919 502 intelligat,
943 408 1021 476 nihil
1043 409 1072 474 ei

44 530 188 617 proderit
203 533 299 597 verba
311 543 343 595 et
355 542 453 618 gesta,
472 547 608 614 quorum
620 523 774 588 rationem
785 520 918 586 reddere
929 539 994 582 nou
1003 538 1074 602 pos·

46 640 100 710 sit,
117 637 222 725 eloqui
239 638 347 703 rideri.
366 636 431 701 Sed
445 657 485 699 au
502 657 565 700 non
576 633 670 697 etiam
683 641 867 716 contemptu
882 627 975 713 digna
988 619 1069 686 mul-

46 745 88 808 tis
111 745 317 818 videbuntur,
337 743 362 807 si
377 744 417 807 ab
436 741 486 806 his
505 741 557 826 qui
576 763 642 806 non
657 735 833 825 intelligunt
851 727 1073 823 proferantur?

48 852 131 916 Nom
147 851 173 915 si
187 851 258 938 quis
271 872 461 937 quaererent
474 849 562 913 vobis
578 845 651 910 velit
666 868 736 920 cur,
750 867 823 910 cum
837 840 947 908 Enoch
962 848 995 904 ct
1006 835 1073 902 Noc

49 979 126 1024 cum
142 957 226 1033 filiis,
244 970 275 1022 et
286 958 311 1022 si
323 958 376 1043 qui
388 955 439 1022 alii
452 954 621 1042 ejusmodi,
635 953 702 1018 sine
713 951 951 1017 circumcisione
961 957 994 1010 et
1004 945 1074 1010 sab-

48 1067 132 1130 batis
147 1063 324 1154 placuerint
338 1065 419 1138 Deo,
437 1087 494 1152 per
509 1061 585 1128 alios
601 1062 697 1127 duces
712 1074 745 1126 et
759 1060 835 1148 legis
846 1055 1074 1123 institutionem

48 1185 97 1238 tot
116 1172 228 1262 elapsis
254 1173 399 1238 aetotibus
417 1171 503 1238 Deus
524 1170 688 1258 justificari
709 1167 856 1241 voluerit,
875 1189 928 1231 eos
947 1163 1074 1252 quidem

47 1281 104 1365 qui
116 1281 155 1346 ab
172 1279 353 1346 Abrahamo
368 1281 409 1345 ad
423 1279 543 1346 Mosem
558 1281 699 1356 fuerunt,
716 1301 774 1366 per
788 1273 1072 1344 circumcisionem,

46 1409 103 1452 eos
129 1399 235 1452 autem
261 1389 315 1474 qui
339 1400 411 1474 post
438 1387 574 1463 Mosem,
602 1401 671 1452 tum
700 1409 758 1473 per
785 1382 1074 1452 circumcisionem,

46 1507 118 1558 tum
130 1517 187 1580 per
201 1493 259 1558 alia
277 1507 446 1584 praecepta,
463 1495 496 1559 id
511 1507 572 1569 est,
588 1495 767 1568 sabbatum,
784 1493 939 1564 victimas,
955 1488 1076 1554 eineres

46 1612 82 1664 et
101 1601 203 1666 dona:
227 1599 393 1667 calumniis
411 1613 579 1690 appetetur
596 1601 695 1674 Deus,
715 1601 787 1676 nisi,
807 1610 844 1663 ut
861 1601 926 1686 jum
945 1595 1020 1670 dixi,
1044 1594 1076 1658 id

47 1731 151 1773 causac
164 1710 385 1776 demonstretis
397 1709 504 1783 fuisse,
518 1711 604 1796 quod
614 1708 768 1797 populum
779 1719 918 1774 vestrum
929 1706 1077 1793 praescius

48 1819 194 1882 omnium
208 1817 292 1881 Deus
303 1819 492 1882 meriturum
508 1818 702 1905 cognoverit,
720 1828 753 1880 ut
769 1815 974 1900 «ierosolymis
984 1812 1077 1901 pelle·

47 1935 151 1998 retur,
171 1945 231 1988 nec
249 1924 397 2010 cuiquam
415 1947 453 1989 eo
472 1925 594 2012 ingredi
613 1924 732 1990 liceret.
755 1922 846 1988 Nulla
866 1922 951 1988 enim
969 1921 1076 1986 realia
1116 1971 1117 1974 ,

48 2029 284 2116 dignoscimini,
305 2040 340 2093 ut
358 2031 423 2116 jam
445 2029 520 2105 dixi,
542 2031 600 2096 nisi
622 2032 680 2095 ista
700 2031 802 2097 carnis
823 2029 1073 2098 circumcisione.

49 2137 162 2223 Neque
173 2137 257 2202 euim
269 2137 485 2203 Abrahamum
499 2139 585 2204 Deus
600 2141 720 2227 justum
732 2161 789 2227 per
804 2139 1077 2204 circumcisionem

47 2244 146 2308 iirisse
158 2255 289 2308 testatus
300 2258 359 2320 est,
374 2245 431 2309 sed
441 2269 498 2332 per
513 2244 619 2310 fidem.
636 2247 717 2311 Ante
732 2246 817 2310 cuim
833 2269 928 2332 quam
943 2246 1076 2310 circum·

46 2354 132 2418 cisus
148 2365 242 2425 esset,
259 2352 300 2415 ita
323 2352 362 2417 dc
374 2375 412 2417 eo
425 2351 548 2417 dictum
559 2352 714 2440 legimus:
740 2353 906 2418 «credidit
916 2353 1076 2419 Abraham

48 2461 157 2533 »Deo,
177 2473 210 2524 et
228 2470 409 2547 reputatum
428 2472 476 2523 est
494 2461 522 2524 ei
541 2461 582 2525 sd
600 2462 813 2547 justitiam¹.»
834 2463 875 2526 Et
893 2484 950 2526 nos
968 2461 1075 2550 igitur,

48 2569 104 2653 qui
121 2569 153 2632 in
168 2568 321 2655 praeputio
335 2569 437 2632 carnis
449 2580 563 2634 nostrae
575 2569 734 2634 credimus
745 2571 813 2635 Deo
828 2593 885 2659 per
900 2569 1076 2643 Christum,
1129 2603 1131 2606 ·

48 2700 88 2742 ac
113 2675 386 2741 circumcisionem
406 2699 477 2742 eam
496 2678 648 2744 habemus
668 2702 737 2765 quae
755 2681 845 2744 nobis
867 2701 938 2744 eam
958 2676 1078 2764 adeptis

46 2784 189 2872 prodest,
206 2785 237 2848 id
252 2797 312 2859 est,
330 2783 434 2848 cordis
450 2785 738 2862 circumcisionem,
758 2786 902 2851 futurum
917 2807 1078 2873 speramus

46 2905 83 2956 ut
99 2893 174 2980 justi
193 2904 226 2957 et
243 2892 309 2958 Deo
328 2893 408 2980 groti
428 2895 636 2980 reperiamur;
660 2897 684 2959 si
702 2895 829 2983 quidem
845 2897 911 2984 jam
926 2895 1021 2960 etiam
1037 2896 1076 2962 ab

46 3027 87 3068 eo
97 3003 309 3067 testimonium
320 3023 377 3088 per
389 3002 592 3091 propheticos
603 3027 765 3070 sermones
778 3005 968 3094 accepimus.
981 3003 1078 3082 Quod

49 3123 158 3175 autem
173 3113 301 3176 subbata
316 3133 439 3175 servare
454 3125 632 3207 etmunera
648 3113 762 3179 offerre
779 3115 855 3202 jussi
870 3114 957 3190 estis,
973 3114 1076 3201 quod-

49 3241 113 3306 que
127 3216 233 3283 iocum
249 3218 288 3282 de
304 3241 360 3283 suo
376 3220 503 3286 nomine
518 3223 672 3288 Dominus
689 3225 793 3289 vocari
805 3247 916 3311 passus
932 3235 992 3297 est,
1016 3223 1076 3288 nisi

48 3327 83 3392 id
102 3338 267 3413 propterea
287 3325 405 3392 iactum
425 3330 658 3406 demonstretis,
679 3357 731 3408 ue,
752 3347 787 3398 ut
806 3333 955 3407 diximus,
975 3331 1015 3396 ad
1034 3333 1076 3397 si-

47 3433 269 3501 mulacrorum
291 3433 413 3501 cultum
434 3436 551 3525 delapsi
573 3463 611 3506 ac
629 3441 687 3505 Dei
705 3442 919 3515 immemores,
941 3440 1028 3527 impii
1045 3451 1078 3504 et

49 3545 133 3609 athei
150 3544 271 3619 essetis,
292 3543 399 3631 quales
414 3567 538 3634 semper
557 3571 610 3613 vos
627 3547 721 3614 fuisse
736 3561 842 3637 patet:
867 3549 979 3636 (atque
994 3548 1077 3616 hanc

49 3651 142 3718 suisse
160 3675 301 3727 causam,
323 3675 381 3718 cur
398 3653 483 3719 Deus
504 3655 543 3719 de
561 3657 698 3722 sabbatis
716 3669 749 3722 et
765 3658 854 3724 donis
873 3656 956 3747 leges
972 3661 1075 3724 sanci-

48 3771 109 3834 ret,
127 3781 143 3822 a
159 3783 210 3825 me
225 3783 318 3848 supra
331 3762 584 3832 demonstratum
595 3776 654 3842 est,
672 3767 725 3832 sed
742 3777 870 3855 propter
885 3792 938 3832 cos
954 3768 1006 3854 qni
1020 3768 1074 3840 he-

83 3885 161 3936 ¹Gen.
175 3903 213 3944 rr,
227 3889 248 3937 ti.
