2646 4596
281 257 430 300 araneam
455 253 516 300 cura
538 251 699 305 raassona
721 249 834 292 sunno.
1005 221 1067 304 375

88 365 121 432 Si
143 363 288 452 qtridem,
316 365 458 452 inquam,
480 361 622 450 Trypho.
646 357 829 424 vaticinium
851 352 929 418 iliud
952 350 1068 425 Esaias.

46 471 129 534 Ecca
149 471 249 559 virga
269 472 307 534 ιἰι
327 487 418 536 atero
439 468 597 555 concipiet
605 465 630 541 ¹,
654 485 717 530 non
739 462 781 528 ad
798 460 937 534 Desidia,
957 458 1012 524 sed
1031 457 1072 522 ad

45 576 138 642 aiiam
164 600 205 642 ex
230 576 401 642 duodecim
422 575 569 640 tribubus
592 572 721 638 demum
747 569 910 641 edidissem
939 566 1071 632 haberet

45 685 128 748 sorte
145 707 197 748 res
214 670 340 770 aliquid
352 682 567 748 dubitationis.
589 679 652 745 Sed
670 702 745 745 cam
763 678 829 767 ipsa
847 674 1012 765 prophetia
1029 673 1070 738 ad

45 793 185 856 domum
193 791 318 858 Daridis
328 791 415 856 edita
426 791 481 863 sit;
497 811 566 876 qum
577 787 779 856 adDasidem
791 785 823 852 in
834 785 985 873 mysterio
994 783 1072 848 dixit

49 900 152 973 Deus,
169 921 206 962 ea
221 899 333 974 Esaias,
352 909 490 964 nterant
504 907 667 970 eventura,
683 895 725 960 ita
738 893 889 981 exposuit.
910 892 974 959 Nisi
990 892 1070 956 forte

50 1005 133 1070 iilud
153 1007 260 1082 amici,
278 1008 417 1095 inquam,
439 1005 600 1094 ignoratis,
620 1001 719 1069 multa
734 1025 848 1068 arcane
864 1012 918 1066 aut
931 1001 963 1064 in
978 1022 1071 1088 para-

48 1113 132 1180 bolis
152 1114 248 1189 dicta,
268 1125 321 1178 aut
340 1113 496 1202 mysteriis
517 1123 550 1178 et
569 1113 730 1179 actionum
750 1107 956 1196 quarumdam
977 1107 1071 1195 signis

45 1221 249 1295 adumbrata,
265 1220 457 1309 aPraphetis
471 1233 541 1308 post
552 1241 619 1294 eos.
634 1219 687 1304 qui
698 1218 767 1282 baec
782 1215 887 1282 dixere
900 1225 954 1280 aut
965 1236 1069 1302 egere,

46 1327 165 1391 exortis
176 1325 272 1393 inisse
282 1327 445 1416 explicata.

89 1435 241 1512 dissime,
254 1437 357 1525 inquit
367 1437 507 1526 Trypho.

88 1543 123 1610 Si
136 1567 217 1633 ergo
229 1545 316 1612 banc
327 1547 427 1612 Esaias
441 1549 639 1636 prophetiam
654 1551 687 1614 in
703 1557 846 1614 nostrum
861 1548 949 1615 huna
965 1547 1074 1611 Chris·

46 1667 128 1726 tum,
149 1654 283 1720 minIme
302 1679 378 1720 vero
397 1658 430 1722 in
451 1659 631 1734 Ezechiam,
655 1670 689 1722 ut
710 1658 795 1723 robis
817 1655 934 1746 piacet,
956 1655 1074 1721 dictam

45 1784 113 1822 csse
130 1761 407 1837 demonstrarem
425 1787 466 1830 an
482 1789 545 1830 noa
562 1766 594 1830 id
610 1788 734 1852 quoque
749 1787 766 1830 a
783 1765 870 1830 robis
886 1763 1074 1850 impetrabo,

48 1874 83 1924 nt
107 1887 149 1928 ne
171 1863 268 1930 iidem
286 1867 444 1954 magistris
465 1870 575 1934 vestris
597 1869 750 1945 habeatis,
773 1870 826 1955 qui
846 1867 1077 1956 interpretatio-

48 1995 128 2036 nem
154 1994 173 2034 ι
199 1977 392 2063 septuaginta
419 1977 529 2042 restris
557 1979 731 2044 senioribus
761 1977 844 2065 apud
869 1976 1075 2042 Ptolemaeum

46 2079 273 2168 AEgyptiorum
287 2107 394 2171 regem
409 2083 592 2149 adornatam
607 2085 795 2170 quibusdam
810 2085 843 2150 in
858 2085 953 2150 rebus
968 2107 1074 2148 veram

47 2211 116 2254 non
134 2211 204 2252 esse
221 2190 336 2254 audent
354 2190 582 2278 pronuntiare?
601 2190 680 2256 Nam
699 2215 767 2277 quae
788 2191 902 2256 diserte
918 2192 949 2256 in
966 2191 1075 2280 Scrip-

46 2296 130 2360 turis
140 2295 340 2382 inu'pientem
351 2319 464 2362 eornm
475 2308 507 2361 et
518 2298 566 2361 sui
577 2309 735 2362 amantem
745 2299 931 2367 sententiam
942 2322 1074 2388 arguere

46 2403 252 2469 menifestum
276 2417 342 2480 eat,
363 2427 399 2470 ea
425 2427 539 2494 negare
557 2405 674 2470 audent
696 2405 738 2470 ita
756 2427 823 2472 esse
847 2407 972 2494 scripta.
994 2406 1074 2486 Quae

47 2535 127 2578 vero
146 2512 269 2576 trahere
288 2525 321 2576 et
339 2512 551 2578 adhumanas
570 2512 709 2578 actiones
726 2513 965 2580 accommodare
984 2537 1075 2603 posse

45 2617 110 2683 sibi
134 2617 291 2693 ridentur,
315 2643 353 2684 ea
375 2631 518 2684 asserunt
543 2641 607 2684 non
630 2619 662 2683 in
684 2631 828 2684 nostrum
853 2620 941 2688 huna
964 2623 1075 2688 desum

47 2725 212 2792 Christum
227 2751 297 2792 esse
312 2728 409 2802 dicta,
427 2729 529 2794 sedin
544 2751 638 2816 quem
654 2729 727 2816 ipsis
742 2729 941 2816 interpretari
957 2728 1072 2817 placet.

47 2835 101 2900 Sic
117 2835 317 2924 Scriptumm
331 2835 429 2911 illam,
448 2837 487 2902 dc
500 2859 561 2923 qua
578 2860 663 2902 nunc
678 2838 810 2926 agimus,
829 2839 1006 2903 docuerunt
1022 2862 1075 2904 vos

48 2946 80 3008 in
96 2945 267 3011 Ezechiam
283 2970 351 3012 esse
363 2947 491 3022 dictam,
508 2946 541 3011 in
553 2971 615 3034 qno
627 2947 768 3035 quidem,
786 2960 821 3010 nt
835 2947 975 3035 promisi,
989 2971 1074 3014 men-

51 3053 104 3115 tiri
123 3077 177 3116 eos
197 3053 431 3120 demonstrabo.
457 3054 593 3134 Quando
614 3066 721 3120 autem
741 3052 786 3118 eis
807 3052 984 3142 Scripturas
1008 3053 1075 3120 illas

53 3162 236 3246 objicimus,
255 3187 324 3252 quae
346 3187 440 3252 supra
460 3189 477 3230 a
499 3189 549 3230 ma
572 3165 710 3230 recitatae
733 3163 894 3230 Christum
915 3165 1075 3252 conceptis

51 3268 163 3333 serbis
175 3269 349 3356 passibilem
362 3281 396 3335 et
410 3271 608 3338 adorandum
622 3283 654 3336 et
669 3272 772 3337 Deum
785 3271 1018 3344 demonstrant;
1031 3295 1077 3336 as-

47 3377 238 3442 sentiuntur
249 3377 291 3443 iili
305 3380 435 3466 quidem
448 3381 633 3450 necessitate
647 3381 776 3447 adducti
789 3380 821 3446 in
834 3380 997 3445 Christum
1013 3379 1077 3446 dic-

48 3503 94 3552 tas
110 3512 198 3562 esses
216 3489 271 3554 sed
284 3489 372 3556 hunc
384 3515 498 3580 negare
509 3493 627 3558 audent
638 3492 800 3558 Christum
811 3515 891 3567 essa,
909 3503 1077 3556 venturum

49 3611 154 3663 autem
165 3609 199 3662 et
207 3621 377 3686 passurum
388 3612 420 3664 at
432 3613 636 3689 regnaturum
648 3614 680 3664 et
689 3599 885 3666 adorandum
894 3599 998 3664 Deum
1009 3599 1075 3666 sere

48 3704 257 3779 confitentum
277 3708 504 3796 quodquidam
516 3707 685 3774 ridiculum
697 3721 729 3772 et
740 3708 871 3774 stultum
882 3731 950 3777 esse
962 3710 1077 3796 pariter

77 3834 164 3884 tuni.
179 3853 224 3896 tn,
234 3837 259 3894 d.
