2606 4620
242 311 395 361 oratores
418 313 481 362 curs
504 309 669 358 retrusus
690 311 806 358 sunno.
976 295 1036 375 461

22 449 74 514 per
86 426 167 513 signa
189 425 294 491 omniu
316 425 350 489 in
371 422 490 490 diluvio
510 422 595 490 edita
617 435 896 510 premonstratum
912 437 962 492 est
980 450 989 492 ε
1009 427 1044 496 id

22 547 76 608 est,
91 557 144 622 per
158 554 274 620 aquam
288 544 321 597 et
338 529 437 598 iidem
451 544 484 596 et
499 531 634 620 lignum,
656 532 710 620 qui
731 533 899 622 praeparati
916 546 991 600 sunt
1010 545 1045 602 et

22 657 217 734 peccatorum
242 642 462 732 peonitentiam
481 651 592 732 agunt,
615 655 786 712 venturum
807 643 867 712 Dei
889 643 1045 732 judicium

21 755 173 842 effugient.

63 863 138 930 Nem
158 874 191 928 et
215 860 301 928 eliud
326 861 515 950 mysterium
538 871 683 948 tempore
711 861 777 930 Noe
798 863 1044 952 praedicebatur,

21 971 103 1060 quod
120 993 174 1038 ros
188 971 326 1038 nescitis.
350 969 404 1036 Sic
418 979 527 1036 nutem
543 969 700 1036 sehabet.
718 970 756 1036 ln
769 971 1046 1039 benedictionibus

21 1081 131 1168 quibus
146 1080 212 1148 Noe
227 1079 309 1145 lilios
324 1101 397 1146 suos
410 1077 565 1167 impertit,
581 1078 691 1167 nepoti
705 1102 764 1146 suo
775 1079 945 1150 maledicit.
966 1083 1047 1150 Nam

21 1191 98 1268 lilio,
121 1191 174 1278 qui
196 1188 291 1256 simut
316 1210 392 1256 cum
414 1187 565 1256 fratribus
584 1210 603 1253 a
628 1189 698 1256 Deo
719 1189 905 1256 benedictus
926 1191 1047 1267 fuerat,

21 1298 217 1388 propheticus
235 1297 363 1386 spiritus
381 1319 446 1363 non
465 1308 535 1362 erat
550 1293 792 1364 maledicturus.
815 1297 879 1364 Sed
900 1300 973 1387 quia
997 1299 1048 1366 fu.

21 1419 124 1472 turum
143 1417 211 1472 erat
230 1416 265 1470 ut
285 1403 327 1474 ad
348 1404 530 1472 universum
551 1427 651 1494 genus
673 1403 757 1471 illius
776 1406 831 1494 qui
852 1405 974 1473 nudum
996 1431 1049 1496 pa-

20 1531 97 1582 trem
108 1516 259 1592 irriserat,
271 1535 366 1602 poena
376 1513 500 1604 peoouti
511 1513 697 1602 pertineret,
708 1515 750 1580 ab
762 1515 833 1604 ojus
845 1513 911 1580 lilio
923 1515 1049 1582 initium

20 1628 89 1694 lecit
105 1623 325 1692 maledicendi.
348 1623 385 1690 lu
400 1623 449 1690 his
463 1634 584 1698 autem,
604 1645 675 1710 qum
689 1623 781 1700 dixit,
803 1624 947 1692 futurum
965 1651 1048 1717 prae-

20 1737 142 1803 dicebat
151 1747 188 1801 ut
206 1733 293 1800 Semi
308 1732 427 1821 posteri
441 1732 653 1820 possessiones
668 1742 701 1796 et
716 1732 874 1801 domicilia
895 1734 1047 1804 Cbonaan

20 1845 206 1918 detinerent,
223 1853 256 1908 et
270 1863 380 1908 rursus
394 1839 449 1928 qui
460 1861 501 1904 ex
514 1837 645 1928 Jopbet,
657 1861 694 1906 eu
707 1840 885 1910 detinerent
896 1867 968 1933 quae
979 1867 1049 1934 pos·

20 1955 76 2018 teri
98 1953 184 2019 Semi
199 1952 346 2042 adempte
367 1948 499 2040 posteris
515 1948 667 2017 Chanann
689 1950 885 2028 detinebunt,
907 1965 940 2020 et
961 1953 1048 2022 Semi

20 2072 159 2150 posteros
181 2058 350 2149 spoliarent
372 2055 641 2147 quemadmodum
662 2057 713 2124 isti
734 2070 877 2147 posteros
897 2060 1048 2129 Gbanaan

19 2171 240 2260 spoliaverunt.
259 2168 363 2258 Atque
378 2168 441 2236 boc
460 2169 502 2235 ita
518 2167 638 2236 loetum
652 2189 721 2232 esse
736 2168 853 2234 audite.
869 2169 933 2236 Vos
948 2171 1048 2248 enim,

19 2283 68 2371 pai
85 2304 125 2346 ex
136 2267 233 2346 Semo
248 2301 348 2368 genus
364 2277 490 2354 ducitis,
505 2277 540 2342 in
554 2287 672 2342 terram
686 2274 827 2344 liliorum
839 2277 990 2346 Cbaman
1003 2301 1050 2346 se·
1183 2339 1188 2346 .

19 2392 159 2460 cundum
175 2390 233 2456 Dei
252 2386 448 2454 voluntotam
467 2385 635 2460 invasistis,
650 2407 785 2472 eamque
803 2387 956 2452 tenuistis.
978 2388 1049 2454 Non

19 2501 121 2566 minus
137 2507 261 2565 constat
275 2493 357 2562 lilios
370 2493 488 2584 Japbet
504 2493 680 2561 secundum
693 2494 752 2559 Dei
770 2493 931 2582 judicium
946 2497 979 2562 in
995 2520 1050 2564 vos

19 2609 177 2684 evasisse,
196 2618 229 2671 et
243 2617 361 2670 terrem
373 2625 469 2694 quam
485 2601 575 2670 vobis
593 2599 794 2668 abstulerunt
809 2605 958 2672 tenuisse.
973 2607 1050 2673 flea

19 2732 123 2786 tutem
148 2717 233 2784 diota
255 2726 329 2782 sunt
349 2715 382 2784 in
404 2716 491 2782 buna
506 2713 639 2780 modom
658 2736 666 2778 :
682 2739 695 2772 ι
710 2711 843 2779 Sobrius
857 2737 934 2779 vero
949 2714 1051 2782 laetus

19 2861 23 2890 t
42 2842 91 2894 ost
107 2827 176 2896 Noe
190 2849 209 2892 a
225 2826 318 2892 rino:
333 2835 365 2889 et
381 2822 529 2912 cognovit
540 2821 645 2887 omnia
658 2843 728 2906 quae
740 2820 816 2888 iecit
827 2823 872 2888 eis
886 2821 971 2888 lilius
982 2825 1053 2911 ejus

19 2971 23 2994 .
40 2936 164 3024 junior,
180 2945 214 3000 et
228 2933 328 2999 dixit:
345 2929 532 2996 Maledictus
548 2929 700 2994 Qensan
719 2931 817 3016 pueri
834 2929 972 2999 famulus
993 2936 1054 3002 erit

19 3077 25 3106 t
39 3045 194 3110 iratribus
213 3041 287 3106 suis.
306 3041 347 3106 Et
362 3039 459 3106 dixit:
475 3037 668 3104 Benedictus
682 3036 837 3103 Dominus
851 3039 937 3106 Deus
951 3041 1050 3110 Sem:

19 3185 26 3216 ι
42 3165 76 3218 et
91 3152 155 3218 erit
170 3150 322 3217 Cbonaan
341 3171 449 3216 seruas
469 3149 551 3236 ejus.
569 3145 687 3212 Diletet
702 3146 856 3214 Dominus
869 3149 1000 3240 Japbet,
1021 3165 1054 3219 et

19 3293 26 3324 ι
42 3260 170 3327 habitet
185 3258 219 3324 in
233 3257 380 3324 domibus
394 3257 483 3332 Sem,
498 3268 531 3321 et
546 3255 602 3322 liet
617 3254 769 3322 Cbanaan
785 3281 893 3325 servus
910 3262 980 3350 ejus
991 3263 1013 3331 ¹.
1033 3293 1046 3330 a

19 3375 130 3459 ltaque
148 3390 223 3436 oum
238 3365 302 3430 duo
313 3365 421 3455 populi
436 3365 596 3432 benedicti
608 3377 725 3440 essent,
738 3366 792 3453 qui
804 3391 843 3432 ex
854 3367 943 3447 Sem,
955 3385 988 3438 et
999 3375 1053 3462 qui

19 3507 50 3550 ex
67 3479 210 3570 Jupbet3
234 3497 372 3568 cumque
387 3486 423 3542 ut
438 3477 554 3564 posteri
569 3475 644 3542 Sem
661 3475 772 3542 domos
788 3475 940 3546 Cbanaan
959 3485 1053 3573 primi

19 3601 179 3665 ¹onerent,
195 3588 363 3656 decretum
380 3597 515 3652 essetne
530 3585 717 3674 predictum
732 3607 841 3652 rursus
858 3589 900 3655 eb
921 3590 966 3656 eis
989 3617 1054 3660 ess-

19 3705 86 3768 lem
99 3699 316 3790 possessiones
328 3707 470 3786 posteros
480 3694 598 3785 Japbet
608 3706 795 3784 accepturos
802 3719 813 3770 3
827 3717 965 3788 cumque
977 3703 1055 3770 duo.

19 3837 71 3880 ›us
93 3806 221 3904 populis
235 3829 318 3876 unus
336 3805 474 3896 populus
488 3827 529 3870 ex
544 3803 695 3872 Cbunaan
710 3814 797 3870 ortus
816 3804 849 3872 in
868 3811 1052 3882 servitutem

45 3939 53 3973 ¹
70 3939 139 3988 Gen.
156 3953 190 3997 ts,
205 3937 243 3995 nd.
