<?xml version="1.0" encoding="UTF-8"?>
<!DOCTYPE html PUBLIC "-//W3C//DTD XHTML 1.0 Transitional//EN"
    "http://www.w3.org/TR/xhtml1/DTD/xhtml1-transitional.dtd">
<html xmlns="http://www.w3.org/1999/xhtml" xml:lang="en" lang="en">
 <head>
  <title>
</title>
<meta http-equiv="Content-Type" content="text/html;charset=utf-8" />
  <meta name='ocr-system' content='tesseract 3.04.00' />
  <meta name='ocr-capabilities' content='ocr_page ocr_carea ocr_par ocr_line ocrx_word'/>
</head>
<body>
  <div class='ocr_page' id='page_1' title='image "./collectioselect02guilgoog_1002.png"; bbox 0 0 2586 4642; ppageno 0'>
   <div class='ocr_carea' id='block_1_1' title="bbox 432 213 1097 284">
    <p class='ocr_par' dir='ltr' id='par_1_1' title="bbox 432 213 1097 284">
     <span class='ocr_line' id='line_1_1' title="bbox 432 213 1097 284; baseline 0.003 -2"><span class='ocrx_word' id='word_1_1' title='bbox 432 234 555 282; x_wconf 78' lang='lat' dir='ltr'>cocras</span> <span class='ocrx_word' id='word_1_2' title='bbox 578 235 729 284; x_wconf 75' lang='lat' dir='ltr'>nnanssn</span> <span class='ocrx_word' id='word_1_3' title='bbox 768 250 770 258; x_wconf 42' lang='lat' dir='ltr'>v</span> <span class='ocrx_word' id='word_1_4' title='bbox 1034 213 1097 284; x_wconf 75' lang='lat' dir='ltr'>tat</span> 
     </span>
    </p>
   </div>
   <div class='ocr_carea' id='block_1_2' title="bbox 25 339 1164 2091">
    <p class='ocr_par' dir='ltr' id='par_1_2' title="bbox 25 339 1101 654">
     <span class='ocr_line' id='line_1_2' title="bbox 38 339 1099 436; baseline 0.006 -28"><span class='ocrx_word' id='word_1_5' title='bbox 38 339 295 412; x_wconf 82' lang='lat' dir='ltr'>tabernacula</span> <span class='ocrx_word' id='word_1_6' title='bbox 309 341 331 408; x_wconf 89' lang='lat'>¹.</span> <span class='ocrx_word' id='word_1_7' title='bbox 346 370 360 406; x_wconf 78' lang='lat' dir='ltr'>s</span> <span class='ocrx_word' id='word_1_8' title='bbox 373 342 595 436; x_wconf 65' lang='lat' dir='ltr'>Quacumque</span> <span class='ocrx_word' id='word_1_9' title='bbox 606 345 705 422; x_wconf 89' lang='lat' dir='ltr'>enim,</span> <span class='ocrx_word' id='word_1_10' title='bbox 723 365 799 412; x_wconf 90' lang='lat' dir='ltr'>cum</span> <span class='ocrx_word' id='word_1_11' title='bbox 805 367 947 414; x_wconf 69' lang='lat' dir='ltr'>msemus</span> <span class='ocrx_word' id='word_1_12' title='bbox 957 345 1099 426; x_wconf 85' lang='lat' dir='ltr'>Ethnici;</span> 
     </span>
     <span class='ocr_line' id='line_1_3' title="bbox 25 453 1101 542; baseline 0.01 -25"><span class='ocrx_word' id='word_1_13' title='bbox 25 453 63 517; x_wconf 82' lang='lat' dir='ltr'>le</span> <span class='ocrx_word' id='word_1_14' title='bbox 84 453 272 542; x_wconf 85' lang='lat' dir='ltr'>injustitia</span> <span class='ocrx_word' id='word_1_15' title='bbox 291 453 528 542; x_wconf 77' lang='lat' dir='ltr'>acquisivimus,</span> <span class='ocrx_word' id='word_1_16' title='bbox 546 453 628 531; x_wconf 73' lang='lat' dir='ltr'>hcc,</span> <span class='ocrx_word' id='word_1_17' title='bbox 645 476 721 522; x_wconf 91' lang='lat' dir='ltr'>cum</span> <span class='ocrx_word' id='word_1_18' title='bbox 739 455 981 534; x_wconf 85' lang='lat' dir='ltr'>crediderimus,</span> <span class='ocrx_word' id='word_1_19' title='bbox 998 457 1031 525; x_wconf 91' lang='lat' dir='ltr'>in</span> <span class='ocrx_word' id='word_1_20' title='bbox 1046 457 1101 528; x_wconf 83' lang='lat' dir='ltr'>clo·</span> 
     </span>
     <span class='ocr_line' id='line_1_4' title="bbox 25 562 853 654; baseline 0.004 -26"><span class='ocrx_word' id='word_1_21' title='bbox 25 563 191 630; x_wconf 87' lang='lat' dir='ltr'>ninicas</span> <span class='ocrx_word' id='word_1_22' title='bbox 208 562 362 631; x_wconf 79' lang='lat' dir='ltr'>utilitates</span> <span class='ocrx_word' id='word_1_23' title='bbox 376 575 613 643; x_wconf 74' lang='lat' dir='ltr'>conversantes,</span> <span class='ocrx_word' id='word_1_24' title='bbox 630 564 853 654; x_wconf 87' lang='lat' dir='ltr'>justificamur.</span> 
     </span>
    </p>

    <p class='ocr_par' dir='ltr' id='par_1_3' title="bbox 25 672 1164 1869">
     <span class='ocr_line' id='line_1_5' title="bbox 75 672 1101 765; baseline 0.004 -25"><span class='ocrx_word' id='word_1_25' title='bbox 75 672 147 740; x_wconf 87' lang='lat' dir='ltr'>lv.</span> <span class='ocrx_word' id='word_1_26' title='bbox 178 673 370 740; x_wconf 85' lang='lat' dir='ltr'>Necessarie</span> <span class='ocrx_word' id='word_1_27' title='bbox 393 673 490 763; x_wconf 77' lang='lat' dir='ltr'>igitur</span> <span class='ocrx_word' id='word_1_28' title='bbox 509 675 543 740; x_wconf 90' lang='lat' dir='ltr'>in</span> <span class='ocrx_word' id='word_1_29' title='bbox 565 687 641 764; x_wconf 83' lang='lat' dir='ltr'>typo</span> <span class='ocrx_word' id='word_1_30' title='bbox 657 675 973 765; x_wconf 72' lang='lat' dir='ltr'>praemeditabamur,</span> <span class='ocrx_word' id='word_1_31' title='bbox 989 690 1021 742; x_wconf 89' lang='lat' dir='ltr'>et</span> <span class='ocrx_word' id='word_1_32' title='bbox 1036 674 1101 744; x_wconf 57' lang='lat' dir='ltr'>‘lar</span> 
     </span>
     <span class='ocr_line' id='line_1_6' title="bbox 25 780 1100 876; baseline 0.01 -30"><span class='ocrx_word' id='word_1_33' title='bbox 25 780 271 849; x_wconf 79' lang='lat' dir='ltr'>sernaculum</span> <span class='ocrx_word' id='word_1_34' title='bbox 287 783 346 850; x_wconf 86' lang='lat' dir='ltr'>Dei</span> <span class='ocrx_word' id='word_1_35' title='bbox 356 805 395 850; x_wconf 82' lang='lat' dir='ltr'>cx</span> <span class='ocrx_word' id='word_1_36' title='bbox 411 783 460 850; x_wconf 90' lang='lat' dir='ltr'>his</span> <span class='ocrx_word' id='word_1_37' title='bbox 476 782 669 851; x_wconf 82' lang='lat' dir='ltr'>fabricatur:</span> <span class='ocrx_word' id='word_1_38' title='bbox 686 783 745 851; x_wconf 92' lang='lat' dir='ltr'>illis</span> <span class='ocrx_word' id='word_1_39' title='bbox 758 785 892 875; x_wconf 87' lang='lat' dir='ltr'>quidem</span> <span class='ocrx_word' id='word_1_40' title='bbox 909 787 995 876; x_wconf 86' lang='lat' dir='ltr'>juste</span> <span class='ocrx_word' id='word_1_41' title='bbox 1012 789 1100 856; x_wconf 87' lang='lat' dir='ltr'>acci·</span> 
     </span>
     <span class='ocr_line' id='line_1_7' title="bbox 25 894 1101 989; baseline 0.007 -30"><span class='ocrx_word' id='word_1_42' title='bbox 25 894 236 982; x_wconf 89' lang='lat' dir='ltr'>pientibus,</span> <span class='ocrx_word' id='word_1_43' title='bbox 255 894 528 983; x_wconf 86' lang='lat' dir='ltr'>quemadmodum</span> <span class='ocrx_word' id='word_1_44' title='bbox 545 894 759 970; x_wconf 71' lang='lat' dir='ltr'>ostendimuss</span> <span class='ocrx_word' id='word_1_45' title='bbox 777 896 870 964; x_wconf 89' lang='lat' dir='ltr'>nobis</span> <span class='ocrx_word' id='word_1_46' title='bbox 891 909 999 965; x_wconf 90' lang='lat' dir='ltr'>uutem</span> <span class='ocrx_word' id='word_1_47' title='bbox 1018 921 1101 989; x_wconf 85' lang='lat' dir='ltr'>prae·</span> 
     </span>
     <span class='ocr_line' id='line_1_8' title="bbox 25 1004 1100 1096; baseline 0.007 -28"><span class='ocrx_word' id='word_1_48' title='bbox 25 1004 207 1081; x_wconf 84' lang='lat' dir='ltr'>ostensis,</span> <span class='ocrx_word' id='word_1_49' title='bbox 221 1005 276 1094; x_wconf 93' lang='lat' dir='ltr'>qui</span> <span class='ocrx_word' id='word_1_50' title='bbox 288 1004 501 1095; x_wconf 76' lang='lat' dir='ltr'>inciperemus</span> <span class='ocrx_word' id='word_1_51' title='bbox 509 1029 567 1096; x_wconf 86' lang='lat' dir='ltr'>per</span> <span class='ocrx_word' id='word_1_52' title='bbox 577 1004 679 1072; x_wconf 88' lang='lat' dir='ltr'>aliena</span> <span class='ocrx_word' id='word_1_53' title='bbox 691 1004 759 1072; x_wconf 87' lang='lat' dir='ltr'>Deo</span> <span class='ocrx_word' id='word_1_54' title='bbox 768 1005 936 1076; x_wconf 81' lang='lat' dir='ltr'>deservire.</span> <span class='ocrx_word' id='word_1_55' title='bbox 949 1007 1100 1076; x_wconf 78' lang='lat' dir='ltr'>Universa</span> 
     </span>
     <span class='ocr_line' id='line_1_9' title="bbox 27 1113 1100 1209; baseline 0.007 -29"><span class='ocrx_word' id='word_1_56' title='bbox 27 1113 139 1180; x_wconf 85' lang='lat' dir='ltr'>enim</span> <span class='ocrx_word' id='word_1_57' title='bbox 155 1137 234 1204; x_wconf 82' lang='lat' dir='ltr'>quae</span> <span class='ocrx_word' id='word_1_58' title='bbox 250 1137 289 1181; x_wconf 86' lang='lat' dir='ltr'>ex</span> <span class='ocrx_word' id='word_1_59' title='bbox 303 1113 440 1206; x_wconf 74' lang='lat' dir='ltr'>AEgypto</span> <span class='ocrx_word' id='word_1_60' title='bbox 456 1113 612 1204; x_wconf 81' lang='lat' dir='ltr'>profectio</span> <span class='ocrx_word' id='word_1_61' title='bbox 627 1115 725 1183; x_wconf 87' lang='lat' dir='ltr'>fiebat</span> <span class='ocrx_word' id='word_1_62' title='bbox 744 1115 853 1208; x_wconf 89' lang='lat' dir='ltr'>populi</span> <span class='ocrx_word' id='word_1_63' title='bbox 868 1139 886 1182; x_wconf 93' lang='lat' dir='ltr'>a</span> <span class='ocrx_word' id='word_1_64' title='bbox 907 1118 989 1196; x_wconf 87' lang='lat' dir='ltr'>Deo,</span> <span class='ocrx_word' id='word_1_65' title='bbox 1004 1130 1100 1209; x_wconf 84' lang='lat' dir='ltr'>typus</span> 
     </span>
     <span class='ocr_line' id='line_1_10' title="bbox 32 1221 1101 1314; baseline 0.007 -27"><span class='ocrx_word' id='word_1_66' title='bbox 32 1233 74 1288; x_wconf 91' lang='lat' dir='ltr'>et</span> <span class='ocrx_word' id='word_1_67' title='bbox 88 1221 210 1312; x_wconf 82' lang='lat' dir='ltr'>imago</span> <span class='ocrx_word' id='word_1_68' title='bbox 226 1222 287 1289; x_wconf 83' lang='lat' dir='ltr'>luit</span> <span class='ocrx_word' id='word_1_69' title='bbox 297 1222 502 1313; x_wconf 75' lang='lat' dir='ltr'>profectionis</span> <span class='ocrx_word' id='word_1_70' title='bbox 513 1221 676 1299; x_wconf 80' lang='lat' dir='ltr'>Ecclesiae,</span> <span class='ocrx_word' id='word_1_71' title='bbox 690 1246 760 1314; x_wconf 80' lang='lat' dir='ltr'>qun</span> <span class='ocrx_word' id='word_1_72' title='bbox 770 1236 840 1292; x_wconf 88' lang='lat' dir='ltr'>erat</span> <span class='ocrx_word' id='word_1_73' title='bbox 850 1224 956 1296; x_wconf 83' lang='lat' dir='ltr'>lutura</span> <span class='ocrx_word' id='word_1_74' title='bbox 968 1248 1007 1294; x_wconf 86' lang='lat' dir='ltr'>ex</span> <span class='ocrx_word' id='word_1_75' title='bbox 1018 1227 1101 1295; x_wconf 87' lang='lat' dir='ltr'>Gon·</span> 
     </span>
     <span class='ocr_line' id='line_1_11' title="bbox 36 1327 1101 1423; baseline 0.007 -26"><span class='ocrx_word' id='word_1_76' title='bbox 36 1331 142 1398; x_wconf 87' lang='lat' dir='ltr'>tibus</span> <span class='ocrx_word' id='word_1_77' title='bbox 160 1355 170 1398; x_wconf 76' lang='lat' dir='ltr'>s</span> <span class='ocrx_word' id='word_1_78' title='bbox 193 1327 327 1423; x_wconf 86' lang='lat' dir='ltr'>propter</span> <span class='ocrx_word' id='word_1_79' title='bbox 340 1332 404 1400; x_wconf 88' lang='lat' dir='ltr'>hoc</span> <span class='ocrx_word' id='word_1_80' title='bbox 425 1344 458 1398; x_wconf 86' lang='lat' dir='ltr'>ct</span> <span class='ocrx_word' id='word_1_81' title='bbox 480 1332 513 1399; x_wconf 93' lang='lat' dir='ltr'>in</span> <span class='ocrx_word' id='word_1_82' title='bbox 532 1330 597 1400; x_wconf 82' lang='lat' dir='ltr'>linc</span> <span class='ocrx_word' id='word_1_83' title='bbox 613 1332 755 1401; x_wconf 85' lang='lat' dir='ltr'>educans</span> <span class='ocrx_word' id='word_1_84' title='bbox 775 1357 847 1401; x_wconf 89' lang='lat' dir='ltr'>eam</span> <span class='ocrx_word' id='word_1_85' title='bbox 865 1334 942 1404; x_wconf 88' lang='lat' dir='ltr'>hinc</span> <span class='ocrx_word' id='word_1_86' title='bbox 961 1336 1101 1404; x_wconf 85' lang='lat' dir='ltr'>insuam</span> 
     </span>
     <span class='ocr_line' id='line_1_12' title="bbox 38 1443 1101 1534; baseline 0.006 -24"><span class='ocrx_word' id='word_1_87' title='bbox 38 1443 295 1522; x_wconf 74' lang='lat' dir='ltr'>haereditatem,</span> <span class='ocrx_word' id='word_1_88' title='bbox 315 1467 413 1534; x_wconf 90' lang='lat' dir='ltr'>quam</span> <span class='ocrx_word' id='word_1_89' title='bbox 426 1467 492 1512; x_wconf 94' lang='lat' dir='ltr'>non</span> <span class='ocrx_word' id='word_1_90' title='bbox 508 1443 632 1533; x_wconf 82' lang='lat' dir='ltr'>Moyses</span> <span class='ocrx_word' id='word_1_91' title='bbox 652 1445 781 1534; x_wconf 88' lang='lat' dir='ltr'>quidem</span> <span class='ocrx_word' id='word_1_92' title='bbox 800 1445 938 1514; x_wconf 85' lang='lat' dir='ltr'>famulus</span> <span class='ocrx_word' id='word_1_93' title='bbox 954 1446 1026 1526; x_wconf 89' lang='lat' dir='ltr'>Dei,</span> <span class='ocrx_word' id='word_1_94' title='bbox 1043 1449 1101 1516; x_wconf 79' lang='lat' dir='ltr'>sed</span> 
     </span>
     <span class='ocr_line' id='line_1_13' title="bbox 40 1553 1101 1648; baseline 0.004 -26"><span class='ocrx_word' id='word_1_95' title='bbox 40 1555 150 1622; x_wconf 64' lang='lat' dir='ltr'>«lesus</span> <span class='ocrx_word' id='word_1_96' title='bbox 167 1553 269 1622; x_wconf 86' lang='lat' dir='ltr'>Filius</span> <span class='ocrx_word' id='word_1_97' title='bbox 284 1555 342 1623; x_wconf 86' lang='lat' dir='ltr'>Dei</span> <span class='ocrx_word' id='word_1_98' title='bbox 360 1556 394 1622; x_wconf 94' lang='lat' dir='ltr'>in</span> <span class='ocrx_word' id='word_1_99' title='bbox 408 1555 626 1623; x_wconf 73' lang='lat' dir='ltr'>hereditatem</span> <span class='ocrx_word' id='word_1_100' title='bbox 641 1555 740 1623; x_wconf 85' lang='lat' dir='ltr'>dabit.</span> <span class='ocrx_word' id='word_1_101' title='bbox 763 1555 797 1624; x_wconf 85' lang='lat' dir='ltr'>si</span> <span class='ocrx_word' id='word_1_102' title='bbox 815 1559 886 1648; x_wconf 89' lang='lat' dir='ltr'>quis</span> <span class='ocrx_word' id='word_1_103' title='bbox 903 1569 1011 1625; x_wconf 86' lang='lat' dir='ltr'>autem</span> <span class='ocrx_word' id='word_1_104' title='bbox 1028 1557 1101 1626; x_wconf 58' lang='lat' dir='ltr'>dili*-</span> 
     </span>
     <span class='ocr_line' id='line_1_14' title="bbox 46 1664 1139 1756; baseline 0.005 -25"><span class='ocrx_word' id='word_1_105' title='bbox 46 1665 183 1755; x_wconf 76' lang='lat' dir='ltr'>gentius</span> <span class='ocrx_word' id='word_1_106' title='bbox 209 1665 354 1734; x_wconf 86' lang='lat' dir='ltr'>intendat</span> <span class='ocrx_word' id='word_1_107' title='bbox 374 1666 423 1733; x_wconf 88' lang='lat' dir='ltr'>his</span> <span class='ocrx_word' id='word_1_108' title='bbox 443 1687 515 1756; x_wconf 77' lang='lat' dir='ltr'>que</span> <span class='ocrx_word' id='word_1_109' title='bbox 535 1689 553 1731; x_wconf 88' lang='lat' dir='ltr'>a</span> <span class='ocrx_word' id='word_1_110' title='bbox 569 1664 736 1756; x_wconf 86' lang='lat' dir='ltr'>Prophetis</span> <span class='ocrx_word' id='word_1_111' title='bbox 751 1665 903 1735; x_wconf 88' lang='lat' dir='ltr'>dicuntur</span> <span class='ocrx_word' id='word_1_112' title='bbox 917 1669 957 1736; x_wconf 88' lang='lat' dir='ltr'>de</span> <span class='ocrx_word' id='word_1_113' title='bbox 975 1667 1053 1746; x_wconf 86' lang='lat' dir='ltr'>line,</span> <span class='ocrx_word' id='word_1_114' title='bbox 1068 1680 1102 1736; x_wconf 86' lang='lat' dir='ltr'>ct</span> <span class='ocrx_word' id='word_1_115' title='bbox 1138 1725 1139 1728; x_wconf 63' lang='lat'>,</span> 
     </span>
     <span class='ocr_line' id='line_1_15' title="bbox 47 1774 1164 1869; baseline 0.002 -25"><span class='ocrx_word' id='word_1_116' title='bbox 47 1774 1099 1869; x_wconf 80' lang='lat' dir='ltr'>quaecumqueJoannesdiscipulnsDominiriditinApocalypsi²,</span> <span class='ocrx_word' id='word_1_117' title='bbox 1160 1825 1164 1834; x_wconf 88' lang='lat'><em>·</em></span> 
     </span>
    </p>

    <p class='ocr_par' dir='ltr' id='par_1_4' title="bbox 51 1886 1099 2091">
     <span class='ocr_line' id='line_1_16' title="bbox 51 1886 1099 1980; baseline 0.003 -26"><span class='ocrx_word' id='word_1_118' title='bbox 51 1889 201 1957; x_wconf 85' lang='lat' dir='ltr'>inveniet</span> <span class='ocrx_word' id='word_1_119' title='bbox 215 1888 343 1976; x_wconf 71' lang='lat' dir='ltr'>easdam</span> <span class='ocrx_word' id='word_1_120' title='bbox 358 1887 465 1980; x_wconf 75' lang='lat' dir='ltr'>plagas</span> <span class='ocrx_word' id='word_1_121' title='bbox 481 1886 700 1956; x_wconf 80' lang='lat' dir='ltr'>universaliter</span> <span class='ocrx_word' id='word_1_122' title='bbox 713 1891 859 1979; x_wconf 86' lang='lat' dir='ltr'>accipere</span> <span class='ocrx_word' id='word_1_123' title='bbox 874 1889 1007 1968; x_wconf 81' lang='lat' dir='ltr'>Gentes,</span> <span class='ocrx_word' id='word_1_124' title='bbox 1021 1912 1099 1980; x_wconf 89' lang='lat' dir='ltr'>quas</span> 
     </span>
     <span class='ocr_line' id='line_1_17' title="bbox 54 1997 693 2091; baseline -0.003 -24"><span class='ocrx_word' id='word_1_125' title='bbox 54 2015 140 2070; x_wconf 87' lang='lat' dir='ltr'>tunc</span> <span class='ocrx_word' id='word_1_126' title='bbox 153 1998 370 2091; x_wconf 76' lang='lat' dir='ltr'>particulatim</span> <span class='ocrx_word' id='word_1_127' title='bbox 384 2000 510 2090; x_wconf 89' lang='lat' dir='ltr'>accepit</span> <span class='ocrx_word' id='word_1_128' title='bbox 524 1997 693 2090; x_wconf 74' lang='lat' dir='ltr'>AEgyptus.</span> 
     </span>
    </p>
   </div>
   <div class='ocr_carea' id='block_1_3' title="bbox 416 2199 735 2276">
    <p class='ocr_par' dir='ltr' id='par_1_5' title="bbox 416 2199 735 2276">
     <span class='ocr_line' id='line_1_18' title="bbox 416 2199 735 2276; baseline -0.006 -1"><span class='ocrx_word' id='word_1_129' title='bbox 416 2199 575 2276; x_wconf 67' lang='lat' dir='ltr'>‘CAPUT</span> <span class='ocrx_word' id='word_1_130' title='bbox 598 2205 735 2276; x_wconf 86' lang='lat' dir='ltr'>XXXI.</span> 
     </span>
    </p>
   </div>
   <div class='ocr_carea' id='block_1_4' title="bbox 68 2383 1103 2649">
    <p class='ocr_par' dir='ltr' id='par_1_6' title="bbox 68 2383 1103 2649">
     <span class='ocr_line' id='line_1_19' title="bbox 68 2383 1103 2474; baseline 0.002 -30"><span class='ocrx_word' id='word_1_131' title='bbox 68 2383 153 2464; x_wconf 78' lang='lat' dir='ltr'>Qstcd</span> <span class='ocrx_word' id='word_1_132' title='bbox 166 2383 317 2462; x_wconf 80' lang='lat' dir='ltr'>Scriptura</span> <span class='ocrx_word' id='word_1_133' title='bbox 332 2409 386 2448; x_wconf 85' lang='lat' dir='ltr'>nan</span> <span class='ocrx_word' id='word_1_134' title='bbox 405 2387 564 2468; x_wconf 75' lang='lat' dir='ltr'>redarguit,</span> <span class='ocrx_word' id='word_1_135' title='bbox 582 2387 719 2448; x_wconf 68' lang='lat' dir='ltr'>semitm</span> <span class='ocrx_word' id='word_1_136' title='bbox 738 2387 850 2447; x_wconf 76' lang='lat' dir='ltr'>crimini</span> <span class='ocrx_word' id='word_1_137' title='bbox 865 2400 960 2447; x_wconf 81' lang='lat' dir='ltr'>temere</span> <span class='ocrx_word' id='word_1_138' title='bbox 978 2383 1103 2474; x_wconf 79' lang='lat' dir='ltr'>dnrsdwrt</span> 
     </span>
     <span class='ocr_line' id='line_1_20' title="bbox 107 2483 1103 2570; baseline -0.002 -24"><span class='ocrx_word' id='word_1_139' title='bbox 107 2509 160 2546; x_wconf 85' lang='lat' dir='ltr'>non</span> <span class='ocrx_word' id='word_1_140' title='bbox 171 2510 230 2547; x_wconf 79' lang='lat' dir='ltr'>csse</span> <span class='ocrx_word' id='word_1_141' title='bbox 235 2509 251 2564; x_wconf 87' lang='lat'><em>;</em></span> <span class='ocrx_word' id='word_1_142' title='bbox 271 2487 323 2548; x_wconf 81' lang='lat' dir='ltr'>scd</span> <span class='ocrx_word' id='word_1_143' title='bbox 334 2501 431 2570; x_wconf 70' lang='lat' dir='ltr'>typum</span> <span class='ocrx_word' id='word_1_144' title='bbox 447 2490 476 2547; x_wconf 84' lang='lat' dir='ltr'>in</span> <span class='ocrx_word' id='word_1_145' title='bbox 488 2510 518 2548; x_wconf 86' lang='lat' dir='ltr'>ec</span> <span class='ocrx_word' id='word_1_146' title='bbox 532 2487 734 2564; x_wconf 70' lang='lat' dir='ltr'>quarendum:</span> <span class='ocrx_word' id='word_1_147' title='bbox 747 2487 825 2562; x_wconf 83' lang='lat' dir='ltr'>quod</span> <span class='ocrx_word' id='word_1_148' title='bbox 833 2487 967 2563; x_wconf 81' lang='lat' dir='ltr'>probatur</span> <span class='ocrx_word' id='word_1_149' title='bbox 978 2483 1103 2564; x_wconf 75' lang='lat' dir='ltr'>exemplo</span> 
     </span>
     <span class='ocr_line' id='line_1_21' title="bbox 110 2589 473 2649; baseline -0.003 0"><span class='ocrx_word' id='word_1_150' title='bbox 110 2591 224 2649; x_wconf 79' lang='lat' dir='ltr'>incestus</span> <span class='ocrx_word' id='word_1_151' title='bbox 233 2611 254 2648; x_wconf 87' lang='lat' dir='ltr'><em>a</em></span> <span class='ocrx_word' id='word_1_152' title='bbox 265 2589 317 2648; x_wconf 91' lang='lat' dir='ltr'>Lot</span> <span class='ocrx_word' id='word_1_153' title='bbox 326 2591 473 2648; x_wconf 64' lang='lat' dir='ltr'>conmissa:</span> 
     </span>
    </p>
   </div>
   <div class='ocr_carea' id='block_1_5' title="bbox 73 2758 1118 3736">
    <p class='ocr_par' dir='ltr' id='par_1_7' title="bbox 73 2758 1118 3736">
     <span class='ocr_line' id='line_1_22' title="bbox 113 2758 1101 2855; baseline -0.001 -26"><span class='ocrx_word' id='word_1_154' title='bbox 113 2762 137 2829; x_wconf 90' lang='lat' dir='ltr'>l.</span> <span class='ocrx_word' id='word_1_155' title='bbox 151 2759 233 2830; x_wconf 83' lang='lat' dir='ltr'>&#39;lolia</span> <span class='ocrx_word' id='word_1_156' title='bbox 247 2763 393 2855; x_wconf 72' lang='lat' dir='ltr'>quedam</span> <span class='ocrx_word' id='word_1_157' title='bbox 407 2785 558 2832; x_wconf 77' lang='lat' dir='ltr'>enarmns</span> <span class='ocrx_word' id='word_1_158' title='bbox 574 2764 615 2831; x_wconf 85' lang='lat' dir='ltr'>dc</span> <span class='ocrx_word' id='word_1_159' title='bbox 629 2763 767 2852; x_wconf 81' lang='lat' dir='ltr'>antiquis</span> <span class='ocrx_word' id='word_1_160' title='bbox 779 2763 962 2853; x_wconf 81' lang='lat' dir='ltr'>presbyter,</span> <span class='ocrx_word' id='word_1_161' title='bbox 975 2758 1101 2828; x_wconf 81' lang='lat' dir='ltr'>reficie-</span> 
     </span>
     <span class='ocr_line' id='line_1_23' title="bbox 73 2869 1101 2968; baseline 0 -30"><span class='ocrx_word' id='word_1_162' title='bbox 73 2873 129 2968; x_wconf 80' lang='lat' dir='ltr'>lsat</span> <span class='ocrx_word' id='word_1_163' title='bbox 148 2894 214 2950; x_wconf 82' lang='lat' dir='ltr'>nos,</span> <span class='ocrx_word' id='word_1_164' title='bbox 235 2885 267 2940; x_wconf 90' lang='lat' dir='ltr'>et</span> <span class='ocrx_word' id='word_1_165' title='bbox 288 2873 416 2941; x_wconf 77' lang='lat' dir='ltr'>&lt;licebat</span> <span class='ocrx_word' id='word_1_166' title='bbox 437 2896 445 2938; x_wconf 73' lang='grc' dir='ltr'><strong><em>ε</em></strong></span> <span class='ocrx_word' id='word_1_167' title='bbox 470 2873 517 2940; x_wconf 86' lang='lat' dir='ltr'>De</span> <span class='ocrx_word' id='word_1_168' title='bbox 544 2872 664 2940; x_wconf 86' lang='lat' dir='ltr'>eisdem</span> <span class='ocrx_word' id='word_1_169' title='bbox 687 2871 810 2940; x_wconf 87' lang='lat' dir='ltr'>delictis</span> <span class='ocrx_word' id='word_1_170' title='bbox 832 2872 872 2939; x_wconf 89' lang='lat' dir='ltr'>de</span> <span class='ocrx_word' id='word_1_171' title='bbox 891 2869 1007 2960; x_wconf 86' lang='lat' dir='ltr'>quibus</span> <span class='ocrx_word' id='word_1_172' title='bbox 1024 2870 1101 2960; x_wconf 72' lang='lat' dir='ltr'>ipsc</span> 
     </span>
     <span class='ocr_line' id='line_1_24' title="bbox 79 2981 1101 3075; baseline -0.002 -27"><span class='ocrx_word' id='word_1_173' title='bbox 79 2981 239 3072; x_wconf 80' lang='lat' dir='ltr'>Scripturas</span> <span class='ocrx_word' id='word_1_174' title='bbox 261 2985 471 3075; x_wconf 86' lang='lat' dir='ltr'>increpabant</span> <span class='ocrx_word' id='word_1_175' title='bbox 484 2983 683 3052; x_wconf 85' lang='lat' dir='ltr'>Patriarchaa</span> <span class='ocrx_word' id='word_1_176' title='bbox 702 2993 735 3050; x_wconf 90' lang='lat' dir='ltr'>et</span> <span class='ocrx_word' id='word_1_177' title='bbox 756 2981 943 3074; x_wconf 85' lang='lat' dir='ltr'>Prophetas,</span> <span class='ocrx_word' id='word_1_178' title='bbox 959 3003 1017 3048; x_wconf 86' lang='lat' dir='ltr'>nos</span> <span class='ocrx_word' id='word_1_179' title='bbox 1036 3003 1101 3048; x_wconf 90' lang='lat' dir='ltr'>non</span> 
     </span>
     <span class='ocr_line' id='line_1_25' title="bbox 78 3087 1102 3185; baseline -0.003 -26"><span class='ocrx_word' id='word_1_180' title='bbox 78 3104 193 3181; x_wconf 86' lang='lat' dir='ltr'>oportet</span> <span class='ocrx_word' id='word_1_181' title='bbox 202 3096 375 3185; x_wconf 85' lang='lat' dir='ltr'>exprobare</span> <span class='ocrx_word' id='word_1_182' title='bbox 389 3096 448 3172; x_wconf 87' lang='lat' dir='ltr'>cis,</span> <span class='ocrx_word' id='word_1_183' title='bbox 465 3117 570 3184; x_wconf 89' lang='lat' dir='ltr'>neque</span> <span class='ocrx_word' id='word_1_184' title='bbox 586 3094 656 3162; x_wconf 89' lang='lat' dir='ltr'>lieri</span> <span class='ocrx_word' id='word_1_185' title='bbox 667 3092 784 3161; x_wconf 85' lang='lat' dir='ltr'>similes</span> <span class='ocrx_word' id='word_1_186' title='bbox 799 3093 915 3170; x_wconf 82' lang='lat' dir='ltr'>Chem,</span> <span class='ocrx_word' id='word_1_187' title='bbox 930 3091 987 3179; x_wconf 90' lang='lat' dir='ltr'>qui</span> <span class='ocrx_word' id='word_1_188' title='bbox 1005 3087 1102 3156; x_wconf 86' lang='lat' dir='ltr'>irrisit</span> 
     </span>
     <span class='ocr_line' id='line_1_26' title="bbox 79 3197 1102 3295; baseline -0.002 -28"><span class='ocrx_word' id='word_1_189' title='bbox 79 3203 294 3293; x_wconf 80' lang='lat' dir='ltr'>turpitudinem</span> <span class='ocrx_word' id='word_1_190' title='bbox 309 3206 407 3295; x_wconf 87' lang='lat' dir='ltr'>patris</span> <span class='ocrx_word' id='word_1_191' title='bbox 425 3206 486 3282; x_wconf 87' lang='lat' dir='ltr'>sui,</span> <span class='ocrx_word' id='word_1_192' title='bbox 508 3207 589 3272; x_wconf 89' lang='lat' dir='ltr'>etin</span> <span class='ocrx_word' id='word_1_193' title='bbox 607 3205 867 3273; x_wconf 84' lang='lat' dir='ltr'>meledictionem</span> <span class='ocrx_word' id='word_1_194' title='bbox 886 3201 1020 3275; x_wconf 71' lang='lat' dir='ltr'>decidit:</span> <span class='ocrx_word' id='word_1_195' title='bbox 1044 3197 1102 3266; x_wconf 89' lang='lat' dir='ltr'>sed</span> 
     </span>
     <span class='ocr_line' id='line_1_27' title="bbox 80 3310 1102 3406; baseline -0.006 -24"><span class='ocrx_word' id='word_1_196' title='bbox 80 3314 183 3402; x_wconf 74' lang='lat' dir='ltr'>gratias</span> <span class='ocrx_word' id='word_1_197' title='bbox 202 3337 293 3404; x_wconf 70' lang='lat' dir='ltr'>agere</span> <span class='ocrx_word' id='word_1_198' title='bbox 313 3319 373 3406; x_wconf 84' lang='lat' dir='ltr'>pro</span> <span class='ocrx_word' id='word_1_199' title='bbox 392 3314 453 3382; x_wconf 88' lang='lat' dir='ltr'>illis</span> <span class='ocrx_word' id='word_1_200' title='bbox 475 3316 557 3392; x_wconf 85' lang='lat' dir='ltr'>Dec,</span> <span class='ocrx_word' id='word_1_201' title='bbox 577 3317 729 3406; x_wconf 90' lang='lat' dir='ltr'>quoniam</span> <span class='ocrx_word' id='word_1_202' title='bbox 752 3316 785 3382; x_wconf 93' lang='lat' dir='ltr'>in</span> <span class='ocrx_word' id='word_1_203' title='bbox 811 3313 951 3380; x_wconf 79' lang='lat' dir='ltr'>adventu</span> <span class='ocrx_word' id='word_1_204' title='bbox 972 3310 1102 3379; x_wconf 89' lang='lat' dir='ltr'>Domini</span> 
     </span>
     <span class='ocr_line' id='line_1_28' title="bbox 83 3421 1101 3516; baseline -0.004 -24"><span class='ocrx_word' id='word_1_205' title='bbox 83 3425 171 3492; x_wconf 88' lang='lat' dir='ltr'>nostri</span> <span class='ocrx_word' id='word_1_206' title='bbox 182 3425 306 3496; x_wconf 78' lang='lat' dir='ltr'>mmissa</span> <span class='ocrx_word' id='word_1_207' title='bbox 318 3437 393 3493; x_wconf 91' lang='lat' dir='ltr'>sunt</span> <span class='ocrx_word' id='word_1_208' title='bbox 403 3427 449 3494; x_wconf 92' lang='lat' dir='ltr'>eis</span> <span class='ocrx_word' id='word_1_209' title='bbox 460 3438 592 3516; x_wconf 87' lang='lat' dir='ltr'>peccata</span> <span class='ocrx_word' id='word_1_210' title='bbox 607 3451 616 3493; x_wconf 78' lang='lat' dir='ltr'>s</span> <span class='ocrx_word' id='word_1_211' title='bbox 631 3427 751 3494; x_wconf 84' lang='lat' dir='ltr'>etenim</span> <span class='ocrx_word' id='word_1_212' title='bbox 765 3424 835 3493; x_wconf 87' lang='lat' dir='ltr'>illos</span> <span class='ocrx_word' id='word_1_213' title='bbox 847 3423 974 3491; x_wconf 82' lang='lat' dir='ltr'>dicebat</span> <span class='ocrx_word' id='word_1_214' title='bbox 984 3421 1101 3514; x_wconf 72' lang='lat' dir='ltr'>gratias</span> 
     </span>
     <span class='ocr_line' id='line_1_29' title="bbox 84 3531 1118 3626; baseline 0.004 -30"><span class='ocrx_word' id='word_1_215' title='bbox 84 3555 177 3622; x_wconf 75' lang='lat' dir='ltr'>agere,</span> <span class='ocrx_word' id='word_1_216' title='bbox 187 3531 392 3626; x_wconf 76' lang='lat' dir='ltr'>ctglorificari</span> <span class='ocrx_word' id='word_1_217' title='bbox 404 3535 437 3602; x_wconf 92' lang='lat' dir='ltr'>iu</span> <span class='ocrx_word' id='word_1_218' title='bbox 449 3547 557 3602; x_wconf 85' lang='lat' dir='ltr'>nostre</span> <span class='ocrx_word' id='word_1_219' title='bbox 569 3535 680 3604; x_wconf 87' lang='lat' dir='ltr'>salute.</span> <span class='ocrx_word' id='word_1_220' title='bbox 692 3537 741 3604; x_wconf 88' lang='lat' dir='ltr'>De</span> <span class='ocrx_word' id='word_1_221' title='bbox 753 3535 987 3626; x_wconf 85' lang='lat' dir='ltr'>quibusautem</span> <span class='ocrx_word' id='word_1_222' title='bbox 996 3531 1118 3622; x_wconf 74' lang='lat' dir='ltr'>Scrip‘</span> 
     </span>
     <span class='ocr_line' id='line_1_30' title="bbox 86 3643 1102 3736; baseline 0.003 -31"><span class='ocrx_word' id='word_1_223' title='bbox 86 3652 154 3710; x_wconf 71' lang='lat' dir='ltr'>turc</span> <span class='ocrx_word' id='word_1_224' title='bbox 173 3665 230 3712; x_wconf 89' lang='lat' dir='ltr'>non</span> <span class='ocrx_word' id='word_1_225' title='bbox 243 3643 430 3736; x_wconf 74' lang='lat' dir='ltr'>increpant,</span> <span class='ocrx_word' id='word_1_226' title='bbox 450 3646 507 3713; x_wconf 82' lang='lat' dir='ltr'>scd</span> <span class='ocrx_word' id='word_1_227' title='bbox 522 3645 709 3736; x_wconf 85' lang='lat' dir='ltr'>simpliciter</span> <span class='ocrx_word' id='word_1_228' title='bbox 731 3659 806 3712; x_wconf 82' lang='lat' dir='ltr'>sunt</span> <span class='ocrx_word' id='word_1_229' title='bbox 825 3644 947 3736; x_wconf 78' lang='lat' dir='ltr'>positae,</span> <span class='ocrx_word' id='word_1_230' title='bbox 964 3667 1021 3711; x_wconf 89' lang='lat' dir='ltr'>nos</span> <span class='ocrx_word' id='word_1_231' title='bbox 1037 3665 1102 3709; x_wconf 93' lang='lat' dir='ltr'>non</span> 
     </span>
    </p>
   </div>
   <div class='ocr_carea' id='block_1_6' title="bbox 87 3751 1103 3846">
    <p class='ocr_par' dir='ltr' id='par_1_8' title="bbox 87 3751 1103 3846">
     <span class='ocr_line' id='line_1_31' title="bbox 87 3751 1103 3846; baseline 0 -26"><span class='ocrx_word' id='word_1_232' title='bbox 87 3751 186 3820; x_wconf 84' lang='lat' dir='ltr'>debere</span> <span class='ocrx_word' id='word_1_233' title='bbox 208 3752 274 3822; x_wconf 88' lang='lat' dir='ltr'>fieri</span> <span class='ocrx_word' id='word_1_234' title='bbox 296 3769 496 3824; x_wconf 87' lang='lat' dir='ltr'>accusatores</span> <span class='ocrx_word' id='word_1_235' title='bbox 522 3757 611 3844; x_wconf 90' lang='lat' dir='ltr'>(non</span> <span class='ocrx_word' id='word_1_236' title='bbox 634 3759 720 3828; x_wconf 84' lang='lat' dir='ltr'>enim</span> <span class='ocrx_word' id='word_1_237' title='bbox 747 3755 859 3826; x_wconf 78' lang='lat' dir='ltr'>sumus</span> <span class='ocrx_word' id='word_1_238' title='bbox 884 3753 1103 3846; x_wconf 76' lang='lat' dir='ltr'>diligentiores</span> 
     </span>
    </p>
   </div>
   <div class='ocr_carea' id='block_1_7' title="bbox 118 3880 654 3952">
    <p class='ocr_par' dir='ltr' id='par_1_9' title="bbox 118 3880 654 3952">
     <span class='ocr_line' id='line_1_32' title="bbox 118 3880 654 3952; baseline 0.013 -22"><span class='ocrx_word' id='word_1_239' title='bbox 118 3880 124 3913; x_wconf 87' lang='lat'><strong>¹</strong></span> <span class='ocrx_word' id='word_1_240' title='bbox 137 3881 190 3932; x_wconf 87' lang='lat' dir='ltr'>Luc.</span> <span class='ocrx_word' id='word_1_241' title='bbox 201 3897 249 3942; x_wconf 78' lang='lat' dir='ltr'>sn,</span> <span class='ocrx_word' id='word_1_242' title='bbox 264 3901 288 3948; x_wconf 81' lang='lat'>9.</span> <span class='ocrx_word' id='word_1_243' title='bbox 300 3913 330 3922; x_wconf 95' lang='lat'>-</span> <span class='ocrx_word' id='word_1_244' title='bbox 343 3883 354 3918; x_wconf 88' lang='lat'>²</span> <span class='ocrx_word' id='word_1_245' title='bbox 365 3887 443 3952; x_wconf 79' lang='lat' dir='ltr'>Apoc.</span> <span class='ocrx_word' id='word_1_246' title='bbox 459 3901 508 3944; x_wconf 81' lang='lat' dir='ltr'>sar,</span> <span class='ocrx_word' id='word_1_247' title='bbox 526 3895 572 3936; x_wconf 84' lang='lat' dir='ltr'>aet</span> <span class='ocrx_word' id='word_1_248' title='bbox 584 3903 654 3952; x_wconf 82' lang='lat' dir='ltr'>seqq.</span> 
     </span>
    </p>
   </div>
   <div class='ocr_carea' id='block_1_8' title="bbox 0 0 1301 4642">
    <p class='ocr_par' dir='ltr' id='par_1_10' title="bbox 0 0 1301 4642">
     <span class='ocr_line' id='line_1_33' title="bbox 0 0 1301 4642; baseline 0 0"><span class='ocrx_word' id='word_1_249' title='bbox 0 0 1301 4642; x_wconf 95' lang='lat' dir='ltr'> </span> 
     </span>
    </p>
   </div>
  </div>
 </body>
</html>
