2808 4688
277 254 318 318 58
634 269 745 314 sineri
769 269 943 313 ceauanrrs

275 391 382 448 autem
397 399 455 441 suo
469 375 514 440 sic
530 375 607 440 dixit
621 374 799 440 Dominus:
818 372 940 440 «Filius
952 395 1043 439 meus
1055 397 1088 440 es
1101 385 1136 439 tu
1144 397 1154 446 ;
1173 395 1243 462 ego
1261 373 1322 437 ho-

274 514 288 548 »
304 484 355 550 die
370 483 464 572 genui
479 495 521 548 te.
538 479 666 548 Postula
683 504 701 546 a
718 504 782 555 me,
797 491 830 544 et
844 481 927 546 dabo
942 481 999 546 tibi
1014 493 1122 570 gentes
1139 481 1321 546 haeredita-

274 605 367 656 »tem
385 603 486 664 tuem,
507 602 541 655 et
560 589 790 677 possessionem
810 601 899 652 tuam
917 589 1069 655 terminos
1086 603 1179 654 terrae
1195 589 1221 652 ⁸.
1241 617 1257 649 s
1285 591 1322 652 Et

274 702 390 765 iterum
406 699 483 764 dicit
499 699 539 763 ad
555 721 650 765 eum:
670 697 777 764 «Sede
793 721 810 762 a
825 697 943 762 dextris
958 697 1053 769 meis;
1074 697 1179 764 donec
1193 719 1319 785 ponam

274 836 288 870 r
303 808 449 872 inimicos
463 819 533 876 tuos
547 804 722 871 scabellum
737 805 856 894 pedum
869 818 999 869 tuorum
1011 804 1034 868 ².
1050 833 1062 866 ι
1079 805 1227 884 Quinam
1243 817 1320 869 sunt

275 917 394 981 inimici
410 917 439 1002 ej
445 915 503 981 usi
518 917 572 1003 qui
584 917 673 1003 pravi
686 927 759 980 sunt
767 947 777 990 ‚-
794 917 911 1002 quique
925 914 1038 980 divinae
1050 912 1207 979 voluntati
1222 936 1319 979 suam

275 1019 472 1086 voluntatem
486 1033 660 1108 opponunt.
698 1077 702 1082 .

318 1126 488 1194 XXXVII.
508 1125 678 1192 Militemus
695 1128 803 1215 igitur,
820 1128 878 1192 viri
894 1128 1018 1202 iratres,
1033 1126 1182 1194 omnibus
1192 1127 1318 1190 viribus

275 1237 309 1300 in
325 1234 551 1322 irreprehensis
566 1235 635 1322 ejus
651 1235 828 1322 preceptis.
847 1233 1092 1304 Consideremus
1111 1237 1238 1322 eosqui
1256 1235 1316 1298 suh

277 1345 410 1410 ducibus
432 1344 548 1410 nostris
572 1357 708 1418 merent,
734 1344 1006 1429 quemadmodum
1033 1344 1192 1418 ordinate,
1214 1365 1315 1431 qnam

276 1465 417 1527 strenue,
437 1475 501 1539 quo
522 1453 619 1518 modo
639 1453 794 1517 submisse
814 1452 967 1540 imperata
989 1464 1210 1541 exsequantur.
1240 1452 1314 1517 Non

276 1583 386 1626 omnes
410 1569 484 1626 sunt
505 1559 659 1648 praefecti,
683 1581 787 1647 neque
809 1559 942 1636 tribuni,
966 1583 1070 1647 neque
1093 1560 1312 1631 centuriones,

276 1691 381 1754 neque
403 1669 632 1757 quinquaginta
654 1665 791 1731 militum
812 1668 965 1754 praefecti,
987 1691 1091 1757 neque
1112 1692 1312 1756 consequen-

277 1777 358 1842 tium
373 1777 545 1865 graduum
564 1775 621 1841 sed
636 1774 851 1862 unusquisque
863 1777 896 1840 in
911 1799 968 1840 suo
980 1776 1104 1852 ordine,
1121 1779 1161 1842 ab
1178 1777 1314 1864 impera-

277 1897 345 1950 tore
360 1897 393 1948 et
408 1884 543 1950 ducibus
558 1882 706 1948 mandatu
721 1884 853 1970 peragit.
872 1882 977 1972 Magni
993 1885 1060 1950 sine
1075 1885 1179 1972 parvis
1195 1883 1311 1949 consis-

276 2006 344 2058 tere
360 2004 534 2078 nequeunt,
550 2015 654 2079 neque
665 1993 753 2080 parvi
768 1992 836 2057 sine
851 1994 992 2081 magnis:
1011 1993 1211 2059 necessitudo
1226 2016 1313 2082 quae·

278 2103 403 2175 damet
417 2101 605 2188 temperatio
620 2102 653 2166 in
668 2103 815 2169 omnibus
830 2103 946 2179 existit,
968 2125 1006 2168 ac
1026 2104 1059 2168 in
1074 2103 1122 2167 his
1141 2125 1225 2166 usus.
1250 2102 1314 2167 Su·

277 2232 402 2276 mamus
420 2232 535 2297 corpus
554 2202 716 2275 nostrum‘
732 2233 739 2273 :
765 2223 862 2298 caput
876 2213 997 2300 absque
1008 2211 1135 2300 pedibus
1149 2207 1228 2274 nihii
1242 2221 1313 2282 ost,

279 2319 324 2382 sie
346 2339 450 2403 neque
471 2318 568 2406 pedes
587 2319 705 2405 absque
719 2317 851 2406 capite:
885 2319 1018 2386 minima
1037 2327 1138 2382 autem
1159 2315 1313 2403 corporis

278 2428 377 2492 nostri
392 2429 550 2504 membre,
566 2431 742 2496 necessaria
758 2442 790 2494 et
805 2428 894 2494 utilia
910 2441 984 2495 sunt
999 2429 1058 2494 toti
1071 2427 1218 2514 corpori:
1237 2435 1311 2489 tum

279 2534 423 2599 universa
440 2533 635 2622 conspirant,
652 2549 685 2600 et
699 2538 740 2601 ad
755 2538 1029 2603 conservationem
1045 2535 1142 2600 totius
1158 2557 1221 2599 una
1238 2535 1311 2599 sub·

278 2640 417 2728 jectione
432 2656 578 2708 utuntur.

321 2750 507 2818 XXXVIII.
535 2752 687 2818 Servetur
710 2756 816 2842 itaque
839 2767 943 2820 totum
968 2775 1083 2842 corpus
1110 2764 1254 2818 nostrum
1277 2750 1309 2813 iu
1367 2783 1368 2842 q

281 2858 409 2925 Christo
432 2860 525 2933 desu3
555 2873 589 2926 et
612 2864 827 2950 unusquisque
852 2863 997 2951 proximo
1024 2883 1080 2926 suo
1111 2859 1307 2949 subjicietur,

280 2969 367 3054 juxta
384 2968 490 3055 gratim
506 2967 627 3034 donum
643 2970 701 3057 ipsi
717 2971 909 3058 assignatum
923 2969 945 3032 ⁶.
967 2969 1071 3035 Fortis
1086 2991 1128 3033 ne
1144 2979 1310 3032 contume—
1367 3033 1368 3036 ,

220 3141 227 3151 ,
280 3073 320 3138 lia
341 3073 459 3140 afficiat
474 3074 680 3148 imbecillem
703 3076 870 3144 imbecillis
884 3101 959 3144 vero
973 3077 1089 3142 sortem
1108 3087 1308 3140 revereatur:

280 3184 367 3250 dives
379 3186 511 3274 pauperi
522 3183 674 3276 largietur
679 3212 688 3260 ;
704 3211 825 3276 pauper
837 3211 912 3253 vero
924 3189 1038 3276 gratias
1050 3198 1122 3276 agat
1132 3185 1215 3262 Deo,
1228 3181 1314 3272 quod
1367 3167 1368 3196 ¹

280 3293 309 3358 ei
321 3291 444 3358 dederit
458 3291 517 3381 per
532 3316 627 3382 quem
637 3295 744 3383 inopia
759 3296 828 3383 ejus
841 3294 1044 3384 suppleatur:
1067 3293 1192 3382 sapiens
1208 3303 1314 3356 osten·

280 3399 335 3467 dat
350 3402 535 3490 sapientiam
551 3426 654 3480 suam,
671 3427 735 3470 non
747 3405 780 3470 in
793 3404 910 3480 verbis,
923 3405 979 3470 sed
990 3404 1023 3470 in
1034 3402 1127 3470 bonis
1139 3402 1311 3492 operibus:
1367 3447 1368 3496 q

280 3503 408 3590 humilis
424 3529 490 3572 non
508 3509 567 3573 sibi
583 3510 801 3576 testimonium
817 3510 914 3584 feratr
934 3510 990 3576 sed
1006 3511 1088 3575 sinat
1103 3521 1139 3572 ut
1160 3505 1241 3572 alter
1258 3506 1315 3595 ipsi

281 3611 447 3698 perhibeat
458 3615 697 3684 testimonium:
716 3617 770 3705 qui
782 3640 879 3684 carne
891 3629 996 3686 castus
1008 3629 1068 3691 est,
1081 3640 1122 3681 ne
1133 3613 1314 3688 insolescat,
1367 3601 1368 3608 ἵ

283 3721 384 3786 sciens
403 3719 501 3788 alium
517 3747 589 3791 esso
609 3727 663 3813 qui
682 3728 712 3792 ei
736 3727 969 3795 continentiam
984 3727 1091 3792 donat.
1119 3723 1316 3813 Reputemus

316 3849 402 3900 ’Prot
414 3869 444 3911 n,
455 3869 480 3917 7.
491 3880 522 3892 -
531 3847 542 3888 ¹
552 3854 616 3905 Psal.
627 3873 680 3915 cu,
695 3873 715 3904 r.
730 3885 760 3894 -
773 3857 782 3891 ¹
797 3875 805 3906 r
820 3858 879 3908 Gor.
893 3875 937 3908 ιιι.
949 3885 979 3896 -
989 3857 999 3890 ⁴
1010 3874 1020 3906 ι
1035 3856 1091 3906 Pet.
1102 3870 1126 3915 v,
1140 3855 1164 3902 5·

637 4073 650 4130 t
