2616 4620
346 231 405 294 158
686 253 709 292 s.
736 251 764 294 a.
791 253 819 295 n.
848 253 1014 298 aurorum

341 356 486 424 »minare
506 355 660 422 Dominus
684 357 769 424 Deus
791 357 831 425 dc
852 359 951 424 humo
973 381 1095 426 omnem
1113 363 1254 451 arlauno.-

339 463 616 554 »concupiscibilis
630 477 698 530 erat
712 465 804 540 visui,
822 479 854 532 et
870 467 1039 533 commoda
1055 469 1085 536 in
1099 469 1184 534 cibun
1195 495 1201 532 ε
1212 485 1230 532 u
1241 497 1256 532 o

339 576 424 640 abor
438 575 508 641 vitu
526 583 594 638 crat
617 573 648 638 in
668 572 773 640 medio
795 573 891 649 horti,
907 586 1007 664 atquc
1027 576 1115 642 arhor
1126 577 1256 642 coenula

339 697 396 750 net
422 683 508 752 muli.
532 685 572 774 Et
596 681 710 748 lluvius
737 683 959 772 egrediebatur
986 685 1027 752 do
1047 685 1129 750 Edon
1151 687 1182 750 ad
1199 689 1256 754 ἰπὶ.

338 822 350 855 ι
365 793 441 857 dum
455 791 597 866 hortum,
609 791 682 856 inde
697 789 894 864 dividebatur
908 793 942 857 in
958 805 1093 881 quatuor
1106 795 1196 882 capita.
1207 797 1256 860 loo:

337 901 456 966 iunius
473 899 588 966 Phison
609 923 617 963 :
642 900 707 988 ipsc
729 902 850 988 estqui
872 901 990 968 circuit
1012 915 1108 968 totam
1127 905 1256 968 terranlr·

338 1007 443 1084 nlath,
461 1007 517 1073 uhi
533 1020 580 1073 est
599 1030 721 1073 aurum.
740 1010 780 1076 Et
801 1031 914 1076 aurum
931 1021 1029 1077 terrae
1051 1009 1127 1077 illius
1142 1024 1180 1074 rst
1194 1014 1250 1076 loru

337 1129 413 1184 »est
435 1140 561 1204 quoque
580 1117 623 1182 ibi
645 1115 798 1182 bdellium
818 1127 850 1182 et
872 1116 952 1206 lapis
974 1119 1126 1206 prasinus⁴
1146 1118 1256 1184 llonerr:

335 1225 447 1292 alluvii
471 1225 599 1290 secundi
619 1223 708 1289 Geon
730 1247 738 1287 :
763 1225 827 1312 ipsc
847 1235 895 1290 est
915 1227 972 1312 qui
995 1227 1108 1292 circuit
1126 1239 1256 1290 totantrn

335 1365 347 1396 ι
362 1334 537 1424 AEthiopiae.
563 1333 661 1400 Porro
682 1356 797 1398 nomen
814 1333 899 1400 ssuaii
918 1335 1009 1400 tertii
1025 1335 1133 1426 Tigris,
1150 1348 1176 1400 et
1190 1335 1221 1399 hic
1231 1359 1243 1394 τι

336 1475 349 1506 ι
364 1446 404 1524 ad
416 1441 600 1509 orientalem
611 1441 735 1530 plagam
748 1441 881 1528 Assyriae
895 1466 903 1506 :
920 1455 953 1508 et
963 1455 1098 1531 quartus
1112 1443 1203 1508 liunus
1210 1443 1250 1504 orl

335 1585 347 1618 ι
363 1555 498 1643 phratca.
519 1550 604 1617 Tulit
623 1552 729 1639 itaque
742 1552 895 1618 Dominus
908 1552 998 1618 Deus
1014 1553 1177 1627 hominem,
1189 1575 1256 1640 qur·-

335 1675 458 1738 »ccrat
474 1675 506 1727 ct
521 1663 625 1749 posuit
640 1685 713 1728 eum
728 1662 761 1728 iu
775 1660 934 1737 Paradiso,
951 1673 991 1728 ut
1007 1663 1125 1730 coleret
1141 1676 1168 1726 et
1179 1661 1256 1726 curu

334 1773 470 1860 »ipsum
495 1770 711 1858 Praecepitque
730 1768 883 1835 Dominus
906 1771 994 1836 Deus
1019 1772 1131 1848 Adam,
1150 1769 1249 1836 nonai

333 1881 447 1946 iomni
464 1879 548 1968 liguo
569 1879 652 1944 horti
675 1880 870 1946 comedendo
893 1882 1047 1947 comedes
1066 1906 1074 1946 ι
1094 1882 1130 1946 dc
1148 1882 1252 1944 arbona

333 2021 345 2052 e
362 1990 498 2058 scientiar
514 1988 634 2054 boniet
649 1986 735 2062 mali,
753 2011 950 2076 nequaquam
967 1991 1119 2056 comedes
1133 2013 1166 2053 cx
1179 1987 1212 2051 illa
1222 1983 1256 2046 :i

332 2130 345 2162 a
359 2101 412 2186 qui
427 2119 625 2185 quacumquo
644 2097 695 2162 die
712 2097 886 2163 comederis
901 2121 939 2162 ex
954 2122 1008 2174 eo,
1025 2098 1177 2164 moriendo
1186 2095 1256 2172 nori.-j

331 2211 399 2274 »Et
419 2229 545 2272 rursum
565 2206 641 2270 dixit
662 2205 815 2272 Dominus
837 2207 920 2272 Deus
937 2229 945 2270 τ
965 2207 1041 2274 Non
1062 2221 1110 2273 cst
1126 2201 1256 2292 honunrll

331 2319 459 2384 »Adam
474 2315 571 2393 solus,
587 2303 737 2388 sociamus
760 2315 804 2380 illi
825 2317 1022 2404 adjutorium
1038 2316 1136 2383 simile
1153 2315 1200 2403 ipsi.
1214 2312 1245 2388 lag

330 2426 502 2490 »formavit
523 2425 676 2490 Dominus
698 2424 841 2504 Deuade
864 2425 961 2505 humo
976 2449 1113 2492 omnem
1129 2423 1255 2500 hostiur:

330 2546 389 2599 »et
404 2558 498 2599 omno
518 2531 642 2598 volatile
664 2532 749 2608 caeli,
770 2533 962 2620 adduxitque
981 2535 1027 2600 od
1046 2535 1156 2610 Adam,
1172 2527 1255 2596 usur

329 2673 341 2704 ι
356 2644 516 2731 quomodo
527 2641 696 2731 appellaret
708 2642 796 2708 illud.
808 2643 911 2712 Omne
922 2645 1010 2712 enim
1023 2647 1111 2735 quod
1121 2631 1253 2712 Adnoal

328 2755 388 2819 »in
412 2754 516 2818 anima
537 2753 672 2824 virente,
694 2750 772 2818 illud
794 2775 909 2820 nomeu
929 2755 1009 2840 ejus.
1036 2756 1136 2844 Igitur
1149 2745 1255 2818 volita

326 2862 447 2928 »honio
468 2862 595 2928 nomina
617 2863 731 2950 cuique
751 2863 894 2949 jumento
918 2875 952 2930 et
968 2866 1089 2932 volatili
1111 2864 1173 2932 culi
1187 2854 1255 2934 anull

326 2974 460 3038 »bustim
479 2972 553 3059 agri.
577 2971 679 3036 uldam
699 2983 806 3055 autem
831 2995 894 3040 non
917 2973 1136 3042 inveniebatur
1153 2963 1255 3056 adjutoria

325 3109 338 3142 »
352 3078 451 3158 similo
463 3077 531 3166 ipsi.
544 3077 582 3142 Et
596 3077 668 3142 lecit
680 3076 764 3142 illabi
776 3079 929 3146 Dominus
940 3081 1026 3148 Deus
1038 3103 1172 3172 soporem
1182 3069 1250 3140 inllt

323 3203 383 3256 »ct
406 3188 608 3262 ohdormivit,
634 3187 765 3275 tulitque
787 3212 880 3254 unam
902 3213 941 3254 ex
962 3194 1059 3258 costis
1075 3191 1160 3262 illius,
1173 3197 1197 3252 et
1211 3179 1250 3244 clar·

322 3331 335 3362 »
351 3323 478 3366 carnem
490 3321 548 3386 pro
559 3319 607 3362 ea.
626 3298 666 3361 Et
677 3297 843 3364 edificavit
855 3300 1008 3368 Dominus
1023 3303 1107 3368 Deus
1118 3307 1254 3374 οοεωωψ1

320 3417 514 3495 »acceperat
537 3405 576 3470 dc
598 3405 738 3482 homine,
763 3408 794 3472 in
815 3408 994 3487 mulierem,
1013 3424 1046 3476 et
1068 3392 1254 3476 addixitrul

320 3517 458 3582 »Adam
484 3517 524 3580 Et
544 3515 587 3579 ait
609 3514 710 3583 Adam
728 3538 735 3579 :
754 3517 822 3580 lloc
845 3541 930 3583 nunc
946 3541 981 3583 os
1004 3521 1043 3584 de
1066 3507 1254 3584 ossibusnria*

318 3651 420 3692 »caro
436 3626 474 3692 de
496 3647 590 3690 carne
614 3648 694 3690 mco.
716 3625 797 3690 llinc
817 3629 981 3708 vocabitur
996 3630 1110 3718 virago,
1131 3649 1162 3692 ao
1179 3609 1254 3708 qfltl'l

318 3765 330 3796 »
346 3736 412 3799 viro
428 3746 550 3822 sumpta
566 3733 604 3798 sit
628 3734 702 3820 ipsa.
725 3733 892 3821 Propterea
909 3737 1033 3806 deseret
1049 3738 1094 3802 vir
1108 3733 1254 3824 panenou

318 3855 376 3910 »ct
397 3856 529 3909 matrem
552 3865 653 3922 suam,
678 3857 710 3909 et
731 3844 863 3910 haerebit
883 3867 956 3912 cum
984 3871 1077 3914 uxore
1097 3867 1154 3916 sua,
1167 3841 1254 3910 autllll
