2688 4626
244 245 314 314 'aba
550 271 663 314 cancri
685 269 805 314 marana
828 269 979 314 ascranae

254 377 451 468 prophetam.
471 375 524 442 Sic
543 388 651 442 nutem
672 398 704 442 se
720 377 838 444 babent
857 399 865 442 ε
882 377 995 445 «Ecce
1010 390 1170 468 tanquam
1184 376 1284 444 iiiios

254 515 267 548 a
282 487 419 554 bominis
433 485 517 552 venit
532 485 565 550 in
581 486 720 550 nubibus
731 483 816 560 coeli,
828 497 861 550 et
876 485 987 574 Angcli
1002 489 1075 575 ejus
1087 485 1250 554 cnmen'.
1265 517 1277 544 ι

297 593 364 660 Ltl.
388 593 548 672 Quoniam
563 591 659 682 igitur
679 614 749 679 que
769 602 944 657 evenerunt
962 593 1029 680 jam
1052 594 1164 658 omnia
1180 605 1282 657 osten-

255 703 359 768 dimus
368 703 531 790 prodicta,
542 715 713 790 antequam
724 701 899 776 evenirent,
911 722 970 790 per
982 702 1164 792 Prophetas
1176 701 1278 768 fuisse:

255 831 383 874 necesse
397 821 444 874 est
459 819 492 873 et
506 831 543 872 ea
558 831 628 896 quae
639 807 782 874 similiter
792 807 943 895 praedicta
956 822 1044 884 sunt,
1061 831 1103 874 ac
1119 807 1278 896 aliquunde

255 915 413 988 evenient,
424 916 560 981 ‚omnino
575 928 724 982 eventura
742 914 882 980 credere.
902 916 1192 994 Quemadmodum
1199 918 1279 1008 'enim

256 1047 293 1088 ea
308 1046 377 1110 quae
393 1025 458 1112 jam
470 1037 655 1099 evenerunt,
667 1024 817 1112 praedicta
832 1034 864 1089 et
878 1025 1021 1112 ignorata
1037 1037 1233 1098 eveneruntc
1246 1027 1281 1088 ita

258 1143 290 1202 et
306 1153 375 1218 quae
391 1142 573 1220 supersunt,
593 1130 733 1220 quamvis
754 1130 939 1218 ignorentur
960 1153 1000 1196 ac
1019 1153 1089 1196 non
1105 1131 1278 1202 credentum

257 1239 412 1305 evenient.
429 1241 610 1304 Duosenim
620 1237 702 1304 iilius
714 1239 1095 1326 adventuapraedixerunt
1105 1239 1280 1327 Propheta:

260 1369 360 1412 unum
375 1346 516 1434 quidem,
533 1347 587 1432 qui
599 1348 665 1434 jam
679 1347 837 1411 exhibitus
854 1355 915 1420 est,
932 1357 1092 1433 tanquam
1105 1347 1236 1436 despecti
1252 1361 1282 1411 et

260 1453 414 1542 passibilis
435 1454 591 1526 hominist
612 1452 746 1518 alterum
767 1464 886 1528 nutem,
908 1455 1039 1541 quando
1066 1477 1143 1520 cum
1158 1453 1284 1544 gioriae

261 1562 348 1630 ooelis
364 1585 426 1628 una
447 1583 522 1627 cum
536 1559 679 1648 angelico
696 1563 792 1650 ipsius
806 1561 1163 1628 exercituadrenturus
1179 1564 1283 1651 predi-

262 1682 365 1744 catur,
385 1669 512 1758 quando
524 1679 556 1733 et
567 1691 701 1758 corpora
712 1669 914 1735 exsuscitabit
924 1670 1087 1744 omnium,
1101 1673 1283 1759 quicumque

261 1780 444 1852 extiterunt,
460 1778 642 1850 hominum
657 1800 695 1843 ac
711 1777 877 1866 dignorum
893 1777 1024 1864 quidem
1036 1801 1178 1867 corpora
1187 1779 1283 1844 induet

262 1885 511 1972 incorruptione,
532 1884 714 1972 iniquorum
733 1897 839 1950 autem
861 1885 892 1950 in
915 1897 1073 1972 perpetuo
1098 1911 1196 1952 sensu
1220 1911 1282 1953 curn

262 1994 364 2082 pravis
380 1993 574 2058 damonibus
589 1994 621 2057 in
634 1993 739 2082 ignem
754 2006 907 2058 aeteranm
922 1994 1039 2060 mittet.
1054 1996 1232 2074 Quomodo
1241 2021 1284 2060 au

261 2114 327 2168 tem
341 2103 411 2168 bac
425 2123 551 2190 quoque
565 2099 715 2188 predicta
731 2102 805 2176 sint,
817 2101 1032 2168 ostendemus.
1048 2101 1106 2168 Sic
1118 2103 1206 2170 enim
1219 2105 1285 2170 Eac-

263 2209 345 2280 chiei
360 2210 534 2296 propbeta:
555 2208 861 2298 «Coagmenmbitnr
875 2209 1025 2296 junctura
1041 2210 1082 2275 ad
1096 2210 1285 2298 juncturam,

264 2346 277 2380 a
292 2328 324 2380 et
335 2338 371 2380 os
383 2315 423 2381 ad
433 2339 485 2388 os;
503 2325 536 2382 et
551 2338 662 2382 carnes
678 2316 782 2382 denuo
795 2331 998 2384 succrescent
1006 2317 1028 2381 ².
1048 2321 1090 2386 Et
1101 2345 1186 2409 genu
1197 2345 1286 2386 omne

266 2425 476 2492 »curvabitur
495 2423 645 2500 Domino,
665 2435 698 2486 et
719 2424 823 2489 omnis
845 2422 951 2513 lingua
971 2424 1179 2492 confitebitur
1195 2427 1280 2492 ci'.»

267 2534 362 2614 Quali
376 2547 484 2598 autem
498 2533 531 2598 in
547 2555 641 2597 sensu
655 2542 687 2596 et
701 2533 843 2597 cruciatu
860 2532 958 2598 saturi
973 2533 1038 2600 sint
1056 2535 1160 2620 iniqui,
1177 2535 1285 2598 audite

268 2665 337 2730 quae
353 2641 496 2707 similiter
510 2664 548 2704 ea
563 2638 602 2704 de
623 2661 657 2703 re
679 2637 762 2704 dicta
784 2651 866 2704 sunt.
891 2639 946 2707 Sic
964 2651 1066 2707 autern
1085 2663 1116 2705 ae
1132 2641 1277 2706 babent:

276 2749 424 2818 «Vermis
444 2770 555 2814 corum
571 2771 635 2813 non
651 2746 804 2834 sopietur,
820 2757 853 2812 et
867 2747 946 2836 ignia
966 2771 1074 2814 eorum
1087 2769 1151 2813 non
1164 2749 1287 2813 exstin-

269 2858 452 2948 aguetuc⁴2
473 2869 532 2922 »et
555 2867 633 2921 tunc
652 2879 707 2920 eos
725 2855 903 2942 paenitebit,
927 2879 1004 2922 cum
1027 2855 1103 2922 nihii
1123 2879 1289 2945 promerc-

269 2969 360 3034 bunt.
389 2966 544 3044 Quaenam
567 2973 674 3029 autem
704 2963 819 3027 dicturi
845 2963 908 3028 sint
927 2963 1037 3050 popuii
1054 2965 1239 3030 Judaeomm
1261 2975 1289 3028 et

270 3076 400 3150 facturi,
423 3098 498 3141 cum
518 3097 592 3140 aum
615 3073 768 3138 videbunt
788 3094 862 3137 cum
883 3071 981 3162 gioria
999 3073 1239 3148 advenientem,
1253 3076 1292 3139 sic

269 3183 438 3252 Zacharias
452 3181 605 3272 propheta
622 3182 788 3270 praedixit:
805 3207 817 3240 ι
832 3181 1015 3269 Praecipiam
1031 3194 1176 3268 quatuor
1192 3186 1292 3256 ventis,

271 3321 283 3358 ι
301 3305 335 3358 ut
349 3301 541 3379 congmgcnt
552 3289 709 3376 dispersos
720 3287 835 3354 liberos
850 3311 858 3353 ε
872 3289 1052 3378 praecipiam
1063 3292 1195 3369 Borcae,
1211 3305 1246 3358 ut
1258 3293 1293 3356 ic·

272 3429 285 3462 a
300 3411 361 3476 rat,
378 3410 410 3465 et
421 3401 537 3465 Austro
553 3409 586 3461 ut
598 3419 638 3461 ne
654 3397 806 3484 impingat
814 3397 835 3462 ⁵.
849 3398 889 3462 Et
901 3409 970 3464 tum
980 3400 1013 3466 in
1025 3402 1232 3470 Hierusalem
1246 3405 1295 3468 crit

272 3536 286 3568 a
301 3506 445 3594 planctus
453 3509 576 3597 ingens;
588 3529 651 3572 non
661 3505 805 3593 planctus
813 3507 876 3571 oris
884 3519 938 3573 aut
948 3508 1120 3588 labiorum,
1131 3513 1193 3578 sed
1200 3513 1296 3602 piant-

273 3637 288 3678 υ
302 3626 353 3678 tus
365 3616 487 3681 cordis:
502 3626 534 3680 et
552 3637 617 3682 non
634 3612 779 3680 scindent
789 3615 972 3683 vestimenta
984 3641 1053 3696 sua,
1066 3621 1125 3686 sed
1135 3621 1296 3689 mentcs‘:

306 3763 389 3813 *Dran
404 3780 450 3824 ru,
465 3765 657 3816 13.-¹Enech.
671 3783 766 3824 xxxvii,
776 3783 800 3830 7,
815 3766 839 3817 8.
848 3795 878 3807 ·-
888 3767 898 3800 ⁸
908 3763 973 3820 Enni.
985 3786 1040 3830 xcv,
1053 3771 1148 3830 nie-⁴
1158 3775 1231 3824 hai.
1243 3792 1299 3832 cru,

277 3850 316 3908 ad.
327 3875 358 3886 -
368 3847 378 3882 ⁸
390 3847 467 3898 chb.
482 3865 517 3910 xa,
529 3850 552 3898 6.
567 3851 618 3888 -0
632 3850 708 3900 Zach-
722 3865 767 3911 nn,
780 3866 818 3899 ιι.
