2516 4636
343 317 466 364 coarat
489 315 640 363 annuens.
941 291 1003 358 555

2 423 84 492 ntbo
94 423 300 492 innominatus
310 435 378 492 erat
388 423 570 498 bominibus
587 443 742 498 errorem,
754 431 787 486 et
797 417 899 488 multo
916 420 1004 509 prius

2 558 13 600 a
33 535 151 625 hirqui
173 533 324 602 dicuntur
342 532 518 609 Nicolaitae,
541 533 595 621 qui
616 543 692 600 aunt
710 529 811 598 rulaio
829 531 911 621 ejus,
932 553 1004 620 quae

4 639 56 708 lso
70 643 312 733 cognominatur
328 643 472 719 scientia,
489 653 525 706 ut
540 642 747 710 confunderet
761 663 829 716 eoa,
841 652 875 708 et
890 641 1003 706 suade-

2 765 24 818 =t
41 751 192 841 quoniam
207 775 289 820 unua
299 752 385 819 Deua
400 751 457 841 qui
470 750 576 818 omnia
587 751 662 818 lecit
673 773 729 844 per
740 749 883 820 Verbum
894 771 1003 824 auum,

2 883 104 937 mon,
120 861 387 949 quemadmodum
403 859 448 926 illi
463 859 587 936 dicum,
602 857 738 926 alterum
756 859 886 948 quidem
905 856 1004 924 labri-

2 981 135 1048 rtorem,
151 969 250 1037 alium
264 982 372 1036 autem
390 969 517 1036 Patrem
531 969 676 1043 Domiui;
702 979 734 1034 et
756 967 853 1034 ulium
873 967 1004 1056 quidem

3 1080 174 1146 bricatoria
182 1077 441 1156 filium,alterum
451 1101 526 1144 vero
538 1078 579 1146 do
589 1077 816 1168 superioribus,
829 1061 1004 1153 (ihriatum,

2 1213 74 1256 aem
82 1199 115 1255 et
122 1187 346 1278 iuapaaaibilem
358 1209 586 1277 perseverasse,
598 1185 844 1253 descendentem
855 1185 1005 1252 inlesum

2 1301 82 1366 lium
98 1300 308 1377 lubricatoria,
324 1311 357 1366 et
378 1300 495 1365 iterum
513 1295 668 1366 revolasse
685 1298 717 1364 in
735 1319 829 1364 auum
843 1293 986 1366 Pleroma
991 1321 1002 1372 ς

2 1437 7 1473 ι
26 1410 154 1479 initium
168 1411 298 1500 quidem
313 1431 382 1478 eoae
395 1408 618 1499 Monogenem,
635 1407 746 1498 Logon
768 1420 877 1474 autem
893 1431 1004 1475 verum

2 1520 78 1586 lium
94 1519 267 1608 Unigeniti;
285 1531 318 1584 et
339 1540 410 1584 eam
431 1516 648 1586 conditionem
672 1540 742 1604 quaa
760 1529 809 1584 eet
829 1516 1007 1584 secundum

2 1653 46 1705 aa,
63 1651 160 1696 nona
181 1629 286 1719 primo
302 1629 370 1696 Deo
392 1627 521 1706 lactum,
539 1628 595 1694 aed
613 1625 771 1694 aVirtute
792 1626 895 1716 aliqua
918 1625 1008 1694 vuldo

2 1761 129 1806 eoraum
143 1741 302 1830 subjecta,
318 1747 352 1806 et
368 1740 505 1808 abaciam
523 1740 562 1806 ab
580 1761 693 1806 eorum
707 1739 1007 1816 communicatione.

2 1875 47 1916 ιω
63 1862 136 1916 aunt
148 1849 313 1918 invisibilia
323 1861 357 1916 et
366 1848 617 1918 innominabilia.
630 1850 746 1918 Omnia
756 1851 853 1941 igitur
864 1850 936 1918 talia
948 1851 1009 1918 oir-

2 1958 192 2026 rmacribere
206 1957 314 2026 volens
325 1958 505 2050 Discipulos
516 1959 657 2037 Domini,
673 1971 705 2026 et
720 1958 861 2050 regulam
871 1961 1009 2030 verioris

2 2065 172 2132 instituere
182 2065 215 2132 iu
229 2065 384 2144 Ecclesia,
395 2067 470 2155 quia
481 2077 623 2134 eatunua
634 2068 720 2135 Deua
732 2068 943 2158 omnipotens,
954 2069 1008 2158 qui

3 2199 33 2240 ar
45 2173 189 2242 Verbum
201 2197 295 2242 auum
307 2176 413 2244 omnia
424 2176 513 2254 lecit,
525 2190 557 2244 et
575 2177 708 2246 visibilia
723 2187 756 2244 ot
774 2177 956 2254 invisibilia3
971 2179 1009 2246 ai·

4 2284 130 2354 ailicana
152 2309 291 2376 quoque,
314 2289 465 2377 quoniam
488 2311 545 2378 per
560 2286 716 2366 Verbum,
740 2313 797 2378 per
817 2290 904 2378 qnod
923 2290 1008 2358 Deua

4 2395 111 2464 arlecit
125 2397 355 2475 conditionem,
372 2397 405 2466 in
420 2397 484 2466 boc
504 2409 537 2464 at
555 2395 691 2464 salutem
706 2397 755 2464 bia
776 2399 830 2487 qui
847 2400 880 2466 iu
896 2400 1009 2466 condi-

4 2527 65 2570 one
76 2505 305 2595 suntprmstitit
316 2507 517 2580 bominibus:
531 2506 576 2576 aio
592 2506 755 2575 inchoavit
766 2507 799 2574 in
816 2530 854 2574 ea
872 2530 943 2597 qnae
960 2519 1009 2574 est
1094 2572 1106 2597 ,

5 2615 154 2682 cundum
168 2615 374 2706 Evangelium
392 2617 536 2684 doctrina
552 2641 560 2684 ι
579 2645 593 2681 ι
612 2618 649 2685 ln
671 2617 826 2708 principio
847 2631 917 2685 erat
928 2617 1009 2686 Ver-

4 2727 97 2801 bum,
111 2737 145 2790 et
157 2723 301 2793 Verbum
311 2738 380 2792 erat
390 2725 477 2816 apud
486 2726 603 2802 Deum,
615 2737 649 2792 et
662 2726 750 2793 Daue
760 2737 829 2792 erat
840 2723 983 2792 Verbum
996 2749 1005 2792 z

4 2837 67 2900 boo
78 2845 147 2900 erat
161 2835 194 2902 in
204 2836 362 2925 principio
373 2835 459 2924 apud
476 2835 590 2901 Deum.
606 2833 722 2899 Omnia
734 2857 792 2924 per
805 2834 912 2923 ipsum
926 2833 1008 2901 facta

4 2951 93 3019 aunt,
108 2955 141 3008 et
156 2944 222 3010 aine
236 2944 305 3032 ipao
320 2943 440 3010 factum
455 2952 504 3008 eat
526 2940 615 3008 nihil.
637 2941 733 3022 Quod
754 2941 874 3008 sactum
896 2955 956 3022 eat,
974 2945 1008 3012 in

5 3053 75 3138 ipso
88 3051 150 3115 vita
165 3060 246 3125 erat,
261 3061 295 3116 et
306 3050 369 3117 ritu
381 3061 449 3117 erat
460 3049 515 3117 lux
526 3050 706 3127 hominum,
717 3064 750 3118 et
760 3050 814 3118 lux
824 3053 857 3121 in
870 3055 1007 3122 tenebris

9 3168 101 3236 ucat,
116 3170 149 3224 et
164 3161 304 3226 tenebrae
315 3183 388 3227 eona
400 3184 466 3228 non
482 3160 801 3252 comprehenderunt.
818 3162 945 3240 Omnia,
957 3166 1008 3232 in-

5 3269 87 3358 quit,
99 3292 157 3359 per
167 3269 274 3359 ipsum
284 3269 365 3338 sacta
378 3271 481 3338 sunt¹.
495 3302 508 3335 a
523 3272 562 3339 ln
577 3272 730 3340 omnibus
743 3287 878 3365 arguent
892 3288 924 3342 et
938 3275 1008 3344 haec

4 3401 44 3444 rae
61 3378 239 3446 secundum
250 3400 307 3444 noo
322 3388 371 3446 eat
382 3379 543 3448 conditio:
558 3404 623 3449 non
641 3383 729 3450 enim
742 3385 938 3452 concedetur
948 3387 1005 3466 eis,

5 3487 90 3552 oraio
104 3485 168 3552 dici
182 3509 219 3552 ea
233 3509 305 3574 quae
320 3500 393 3554 sunt
409 3488 490 3556 iufra
504 3487 650 3557 Pleroma
660 3493 811 3583 ipsorum.
831 3493 865 3560 si
877 3496 1007 3564 enimet

5 3619 44 3664 ec
55 3593 200 3662 Pleroma
212 3597 355 3686 ipsorum
366 3598 521 3676 continet,
534 3623 598 3668 non
609 3613 697 3668 extro
707 3614 756 3669 est
765 3615 852 3671 tanta
863 3604 921 3672 iata
932 3629 1007 3674 con·
1067 3661 1072 3670 .

6 3707 65 3782 tio,
82 3707 355 3794 quemadmodum
370 3709 567 3778 ostendimus
583 3713 616 3778 in
628 3736 666 3779 eo
681 3711 762 3780 libro
773 3715 826 3804 qui
837 3717 1006 3786 antohunc

6 3832 39 3892 tt
59 3817 85 3882 si
100 3830 208 3886 autem
223 3831 311 3887 extro
332 3819 477 3892 Pleroma
500 3834 573 3894 sunt
596 3824 678 3904 boe,
698 3826 785 3915 quod
799 3827 927 3918 quidem
942 3829 1005 3896 im-

6 3950 16 3986 ¹
34 3947 112 4000 loru.
126 3967 144 4012 a,
160 3967 168 4002 ι
183 3961 209 4006 ot
220 3967 294 4019 seqq.
