2772 4620
433 305 588 347 trotoott
610 305 762 348 suttune.
786 267 791 280 ·
1052 305 1113 367 πῃ

68 411 232 500 flagrasse
253 426 286 478 et
307 414 432 480 occisos
454 435 522 477 esse
544 413 673 479 scimus.
699 411 896 478 Heraclitum
918 412 1059 499 quidem,
1084 424 1118 474 ut

68 531 175 582 anteo
192 519 341 594 diximus,
358 531 392 584 et
406 518 588 584 Musonium
604 520 636 584 in
652 519 701 584 his
713 521 766 607 qui
781 533 887 585 nostre
898 525 991 584 aete'te
1006 518 1119 583 florue-

69 636 160 688 runt
179 638 211 690 et
226 625 305 691 ulios
319 626 477 691 novimus.
500 625 620 690 Fecere
635 627 721 690 enim
736 649 860 715 semper
874 626 1119 713 etqueeffeoere

70 731 261 806 doemones,
281 731 550 819 quemadmodum
570 733 868 809 demonstravimus,
882 739 925 800 'ut
939 735 992 822 qui
1008 736 1119 823 quovis

5 919 6 924 ἵ
73 838 185 903 modo
207 838 382 904 secundum
400 839 553 904 rationem
574 840 678 905 rivere
698 852 731 905 et
753 841 864 906 vitium
884 843 992 930 sugero
1012 842 1118 908 stude-

75 958 174 1020 rent,
195 948 217 1011 ii
235 970 345 1014 omnes
360 948 432 1012 odio
450 948 653 1015 haberentur.
674 949 805 1016 Minime
822 965 928 1017 eutem
943 954 1061 1018 mirum
1075 953 1115 1028 si,

75 1054 142 1140 qui
168 1077 232 1118 uon
254 1054 294 1118 ud
316 1067 440 1143 purtem
466 1053 602 1144 aliquam
625 1058 758 1124 rationis
784 1059 992 1125 disseminate
1019 1061 1116 1127 vitem

76 1162 249 1226 instituere
263 1162 404 1238 student,
425 1163 480 1228 sed
496 1161 537 1227 ed
552 1163 648 1228 totius
663 1162 774 1240 Verbi,
794 1166 826 1229 id
846 1177 894 1230 est
911 1165 1039 1240 Christi,
1049 1190 1116 1256 ,ρο-

78 1269 258 1358 guitionem
276 1281 308 1333 et
323 1269 637 1358 contemplationem,
648 1273 691 1337 'in
706 1283 760 1338 eos
780 1273 883 1338 multo
897 1276 1018 1360 majore
1037 1297 1116 1339 oon-

80 1375 158 1440 vioti
177 1375 336 1440 dromones
354 1377 424 1441 odio
441 1381 619 1452 concitentz
642 1381 696 1466 qui
715 1380 845 1467 quidem
865 1381 988 1446 debitas
1008 1379 1117 1468 poenus

79 1504 122 1546 ae
137 1480 288 1571 supplicio
304 1484 336 1547 in
351 1495 468 1550 aeterno
484 1487 555 1574 igne
571 1486 685 1554 inclusi
701 1488 893 1576 persolvent.
915 1489 998 1556 Nom
1012 1489 1037 1556 si
1053 1491 1117 1576 jum

79 1589 124 1652 ab
143 1587 325 1654 hominihus
344 1613 401 1678 per
420 1613 538 1657 nomen
558 1592 636 1658 Josu
656 1593 773 1659 Christi
795 1603 998 1684 superentur,
1016 1598 1119 1664 doou—
1198 1585 1201 1590 ¹

81 1707 231 1760 mentum
246 1710 294 1762 est
309 1698 407 1762 futuri
422 1697 483 1763 illis
498 1711 659 1765 eteorum
674 1699 850 1768 cultoribus
865 1704 898 1768 in
913 1717 1032 1770 aeterno
1047 1708 1118 1795 igue

83 1799 267 1888 supplicii'.
293 1803 341 1866 lte
365 1802 501 1867 enimet
521 1802 689 1893 Prophetae
705 1829 814 1872 omnes
829 1812 1118 1895 prenuntiaverunt
1233 1796 1243 1804 .

84 1907 246 1982 futurum,
262 1920 295 1973 et
308 1910 458 1996 magister
471 1922 579 1975 noster
593 1910 685 1978 Jesus
701 1912 836 1980 edocuit.

132 2009 192 2075 IX.
212 2010 277 2075 Sed
294 2035 334 2076 ue
349 2013 419 2100 quis
433 2013 515 2078 forte
529 2013 605 2080 item
619 2015 716 2092 dicet,
733 2021 817 2107 quod
834 2022 855 2086 ii
871 2026 924 2111 qui
940 2015 1117 2093 existimen-

86 2130 141 2181 tur
160 2116 352 2207 philosophi,
375 2122 523 2209 strepitus
546 2123 652 2190 inanes
670 2149 738 2192 esse
760 2149 799 2193 eo
813 2132 959 2198 terricula
981 2158 1051 2222 quae
1073 2138 1113 2201 de

83 2228 306 2315 improborum
326 2227 359 2294 in
382 2230 455 2318 igne
471 2243 589 2298 {eterno
610 2236 801 2302 cruciatibus
817 2238 964 2318 dicimus,
986 2266 1024 2309 eo
1045 2268 1114 2308 uos·

83 2347 168 2400 trum
188 2359 227 2401 eo
248 2321 391 2425 spectere
412 2341 614 2416 sententiam,
637 2355 671 2407 ut
692 2345 841 2411 virtutem
862 2349 1006 2418 homines
1023 2368 1111 2420 metu

84 2442 238 2508 conducti
259 2442 376 2519 colent,
398 2467 463 2511 non
482 2460 612 2536 propter
632 2451 728 2539 ipsius
747 2453 1030 2540 pulchritudinem,
1052 2485 1112 2527 neo

84 2550 160 2636 quie
177 2547 236 2614 iih’s
248 2549 368 2638 plocen
380 2557 495 2642 paucis
510 2561 722 2646 respondebo,
740 2563 799 2628 nisi
815 2565 856 2628 ito
873 2590 906 2630 se
919 2591 968 2632 ros
984 2569 1112 2644 hebeat,

82 2654 132 2719 rei
148 2653 251 2721 Deum
266 2681 330 2724 non
340 2683 421 2737 esse,
438 2662 500 2740 vel,
517 2665 542 2729 si
554 2665 606 2740 sit,
623 2666 741 2732 nullom
756 2668 922 2738 homiuum
938 2689 1050 2740 curum
1063 2701 1114 2763 ge·

82 2787 166 2838 rere,
189 2787 248 2831 neo
269 2767 443 2855 quidquem
461 2794 529 2836 esse
547 2773 697 2838 virtutem
716 2787 755 2864 et¹
768 2777 891 2854 vitium,
913 2803 950 2845 oo
969 2781 1074 2867 inique
1095 2807 1114 2847 ιι

82 2870 365 2960 legumlatoribus
390 2879 496 2964 puniri
524 2881 579 2966 qui
608 2881 761 2971 preclara
784 2862 937 2982 inditum¹
953 2900 1113 2980 transgre-

83 2979 225 3047 diuntur.
250 2982 315 3046 Sed
329 2984 402 3069 quie
419 2987 517 3074 iniqui
536 3011 600 3053 non
620 3002 706 3067 sunt,
727 3013 901 3080 eorumque
920 2995 1036 3066 Perens
1055 3024 1113 3066 eo-

84 3085 160 3147 dem
181 3109 252 3170 quae
273 3088 339 3174 ipse
360 3089 446 3164 feeit,
467 3091 571 3158 faeere
591 3117 649 3182 per
668 3095 809 3166 Verbum
829 3104 987 3191 praeeipit3
1010 3108 1111 3198 iniqui

85 3201 162 3253 sunt
194 3193 247 3275 qui
273 3195 318 3258 eis
347 3218 411 3261 non
441 3189 667 3289 obsequuntur.
702 3205 736 3270 Si
774 3209 843 3295 quis
871 3225 978 3279 eutem
1011 3219 1111 3282 verius

84 3296 254 3364 hominum
278 3301 362 3390 leges
387 3306 528 3392 objiciet,
548 3323 583 3390 et
604 3313 689 3401 opud
710 3314 785 3382 alios
808 3301 938 3406 quidem
960 3309 1110 3410 praeoluru

84 3406 231 3492 quaedem
255 3421 288 3472 et
310 3413 455 3498 quaedum
473 3417 574 3502 turpio
598 3422 719 3485 censeri
739 3423 836 3498 dicet,
858 3429 915 3492 sed
933 3453 1003 3516 quae
1016 3437 1109 3522 opud

84 3513 158 3580 istos
180 3518 296 3607 turpio,
318 3520 403 3608 opud
421 3519 497 3586 ulios
513 3525 676 3611 praeolere,
694 3542 726 3604 et
742 3554 811 3616 quae
825 3534 988 3626 praeolero,
1004 3546 1105 3632 turpia

83 3623 266 3698 existimari:
287 3629 313 3692 is
332 3628 441 3692 audiat
458 3631 533 3716 qnid
549 3655 584 3698 eo
603 3657 729 3724 quoquo
746 3637 786 3703 de
803 3663 836 3704 re
852 3641 1001 3714 dicemus.
1022 3652 1106 3720 Cum

117 3763 126 3795 ¹
139 3763 225 3816 Adhuc
236 3778 301 3816 errat
312 3777 414 3821 sanctus
428 3772 523 3840 ttarryr
537 3777 670 3828 ammodo
681 3779 803 3845 supplicia
819 3784 959 3836 demonum
976 3807 1053 3857 utque
1069 3796 1104 3844 ad

84 3857 222 3900 extremum
236 3851 357 3916 judicium
370 3854 471 3906 differri.
