2772 4610
318 273 470 318 nranouus
494 275 555 320 auu
578 275 742 320 rabanone
764 277 879 320 sunno.
1050 255 1110 320 aur

59 387 185 460 quntus
202 376 347 443 situum
362 377 531 444 Mosa-fiis
543 389 649 444 autam
660 378 795 446 libenter
805 393 839 446 et
850 382 929 448 eitra
939 378 1115 448 molestiam
1218 383 1223 388 ’

58 493 92 546 et
106 481 271 550 alacriter
288 485 404 550 audire
422 509 457 551 sa
470 487 694 562 asserentibus,
716 488 849 554 Exstam
868 488 951 563 haec,
972 489 1114 575 inquam,

59 593 92 655 in
110 615 155 656 eo
171 591 264 660 libro
288 595 345 681 qui
367 594 551 660 inscribitur
572 595 700 660 Exodus
718 618 726 660 ι
743 595 835 670 «Sed
855 597 941 662 enim
961 609 1034 684 post
1048 598 1115 662 dies

61 729 75 758 ι
92 700 225 767 multos
240 700 314 768 illos
329 713 474 768 mortum
488 714 537 768 est
552 725 606 769 rex
619 703 761 792 AEgypti,
777 715 810 770 et
825 705 1047 793 ingemuerunt
1058 704 1115 770 srlii
1173 785 1180 804 ἣ

64 837 79 871 ι
94 808 203 876 lsrael
217 811 264 876 ab
278 811 425 900 operibus
434 811 462 883 ’ς
479 839 492 873 ι
507 824 541 876 et
554 811 674 900 reliqua
687 811 837 899 usquead
851 811 929 878 illud
942 811 1115 880 :evadens

68 945 82 974 ι
99 937 275 1005 congrega
286 929 425 983 senatum
437 916 572 993 lsraelis,
584 929 617 984 et
629 919 716 984 dices
728 918 768 982 ad
778 941 849 984 eos:
863 919 1017 985 Dominus
1027 921 1113 986 Deus

70 1053 84 1084 ι
98 1035 244 1114 patrum
258 1037 430 1092 vestrorum
441 1027 585 1115 apparuit
600 1025 692 1102 mihi,
705 1028 790 1092 Deus
801 1027 974 1102 Abrabam,
986 1040 1017 1094 et
1028 1028 1113 1094 Deus

67 1133 202 1208 ulmo,
228 1146 268 1198 et
283 1133 370 1200 Deus
384 1134 499 1209 Jacob,
522 1134 630 1201 dicens
651 1158 659 1200 τ
677 1133 863 1200 Visitetione
883 1135 974 1200 visito
994 1159 1060 1210 vos,
1079 1148 1113 1200 et

66 1264 319 1330 »qumumque
334 1241 479 1308 aooidera
490 1241 577 1308 vobis
592 1239 626 1307 in
641 1240 810 1330 AEgypto².
825 1240 898 1320 add
908 1241 976 1308 baee
986 1241 1109 1330 adjeei:

66 1349 273 1439 lntelligitis‚
294 1373 316 1414 o
341 1350 412 1424 viri,
435 1372 532 1437 quem
557 1347 706 1440 angelum
727 1347 830 1416 Moses
852 1371 962 1414 seeum
987 1350 1020 1415 in
1042 1350 1114 1437 igne

64 1457 210 1524 flammas
228 1455 454 1545 colloquutum
469 1459 559 1533 dicit,
574 1481 650 1523 eum
665 1459 781 1546 ipsum,
797 1481 873 1524 eum
887 1458 974 1524 Deus
987 1458 1039 1532 sit,
1055 1457 1114 1523 de-

66 1565 190 1632 clarare
206 1565 310 1641 blosi,
325 1566 429 1632 Deum
443 1589 478 1632 se
491 1589 560 1632 esse
575 1567 737 1632 Abraham
748 1577 780 1631 at
795 1567 884 1632 lsaae
895 1577 927 1630 et
937 1564 1063 1631 Jacob?

108 1675 181 1741 LX.
199 1676 248 1740 Et
259 1673 391 1762 Trypho
408 1697 417 1739 s
434 1674 506 1740 Non
521 1673 596 1749 boe,
613 1674 728 1762 inquit,
744 1671 948 1762 intelligimus
959 1673 1112 1738 exverbis

67 1809 84 1847 a
100 1795 133 1849 ta
148 1783 316 1859 recitatis,
328 1783 385 1850 sed
398 1783 547 1872 angelum
558 1784 689 1871 quidem
700 1783 796 1848 luisse
812 1806 887 1848 eum
899 1783 953 1871 qui
969 1783 1053 1848 visus
1065 1795 1113 1848 est

69 1895 104 1958 iu
118 1894 197 1982 igne
212 1892 365 1967 llammae,
377 1892 482 1958 Deum
496 1903 603 1958 autem
618 1914 694 1958 oum
707 1891 794 1956 Mosa
810 1889 1045 1979 colloquutumi
1069 1891 1112 1956 ita

73 2001 189 2065 utduo
198 2000 442 2090 simulangelus
450 2011 482 2066 et
489 2001 588 2075 Deus,
600 2001 633 2066 in
645 2001 705 2067 bae
716 2013 786 2066 tum
794 2001 912 2066 visione
921 2000 1109 2065 exstiterint.

119 2107 212 2174 'l'um
235 2131 292 2197 ego
311 2131 422 2174 rursus
442 2108 591 2196 respondi
613 2131 622 2172 ι
643 2107 786 2183 Etiamsi,
806 2109 949 2195 inquam,
972 2107 1005 2174 id
1027 2119 1108 2182 tum,

68 2217 185 2292 amici,
212 2216 333 2283 sactum
352 2228 436 2282 esset
457 2228 493 2281 ut
513 2215 644 2305 angelus
667 2228 700 2283 et
720 2216 805 2282 Deus
824 2214 918 2282 simul
937 2217 968 2280 in
992 2216 1109 2282 visione

64 2323 150 2388 blosi
165 2323 277 2390 oblata
293 2335 416 2397 essent3
442 2323 584 2411 prolecto
600 2324 654 2412 qui
673 2323 751 2388 dixit
766 2323 845 2390 llosi
864 2347 898 2392 se
913 2323 1019 2390 Deum
1041 2348 1109 2390 esse

69 2433 227 2506 Abrabae,
241 2432 404 2512 euveum
423 2433 524 2507 Isaac,
543 2444 576 2497 et
592 2432 695 2498 Deum
711 2433 826 2509 Jacob,
846 2434 885 2510 is,
906 2445 941 2498 ut
959 2434 1048 2500 vobis
1069 2457 1109 2498 ex

70 2542 183 2606 verbis
200 2543 266 2629 jam
286 2541 452 2631 descriptis
468 2542 718 2628 demonstratum
735 2555 796 2618 est,
812 2565 876 2609 non
894 2555 1018 2608 creator
1035 2543 1108 2608 uni-

68 2671 241 2714 versorum
254 2650 343 2715 Deus
354 2649 428 2723 erit,
438 2649 494 2715 sed
505 2650 591 2714 idem
601 2672 640 2716 ao
650 2647 703 2714 ille
716 2673 811 2737 quem
820 2651 953 2716 Abrahae
965 2662 997 2717 et
1007 2650 1107 2715 Jacob

69 2758 280 2846 apparuisse.
295 2779 335 2824 ao
349 2757 499 2824 creatoris
514 2757 733 2822 universorum
748 2756 901 2824 voluntati
916 2757 1107 2830 ministrare,

71 2868 211 2956 ejusque
225 2865 361 2934 consilio
376 2868 495 2956 pariter
508 2867 541 2932 in
557 2866 769 2932 Sodomorum
785 2866 904 2955 judicio
917 2865 1109 2930 ministrasse

73 2977 333 3043 demonstratum
350 2977 440 3043 vobis
454 2987 518 3050 ests
533 2977 574 3042 ita
591 2990 627 3043 ut
644 2977 780 3051 etiamsi,
792 2988 829 3042 ut
842 2975 957 3051 dicitis,
970 2975 1034 3040 duo
1044 2973 1110 3040 lue-

79 3083 147 3149 rint
156 3097 192 3150 et
203 3083 479 3174 angelusetDans,
490 3107 585 3150 nemo
595 3085 1026 3151 tamennonomninomente
1038 3107 1109 3172 cap·

81 3205 137 3256 tus
145 3191 311 3260 duetorem
323 3194 543 3260 universorum
554 3206 587 3259 et
596 3183 761 3283 parentem
772 3192 888 3260 relictis
901 3193 1047 3258 omnibus
1059 3215 1108 3257 su-

75 3299 318 3390 percoelestibus
326 3304 359 3370 in
374 3315 469 3392 parva
482 3315 573 3370 terre
586 3303 740 3391 particula
751 3304 853 3368 visum
865 3301 971 3368 dioere
981 3300 1105 3366 audeat.

120 3411 166 3478 At
182 3407 308 3500 Trypho
321 3437 331 3478 t
346 3411 616 3500 Quandoquidem
631 3412 881 3479 demonstratum
899 3422 1037 3476 osteum
1055 3409 1108 3496 qui

74 3520 162 3586 visus
178 3521 316 3589 Abrabe
329 3523 417 3590 Deus
435 3546 474 3592 ae
490 3523 645 3590 Dominus
662 3535 808 3597 vocatur,
819 3525 860 3588 ab
877 3545 916 3588 eo
934 3518 1036 3610 quiin
1047 3539 1109 3584 oce-

81 3629 120 3694 lis
134 3641 196 3706 est,
210 3631 352 3698 Domino
371 3631 531 3721 aeoepisse
552 3653 622 3720 quae
641 3643 732 3696 terre
750 3629 962 3696 Sodomorum
977 3626 1104 3699 inflixit:

77 3759 180 3812 nune,
198 3739 338 3804 etiamsi
355 3737 488 3829 angelus
503 3739 652 3806 adfuisset
674 3762 747 3806 oum
762 3739 831 3806 Deo
848 3739 902 3825 qui
919 3737 1110 3825 ldosi'appa-

109 3863 211 3914 ¹1lxod
223 3883 254 3926 n,
264 3867 304 3915 as.
316 3891 347 3906 -ι
356 3865 368 3900 ²
378 3866 461 3917 llxod.
473 3883 511 3924 ιιι,
524 3867 560 3916 rb'.
