2646 4628
401 331 522 382 coarat
544 331 691 376 aaaasas.
991 307 1051 394 239

34 431 194 518 'statuant
211 439 422 508 necesarium
436 433 717 520 esaecoutinentiae
732 453 769 498 ac
784 434 939 498 bonarum
956 433 1055 498 actia
1172 425 1178 439 “

40 573 118 616 num
128 549 279 625 studium,
291 558 328 612 ut
337 567 393 634 per
403 567 455 610 aas
467 543 507 608 ad
517 542 691 608 medietatis
702 540 808 606 locum
820 541 1054 628 perveniamus:

39 659 101 724 sibi
114 669 233 732 autem,
249 655 312 721 hoc
324 666 384 729 est,
396 664 432 718 ut
447 652 505 739 ipai
519 673 552 716 se
567 661 692 726 vocant,
714 648 924 738 spiritualibus
938 660 969 713 et
985 671 1059 736 per·

41 765 145 839 sectis,
159 763 411 850 haudquaquam.
427 757 535 845 Neque
546 758 631 822 enim
645 756 802 824 aetianam
812 756 932 821 aditum
943 755 982 821 ad
992 755 1059 819 Ple-

41 895 132 938 roma
142 872 281 943 munim
294 869 349 934 sed
360 890 479 941 semen,
492 865 575 952 quod
587 863 734 952 pusillum
743 862 961 952 quidemilline
971 863 1059 929 emit-

44 983 134 1055 titur,
151 979 204 1046 hic
218 989 323 1042 autem
339 973 488 1040 adolescit
498 995 536 1038 ae
552 971 724 1060 perficitur.

95 1145 129 1218 3·
147 1143 339 1237 Quomodo
359 1147 559 1240 Scripturas
573 1165 689 1212 sacras
703 1139 748 1214 ad
766 1163 873 1212 vanas
890 1143 1062 1240 interpre-

47 1255 201 1322 tationes
217 1250 456 1344 detorqueant
472 1248 609 1342 arguit¹
628 1272 636 1312 :

94 1403 148 1470 llis
163 1404 204 1468 ita
219 1405 258 1468 ab
274 1404 318 1469 eia
332 1403 454 1492 positis,
469 1401 737 1490 quemadmodum
754 1411 814 1468 n'cc
827 1402 990 1491 Prophetae
1006 1427 1065 1470 un-

49 1532 147 1595 quam
160 1509 381 1597 praedicarunt,
398 1531 458 1576 nec
474 1509 616 1574 Christus
636 1507 755 1583 docuit,
777 1531 837 1575 nec
850 1508 992 1598 Apostoli
1010 1522 1070 1577 tra·

52 1617 212 1694 diderunt,
228 1639 260 1682 se
275 1641 340 1706 prae
355 1617 475 1683 casaris
492 1614 677 1684 mortalibus
689 1639 796 1684 rerum
807 1618 949 1684 emnium
968 1619 1070 1685 scien-

53 1728 131 1792 tiam
141 1738 323 1816 perceptam
333 1725 449 1792 habere
461 1723 645 1814 gloriantur,
657 1726 801 1814 quadam
818 1725 963 1792 videlicet
980 1727 1019 1792 de
1036 1727 1072 1792 iis

55 1857 126 1921 quae
140 1832 315 1900 litterarum
330 1854 490 1898 sacrarum
504 1833 715 1898 monumentis
735 1831 976 1920 haudquaquam
999 1858 1074 1922 pro-

56 1942 123 2006 dita
139 1951 225 2015 sunt,
245 1939 421 2005 lectitantes
427 1963 436 2012 ;
455 1950 499 2012 et,
520 1939 604 2025 quod
620 1938 681 2004 dici
697 1937 787 2014 solet,
805 1938 913 2003 funem
928 1961 967 2003 ex
982 1963 1074 2006 arena

58 2058 187 2113 nectere
198 2046 371 2121 studentes,
383 2044 588 2136 probabiliter
598 2046 737 2120 interim,
749 2057 841 2132 atque
853 2047 892 2112 ad
902 2046 1077 2113 faciendam

59 2153 157 2219 fidem
171 2154 324 2242 apposite,
341 2151 389 2218 vel
402 2151 567 2241 parabolas
578 2151 729 2239 quasdam
743 2152 935 2228 Dominicas,
947 2153 995 2218 vel
1006 2155 1080 2220 Pro·

60 2261 202 2350 photices
228 2283 333 2337 voces,
355 2257 404 2325 rel
426 2259 604 2347 Apostolica
630 2261 725 2326 verba
748 2261 784 2325 iis
805 2283 873 2348 qum
898 2262 982 2328 dicta
1007 2275 1080 2328 sunt

62 2368 303 2436 accommodare
321 2379 487 2442 conantur,
509 2379 545 2432 nt
566 2390 606 2432 ne
628 2379 843 2454 commentum
858 2391 951 2435 suum
967 2369 1081 2437 nullius

64 2476 235 2542 testimonii
254 2476 439 2542 auctoritate
454 2476 511 2542 niti
527 2476 669 2542 videatur
683 2499 691 2540 t
711 2477 753 2540 ita
768 2487 873 2542 tamen
889 2488 924 2542 ut
938 2477 1083 2568 Scriptu-

66 2605 175 2648 rarum
186 2581 329 2647 ordinem
347 2583 523 2669 seriemque
539 2582 726 2660 transiliant,
739 2605 788 2658 ac,
802 2596 955 2671 quantum
966 2586 999 2651 in
1010 2587 1084 2675 ipsis

67 2704 127 2766 est,
141 2690 277 2756 veritatis
287 2692 428 2756 membra
442 2689 617 2756 dissolvant.
635 2691 869 2759 Transierantes
880 2695 978 2769 enim,
990 2718 1028 2760 ac
1039 2719 1085 2761 re-

69 2799 237 2887 fingentcs,
252 2810 345 2886 atque
357 2797 442 2864 aliud
453 2821 492 2864 ex
502 2797 563 2865 alio
580 2799 741 2874 facientes,
753 2799 916 2888 plerosque
932 2824 990 2889 per
1007 2801 1088 2868 divi-a

70 2929 185 2974 norum
194 2904 409 2980 oraculorum,
419 2930 487 2993 quaa
499 2905 655 2993 figmentis
667 2905 728 2970 suis
740 2906 901 2992 adaptant,
909 2929 1003 2994 prave
1015 2931 1088 2976 con-

72 3015 260 3080 sarcinatum
271 3012 477 3100 argutiam,in
488 3013 631 3077 fraudem
642 3013 805 3078 inducunt.
815 3013 948 3080 Perinde
956 3014 1088 3093 scilieet,
1188 3015 1191 3025 ’

74 3146 113 3188 ac
128 3123 237 3208 siquis
253 3123 332 3208 regis
349 3121 482 3208 imagine
498 3143 536 3185 ex
551 3122 720 3208 insignibus
735 3124 866 3210 gemmis
882 3125 921 3189 ab
935 3125 1088 3193 industrio

77 3228 214 3317 quodam
230 3227 348 3294 artifice
366 3227 497 3316 pulchre
513 3241 544 3294 et
559 3228 718 3319 eleganter
731 3230 900 3310 elaborata,
917 3239 1091 3324 subjectam

78 3339 213 3407 hominia
229 3339 361 3403 sormam
375 3338 488 3415 deleat,
505 3361 542 3404 ac
561 3363 699 3428 gemmas
719 3339 785 3408 illas
806 3343 983 3422 transierat,
998 3360 1092 3436 atque

79 3451 112 3514 in
128 3448 283 3514 diversum
300 3447 529 3522 accommodet,
543 3449 689 3538 canisque
705 3463 759 3516 aut
772 3452 871 3541 vulpis
886 3453 1019 3520 sormam
1031 3455 1095 3521 elli·

81 3558 155 3631 ciat,
167 3568 199 3620 et
214 3555 339 3642 quidem
355 3553 436 3621 male
448 3567 674 3635 constructam,
686 3581 724 3626 ac
735 3559 848 3626 deinde
863 3563 942 3632 serio
959 3563 1093 3630 affirmet

82 3665 164 3728 hanc
175 3685 242 3728 esse
253 3660 417 3750 pulchram
428 3661 513 3730 illam
528 3665 608 3753 regis
623 3667 791 3756 imaginem
805 3693 899 3759 quam
913 3673 1030 3761 peritus
1042 3670 1093 3739 ille

84 3771 194 3836 artilex
211 3771 394 3842 condiderat
414 3773 599 3857 (ostendens
615 3775 763 3846 nimirum
784 3801 921 3869 gemmas
942 3780 1008 3850 illas
1026 3803 1094 3871 quae

137 3897 198 3964 Cap.
214 3915 267 3960 arra,
280 3917 305 3950 n.
320 3918 339 3948 r.
