2648 4598
300 303 435 346 nsosrm
459 303 514 344 sno
538 301 741 346 crunrsrmms.
825 361 828 368 1
988 281 1023 341 81
1129 329 1131 334 ,
1227 277 1231 286 '

39 414 171 488 homines,
186 436 224 480 ac
235 410 350 499 templa
361 433 471 476 corum
486 408 628 498 sepulcre
645 432 712 474 esse
731 391 919 473 existiment.
942 407 1029 474 ldem

6 551 8 582 ÷
37 522 118 588 docet
129 521 331 610 Apollodorus
348 521 381 586 in
400 518 480 583 libro
494 517 533 583 de
553 502 620 583 diis.
638 517 724 596 Quin
738 516 833 582 etium
852 516 1031 582 Herodotus

36 651 131 692 eorum
143 628 353 716 perpessiones
364 626 511 713 mysteria
523 637 623 691 vocat.
640 625 699 690 «ln
714 625 792 692 urbo
803 624 954 690 Busiridis
973 624 1032 690 fes·
1120 699 1131 716 ,Ι

36 765 48 798 s
61 749 120 802 tum
130 736 214 802 isidis
225 738 263 802 ab
274 737 319 802 eis
330 734 480 802 celebrari
491 736 557 822 jum
568 719 648 798 e'me
659 733 846 800 dictumest.
857 731 1031 798 Verberon·

6 887 8 918 ς
36 870 47 902 s
61 855 106 906 tur
118 854 217 907 autem
232 852 301 929 post
315 841 503 908 sacrificium
514 840 626 930 singuli
638 852 670 906 et
681 839 820 929 singulas,
832 839 965 929 plurima
977 841 1032 906 ho·
1058 881 1060 887 ,
1124 905 1132 918 ,

35 951 170 1016 »minum
184 951 289 1017 millia.
308 952 381 1030 Quo
396 963 502 1016 eutem
519 950 615 1015 modo
637 952 840 1016 verberentur
853 951 939 1016 nesse
954 949 1031 1014 mihi
1078 1017 1100 1038 ·.

34 1060 162 1130 »dicere
181 1061 239 1125 »Si
255 1061 297 1126 dii
318 1073 402 1135 sunt,
424 1060 614 1126 immortales
628 1071 710 1126 sunt.
732 1058 789 1124 Sin
802 1071 908 1125 autem
922 1060 1033 1124 verbe·
1075 1053 1080 1060 ’
1151 1117 1154 1122 .

32 1181 132 1234 rentur
141 1169 281 1236 homines
297 1170 338 1235 ob
353 1191 464 1234 eorum
478 1169 647 1255 passiones,
663 1191 771 1255 eaeque
786 1180 860 1234 sunt
871 1168 1031 1255 mysterio,
1106 1183 1109 1190 '

30 1276 162 1343 homines
187 1288 275 1351 sunt;
305 1276 575 1365 quemadmodum¹
595 1277 661 1366 ipse
687 1277 865 1370 Herodotus
889 1285 1028 1342 testatur.

5 1443 7 1474 ,
39 1383 139 1450 «Sunt
152 1387 245 1451 etiam
260 1387 327 1474 ejus
348 1383 503 1474 sepulcre,
519 1386 610 1474 cujus
630 1407 748 1451 nomen
766 1386 792 1450 si
811 1405 1034 1475 nuncupavere

5 1553 6 1562 ,
27 1493 113 1558 »hac
132 1494 168 1559 in·
183 1517 230 1568 re,
249 1493 334 1559 haud
356 1505 462 1560 sancte
482 1492 600 1569 secero,
623 1492 656 1560 in
678 1493 757 1558 urbe
778 1483 844 1568 Sai,
864 1490 1054 1580 intemplo.
1078 1490 1084 1499 '

26 1630 40 1662 ι
54 1601 204 1677 llinervee,
216 1612 285 1689 post
296 1613 399 1666 totum
409 1599 590 1676 delubrum,
603 1601 673 1688 ejus
688 1599 798 1687 parieti
809 1600 966 1688 contigue.
977 1599 1036 1664 na·

24 1741 38 1770 s
51 1733 104 1775 cus
118 1712 191 1776 item
205 1710 372 1796 adjunctus
387 1721 435 1776 est
448 1707 570 1800 lapidea
584 1709 650 1774 hesi
666 1707 847 1783 adornatus,
860 1720 893 1772 et
903 1708 1038 1784 circum·

22 1847 37 1879 s
52 1841 171 1905 quaque
185 1820 283 1906 probe
303 1816 493 1894 elaboratus,
508 1809 734 1904 magnitudine,
752 1827 787 1879 ut
804 1816 882 1881 milri
897 1815 1033 1890 videtur,

20 1953 35 1984 s
50 1936 162 2009 quanta
177 1923 208 1988 in
223 1921 301 1988 Delo
316 1923 374 1988 iste
390 1923 442 2010 qui
458 1921 573 1988 dicitur
588 1919 788 1987 Trooltcidee.
809 1922 846 1987 ln
863 1922 926 1988 hoc
941 1921 1036 1986 simu·

21 2060 36 2090 »
53 2029 134 2094 lacre
154 2030 309 2096 hahentur
326 2031 513 2118 passionum.
525 2031 607 2117 ejus,
630 2051 698 2116 que
719 2030 866 2115 mysteria
882 2009 1035 2095 noetur'ne

19 2168 35 2200 s
50 2137 186 2226 AEgyptii
200 2150 322 2206 vocent.
343 2169 356 2202 ι
369 2139 439 2206 Non
459 2138 561 2204 solum
575 2151 680 2203 autem
695 2137 875 2226 sepulcrum
891 2131 1046 2212 Osiridis,

16 2247 181 2312 sedetiam
195 2249 358 2314 conditura
371 2249 554 2316 ostenditur.
569 2248 676 2314 «Cum
690 2247 730 2312 sd
744 2245 813 2312 illos
823 2247 956 2313 cadaver
965 2269 1036 2336 por·
1099 2323 1102 2330 ⁴
1122 2231 1126 2240 ⁸
1184 2333 1191 2344 ⁶

14 2385 30 2416 s
48 2367 149 2420 tatum
163 2365 222 2430 est,
239 2355 408 2422 ostendunt
423 2355 459 2420 iis
474 2356 526 2442 qui
542 2365 743 2442 portaverunt
755 2354 943 2443 exemplaria
954 2379 1035 2422 mor

14 2493 29 2526 o
46 2476 176 2528 tuorum
190 2463 304 2552 lignea,
325 2463 481 2552 pingendo
499 2461 677 2536 assimilata,
693 2472 849 2528 eteorum
866 2487 964 2530 unum
979 2487 1035 2530 uc-

13 2603 29 2636 »
46 2573 261 2638 curratissime
284 2572 490 2638 fabrefactum
510 2593 577 2637 esse
595 2562 695 2648 aiunt,
719 2572 810 2659 cujus
834 2555 893 2661 ego
918 2563 1034 2640 nomen

9 2712 25 2743 s
43 2681 89 2746 sos
105 2705 174 2746 esse
189 2682 274 2746 head
289 2681 423 2748 arbitror
437 2681 470 2744 in
487 2679 641 2766 ejusmodi
652 2701 686 2743 re
697 2677 864 2767 appellare.
882 2709 896 2742 s
987 2751 993 2760 ,

56 2786 185 2852 ΧΧΙΧ.
205 2785 268 2852 Sed
285 2798 317 2850 et
331 2784 513 2850 Graecornm
529 2785 560 2847 in
584 2783 717 2871 possiet
735 2781 863 2848 historia
879 2783 1034 2876 sepientes

4 2894 128 2959 cedem
143 2895 268 2960 docent.
286 2893 332 2958 De
350 2891 484 2958 lleroule
500 2891 650 2977 quidem:

94 3025 188 3084 Miser
199 3042 290 3100 neque
300 3027 426 3082 Deorum
439 3018 595 3080 vindictam
607 3017 745 3076 reveritus
757 3030 800 3076 est
808 3037 900 3096 neque
912 3039 1035 3080 mensum

95 3131 193 3197 Quam
207 3125 234 3182 ei
247 3135 437 3201 apposuerat:
455 3121 557 3180 deinde
574 3138 642 3178 vero
655 3121 748 3199 ipsum
761 3119 866 3182 occidit
963 3129 967 3136 “

38 3249 42 3255 ·
97 3225 239 3303 Iphitum.

4 3349 101 3418 Talis
118 3363 302 3425 cumesses,
320 3351 431 3414 merito
450 3351 482 3414 in
498 3349 636 3424 summm
652 3360 739 3414 notus
754 3361 813 3423 est,
830 3350 942 3416 merito
954 3352 1037 3438 seip-

4 3483 85 3526 sum
111 3483 191 3548 rogo
214 3481 344 3524 accenso
366 3458 546 3525 combussit.
572 3459 619 3523 De
641 3456 819 3547 AEsculopio
845 3476 951 3523 nutem
972 3459 1037 3524 llo-
1084 3436 1091 3451 ’

4 3571 122 3637 ιίοάυε
137 3593 146 3634 :

357 3686 463 3739 Parem
478 3679 683 3757 hominumque
696 3663 845 3756 Deumque
887 3725 891 3731 .

93 3766 226 3852 Quando
242 3778 402 3854 excanduit,
416 3799 431 3838 e
447 3779 519 3838 ecelo
533 3792 627 3838 autem
640 3779 743 3836 feriens
756 3777 873 3836 fulmine
889 3777 1000 3836 ardenti

92 3881 250 3940 Letoidem
264 3879 368 3940 occidit
383 3881 511 3954 cherum,
525 3881 568 3940 ira
581 3891 752 3941 commotus.

101 3999 140 4039 ιι.
869 3979 888 4038 ὓ
