2606 4620
312 215 376 292 446
608 239 722 284 sauci-n
742 239 861 290 assuant
882 243 1033 287 naamis

320 367 333 402 a
350 339 511 429 Scriptum
527 353 575 406 cst
592 365 599 407 :
617 344 791 410 Dominum
800 345 905 411 Deum
916 345 1143 412 tuumtadurahis
1151 361 1175 411 et
1182 348 1234 412 illul

312 476 325 512 a
341 445 483 514 servies¹.
495 445 598 511 »Tum
608 448 764 515 fractuaet
775 453 938 518 convictus
950 451 1086 519 diabolus
1095 453 1238 518 incessitis

311 556 383 642 quia
398 555 539 620 futurum
550 556 645 621 etiam
660 570 727 621 erat
742 569 777 622 ut
792 559 936 624 Christus
951 571 1057 624 noster
1064 565 1238 630 marcescenti

310 673 371 736 est,
395 663 427 727 in
443 683 582 733 aernmnu
597 674 630 728 et
649 665 801 750 passionis
819 689 911 730 sensu
931 667 964 730 in
980 688 1103 733 crucem
1117 677 1237 730 adustus

310 781 415 842 netum·
434 768 529 854 hujus
552 790 677 855 quoque
698 771 743 834 rei
765 773 1061 858 prenuntiationem
1081 773 1198 845 exhihuit,
1210 797 1236 835 sn

309 875 536 954 iacobi-lemur
551 877 662 964 tetigit,
679 888 773 965 atque
787 889 822 942 ut
837 891 1050 944 marcesceret
1063 877 1161 943 elicuit.
1171 879 1233 942 Entu

310 993 374 1056 tem
390 979 434 1052 illi
449 981 619 1068 antiquitus
634 1005 750 1048 nomen
765 982 872 1058 lsrael,
889 1007 953 1070 quo
965 987 1095 1050 beatum
1103 985 1181 1049 lacui
1189 1008 1237 1070 nes*

309 1087 1050 1178 minavit,benedicenseumsuoipsiusnomine‚
1062 1101 1145 1178 atque
1154 1089 1237 1154 haeae

308 1194 430 1268 ratione
451 1193 623 1281 predicens
642 1215 752 1259 omnes
771 1195 823 1280 qni
844 1217 900 1282 peu
914 1217 992 1258 eum
1013 1195 1055 1259 ad
1073 1194 1177 1259 Patren
1190 1195 1238 1258 aas

308 1304 409 1390 giunt,
425 1303 629 1368 benedictum
643 1325 711 1368 esse
727 1302 885 1369 lsraelem.
900 1301 965 1370 Vos
980 1303 1238 1371 autemcunnuu-

308 1433 379 1476 rum
394 1409 584 1498 intelligatis,
601 1433 662 1476 nec
674 1412 715 1476 ed
730 1410 969 1500 intelligendum
983 1413 1088 1499 parati
1101 1412 1168 1480 sitis;
1178 1409 1239 1496 quia

307 1515 448 1580 cundum
463 1513 589 1578 carnale
604 1537 710 1580 semen
727 1514 783 1579 lilii
797 1515 871 1580 estis
883 1515 1012 1590 tuconi,
1026 1514 1123 1580 salvos
1134 1515 1238 1578 annuus

306 1622 428 1686 futuros
442 1623 637 1708 exspectatis.
653 1622 694 1688 Aa
705 1645 759 1687 vos
771 1623 803 1687 in
816 1619 869 1687 his
883 1645 1013 1710 quoque
1026 1648 1045 1688 a
1057 1619 1238 1706 vobismetipsii

306 1753 446 1802 erronem
460 1729 580 1802 induci,
598 1728 741 1815 pluribus
755 1753 836 1795 ame
852 1731 1106 1796 demonstratum
1119 1743 1166 1795 est.

351 1837 495 1903 cxxvl.
514 1837 610 1915 Quod
625 1838 649 1902 si
665 1838 796 1903 nossetis
812 1839 881 1924 quia
892 1840 1025 1904 tandem
1038 1837 1090 1904 ille
1100 1840 1135 1903 sit
1147 1839 1237 1924 quinis

307 1944 393 2032 gelus
408 1945 513 2032 magni
523 1943 645 2010 consilii
658 1946 829 2020 interdum,
845 1959 878 2010 et
891 1944 948 2010 Vir
961 1947 1003 2011 ab
1024 1941 1181 2016 Ezechiele,
1190 1955 1239 2006 uus

306 2075 400 2137 quam
414 2049 511 2116 Filius
530 2050 666 2114 hominis
685 2073 703 2114 a
722 2047 865 2124 Daniele,
889 2064 921 2115 et
940 2051 1100 2117 Puenulus
1120 2053 1152 2116 ai
1168 2050 1238 2113 &aisn

289 2224 291 2228 .
306 2160 448 2224 Christus
462 2170 496 2222 et
509 2159 593 2222 Deus
608 2156 785 2222 adorandus
801 2181 818 2222 a
833 2158 965 2232 Davide,
981 2171 1017 2222 et
1032 2159 1167 2223 Christus
1174 2169 1192 2220 at
1201 2153 1239 2236 lapi

305 2291 322 2330 a
343 2265 461 2340 multis,
483 2277 516 2329 et
537 2263 695 2351 Sapientia
715 2287 733 2326 a
750 2262 931 2340 Salomone,
947 2276 979 2329 et
998 2265 1120 2352 ,loseph
1134 2277 1160 2329 et
1172 2261 1237 2327 tainu

304 2374 399 2440 Stella
411 2397 428 2438 a
440 2374 539 2446 Mose,
555 2383 587 2436 et
597 2371 710 2436 Oriens
722 2393 739 2433 a
752 2369 918 2446 Zacharia,
933 2384 966 2436 et
976 2395 1092 2440 rursus
1105 2375 1142 2437 ab
1152 2365 1239 2434 ieilt*

303 2481 399 2548 sibilis
415 2492 447 2546 et
457 2479 558 2544 Jacob
570 2490 603 2544 et
616 2475 725 2550 isaael,
736 2488 769 2542 et
784 2475 878 2566 Virga
889 2489 922 2542 et
935 2478 961 2543 F
962 2476 1024 2552 los,
1040 2479 1241 2566 catapanus

302 2589 458 2678 angulanis
476 2600 623 2658 vocatus;
642 2586 716 2660 hoc,
733 2586 876 2671 inquam,
895 2586 920 2650 si
940 2588 1090 2663 nossetis,
1102 2584 1242 2674 'scyphum

302 2721 374 2774 eum
390 2696 532 2785 pnosecto
547 2693 749 2782 blasphemiis
764 2693 965 2780 appeteretis,
977 2694 1078 2759 etiam
1092 2682 1243 2782 postquami

299 2808 398 2882 uenit,
418 2817 450 2869 et
469 2815 560 2869 natus
582 2825 620 2867 ac
641 2825 749 2889 passus
769 2813 829 2878 est,
853 2802 938 2866 acin
953 2800 1073 2867 coelum
1088 2799 1244 2876 ascendite

301 2914 432 3000 quidem
447 2933 576 2976 rursum
589 2909 747 2984 adveniet,
763 2930 801 2972 ac
819 2920 897 2974 tunc
911 2907 1064 2997 plangent
1078 2907 1245 2974 ‹lundeu'nu'v

301 3033 356 3086 trae
367 3021 478 3085 tribus.
489 3018 569 3084 Nam
581 3018 605 3082 si
617 3014 844 3081 intellexissetis
855 3037 925 3103 quae
935 3016 1128 3105 aPrcphetis
1138 3016 1202 3080 dicta
1210 3028 1245 3072 sul

299 3151 365 3212 non
380 3150 455 3192 eum
474 3124 641 3213 negassetis
663 3123 766 3188 Deum
786 3145 867 3198 ease,
888 3121 983 3188 solius
1006 3136 1040 3190 et
1062 3123 1180 3214 ingeniti
1196 3133 1247 3182 ctu?

299 3232 482 3320 enarrabilia
496 3234 555 3299 Dei
569 3231 695 3298 Filium.
710 3231 839 3298 Dictum
850 3244 898 3296 est
908 3232 994 3296 enim
1008 3232 1124 3298 alicubi
1134 3243 1162 3297 et
1173 3221 1246 3317 peril

299 3370 365 3412 sem
386 3347 419 3410 in
433 3342 542 3408 Exodo
557 3341 598 3405 ad
613 3342 700 3407 hunc
714 3341 845 3406 modum
862 3363 870 3404 ε
887 3339 1054 3408 «Locutus
1070 3353 1116 3407 est
1131 3331 1248 3405 autenti

298 3486 311 3519 a
326 3455 431 3520 minus
447 3451 488 3517 ad
501 3450 621 3514 Mosem
637 3461 669 3513 et
684 3449 762 3514 dixit
776 3449 817 3512 ad
832 3471 906 3513 eum
919 3471 927 3511 ε
941 3449 1009 3536 Ego
1024 3473 1093 3514 sum
1109 3444 1248 3514 Dominut·l

297 3564 406 3641 »visus
422 3583 492 3626 sum
507 3557 654 3633 Abrahae,
668 3558 755 3623 Isaac
765 3569 798 3621 et
807 3555 908 3622 Jacob
920 3555 1005 3646 Deus
1016 3579 1137 3631 eorum,
1151 3567 1178 3620 et
1188 3547 1252 3614 noui

298 3701 311 3752 a
327 3693 433 3735 meum
449 3692 512 3734 non
527 3667 660 3734 indicavi
675 3666 733 3750 eis,
749 3679 781 3730 et
801 3665 895 3730 statui
908 3676 1128 3734 testamentum
1142 3680 1221 3730 mesum
1234 3669 1248 3711 ’ὗ

298 3855 301 3863 ,
330 3794 441 3842 liiatth.
455 3809 489 3851 iv,
506 3809 543 3841 ιο.
