2688 4626
266 179 326 240 180
561 191 675 239 seuera
696 193 818 238 auaruu
839 193 994 240 userius

341 307 457 366 Aurem
466 303 496 362 iu
510 299 594 373 solio,
609 319 641 360 aa
655 313 763 360 tenum
779 301 903 381 pedibus
916 304 1022 380 caleat,

338 407 460 464 Murum
474 411 570 459 autem
586 398 717 458 dextram
735 397 772 458 ad
787 402 929 462 terminos
943 401 1043 462 oceani

339 501 477 580 Undique
487 499 626 560 extendit.
640 499 757 560 Circum
770 499 847 560 enim
859 511 987 560 manunt
997 512 1112 561 mentes
1124 503 1229 580 magui,

339 605 377 662 Et
389 600 487 674 fluvii,
500 611 531 658 et
545 598 610 657 cani
625 596 803 678 profundum
816 599 933 658 caerulei
948 601 1044 659 maris.

263 723 303 786 Et
315 737 426 788 rursus
440 714 557 785 aliuiibi
572 717 614 782 sib
628 716 672 782 eit
687 739 695 782 a
736 791 742 806 ι

339 841 422 898 Unus
434 840 452 896 J
454 837 579 915 uppiter,
592 853 667 895 uum
679 835 779 908 Pluto,
793 851 868 896 uum
881 837 1026 910 Bacchus,

339 941 420 998 Unus
429 940 510 996 Deus
521 936 552 994 iu
564 933 708 994 omnibus.
719 933 799 1008 Quid
809 933 871 995 hec
881 934 936 994 tibi
946 953 1078 995 seorsum
1090 933 1227 1014 pedm?

263 1060 304 1128 lit
318 1077 428 1124 rursus
444 1055 697 1144 injurementis:
1064 1051 1068 1062 ’

338 1186 394 1241 Per
405 1171 511 1242 eaelum
528 1191 556 1240 te
572 1178 676 1258 adjuro
691 1178 747 1238 Dei
761 1179 856 1258 magni
869 1177 1007 1257 sepientis
1020 1197 1113 1258 opus,

340 1278 455 1356 Adjuro
466 1288 495 1337 te
506 1297 559 1356 per
570 1296 674 1338 vorem
685 1277 793 1351 Patris,
804 1278 1031 1356 quamprimum
1043 1278 1235 1356 pronuntiarit,

341 1382 415 1438 Cum
430 1376 571 1449 mundum
587 1377 754 1436 uuiversum
769 1377 828 1438 suis
843 1375 970 1436 firmavit
984 1375 1124 1436 consiliis

264 1499 352 1582 Quid
368 1500 428 1568 sibi
441 1497 510 1566 vult
521 1517 597 1565 eum
611 1497 690 1564 dicit
702 1523 711 1563 ε

189 1700 192 1710 ‚
347 1621 456 1704 Adjuro
468 1633 673 1698 tepervocem
685 1619 889 1698 Patris,quam
902 1619 1034 1698 primum
1044 1617 1234 1696 pronuntiarit?

263 1740 384 1809 Vocem
398 1737 546 1806 hocloco
564 1735 701 1827 appellet
713 1735 773 1804 Ilei
787 1735 943 1813 Verbum,
960 1759 1020 1825 per
1033 1735 1124 1822 quod
1134 1735 1244 1802 eulmen

266 1861 346 1914 terre
362 1859 396 1913 et
410 1847 556 1912 universa
570 1847 699 1913 condita
712 1853 761 1912 est
772 1856 930 1922 ereatura,
944 1858 980 1910 ut
990 1867 1051 1912 nos
1064 1843 1247 1912 docentum

264 1967 446 2024 unctorum
456 1955 625 2022 bominum
635 1955 776 2032 oracula,
791 1957 907 2046 quibus
919 1967 951 2021 et
964 1955 1035 2044 ipse
1042 1953 1141 2045 alique
1150 1977 1183 2020 ex
1190 1963 1253 2043 puli·

264 2067 296 2131 in
308 2065 446 2155 AEgypto
456 2061 693 2140 animadversis,
701 2061 808 2133 Verbo
820 2063 879 2132 Dei
891 2083 1023 2130 omnem
1035 2077 1191 2144 ereaturam
1200 2087 1254 2130 aar

264 2173 364 2240 ditum
377 2197 444 2240 esse
459 2175 618 2264 cognovit.
637 2157 841 2263 Quapropter
851 2183 1026 2262 postquem
1041 2173 1115 2244 duis,

342 2299 455 2376 Adjuro
466 2313 494 2360 te
505 2319 558 2380 per
568 2321 670 2364 vocem
683 2303 792 2376 Patris,
804 2303 1035 2383 quamprimum
1046 2299 1217 2384 prmmtiasit,

263 2416 407 2506 protinus
424 2419 588 2510 subjungit
605 2447 614 2487 τ

245 2604 253 2618 ,
345 2552 419 2609 Cum
433 2551 572 2611 mundum
589 2554 757 2612 universum
772 2554 831 2612 suis
844 2553 970 2610 firmarit
987 2553 1124 2612 consiliis.

230 2680 238 2696 ’
266 2671 325 2737 Hie
335 2667 479 2738 Verbum
493 2671 631 2761 appellat
643 2695 757 2740 vocem
771 2683 902 2762 propter
916 2671 1077 2760 poeticam
1093 2691 1244 2738 mensum:

265 2799 303 2843 ac
317 2800 385 2844 rem
403 2781 445 2845 ite
461 2803 494 2846 se
514 2780 632 2846 habere
646 2803 687 2847 er
705 2805 744 2848 eo
759 2781 963 2871 perspicitur,
980 2781 1070 2869 quod
1091 2781 1182 2870 paulo
1198 2791 1254 2843 iales

266 2907 358 2952 versu
374 2889 570 2954 concedente
584 2887 728 2958 Verbum
743 2889 823 2960 illud
838 2887 985 2979 appellet.
1001 2889 1091 2955 Dixit
1105 2891 1202 2956 enim:

346 3015 391 3073 Ad
407 3017 537 3077 Verbum
553 3019 684 3079 divinum
698 3020 854 3100 respiciens
870 3019 912 3078 illi
928 3019 1030 3078 asside.

309 3134 396 3204 xvl.
417 3139 503 3219 Quid
517 3153 624 3209 autem
647 3165 705 3231 per
719 3143 865 3209 vaticinia
883 3141 923 3208 de
937 3165 1002 3206 uno
1017 3153 1051 3207 et
1066 3141 1211 3232 singulari
1222 3139 1265 3201 llu

268 3243 381 3313 docem
395 3248 523 3336 entique
538 3247 590 3316 illu
606 3265 639 3317 et
652 3251 829 3318 admodum
843 3262 933 3317 vetus
949 3249 1083 3339 Sibylla,
1101 3274 1196 3339 quam
1208 3246 1265 3313 Pla«¹

266 3365 298 3416 et
309 3353 534 3447 Aristophanes
547 3371 579 3424 ot
591 3358 697 3447 plures
708 3359 773 3437 alii,
787 3371 824 3426 ut
834 3371 951 3436 vatem,
965 3371 1266 3433 commemorem·

269 3482 356 3528 essse
369 3459 418 3530 est
432 3465 559 3534 referre.
578 3466 633 3535 Sio
647 3482 755 3534 autem
769 3469 835 3534 eit:

348 3598 426 3654 Unus
439 3601 530 3674 Deus,
544 3601 596 3679 qui
609 3601 687 3660 solus
700 3607 756 3675 est,
774 3612 818 3659 ter
831 3600 988 3670 maximus,
1005 3599 1165 3672 increatus,

348 3695 553 3774 Omnipotens,
568 3699 738 3772 invisibilis,
754 3699 817 3780 lpse
832 3701 933 3758 videns
949 3701 1054 3758 omnia.

347 3795 414 3870 lpse
430 3808 524 3858 autem
541 3817 558 3856 a
574 3801 653 3861 nulla
667 3801 784 3872 videtur
801 3819 888 3860 carne
905 3799 1029 3859 mortali.
