2616 4620
338 323 376 364 Ab
403 321 601 374 noromensi,
626 323 685 365 bill·
712 323 746 364 11.

37 445 97 498 tem
111 429 232 518 loquuti
247 442 330 494 sunt.
350 427 469 494 Rursus
488 426 539 494 alii
560 429 790 517 providentiam
808 453 876 497 esso
894 433 1051 512 dixerunt,

35 550 124 626 atquo
139 540 271 606 istorum
285 536 337 603 ulii
348 537 475 604 decreta
487 535 705 604 dissolverunt.
720 540 834 606 Mutus
845 542 974 630 quidem
991 547 1050 612 aii:

109 686 153 740 Ex
164 687 235 740 Jove
248 679 433 757 incipiamus:
446 697 497 736 uec
508 697 574 736 eum
586 699 722 757 unquam,
734 681 797 753 viri,
809 683 935 744 sinamus

110 782 253 842 Indictum
266 803 272 838 :
285 780 377 858 plenae
387 791 453 838 sunt
464 785 536 838 Jove
548 800 647 838 omnes
659 781 769 860 plateae,
786 785 789 792 ⁴

21 885 26 898 “
112 890 208 964 Atque
219 883 315 941 omnia
325 882 474 940 hominum
486 882 567 939 lora:
583 881 699 960 plenum
713 897 795 943 estet
807 906 885 945 maro

113 991 149 1044 Et
162 997 272 1063 portus.
285 982 401 1060 Ubique
412 987 485 1040 Jove
496 982 606 1040 utimur
618 1002 727 1055 omnes,

112 1082 206 1160 Hujus
216 1082 291 1142 enim
303 1094 332 1140 et
344 1099 432 1160 genus
443 1099 558 1140 sumus:
571 1080 632 1158 ipse
642 1079 782 1159 benignus
793 1082 957 1150 horninibus

113 1167 222 1242 Deistra
234 1179 356 1270 nuntiat,
369 1178 495 1257 populos
506 1177 542 1236 ad
553 1198 627 1256 opus
637 1180 752 1253 excitat,

113 1287 257 1342 Memores
267 1283 334 1340 vitae
345 1280 466 1340 iaciens:
481 1278 587 1337 iudicat
598 1299 664 1338 cum
676 1278 760 1357 gleba
771 1284 880 1361 optima

116 1379 212 1438 Bobus
224 1390 252 1438 et
262 1376 405 1456 ligonibus
415 1397 422 1431 :
434 1373 540 1434 indicat
550 1395 614 1433 cum
628 1376 737 1434 dextrae
748 1377 828 1438 horae

113 1485 150 1540 Ur
162 1481 265 1559 stirpes
276 1480 305 1538 in
317 1477 418 1536 scrobe
429 1475 605 1548 scindantur,
616 1489 646 1536 et
656 1479 764 1538 semina
775 1483 872 1541 omnia
879 1483 1031 1562 jaciantur.

34 1623 104 1688 Utri
118 1620 214 1710 igitur
229 1618 409 1692 credemus,
420 1617 517 1683 Arno
532 1638 573 1680 un
589 1614 739 1704 Sophocli
754 1611 892 1686 dioduli:

114 1759 199 1820 Haud
210 1759 268 1818 ulla
278 1776 377 1816 rerum
386 1767 464 1814 certa
474 1754 666 1833 providentia,

115 1863 172 1924 sed
184 1861 303 1920 fortuito
314 1859 412 1948 visere
424 1857 577 1935 optimum,
589 1867 621 1912 ut
632 1860 737 1932 queas?

33 2010 157 2073 Rursus
172 2004 327 2068 Homerus
339 1998 388 2063 isli
400 2019 465 2063 non
477 1995 648 2068 consentin
663 1996 707 2060 uit
718 1996 804 2061 euim
819 2021 827 2062 ε

117 2141 230 2220 Jupiter
241 2137 405 2197 hominibus
418 2137 649 2214 virtutemauget
660 2148 689 2194 et
700 2137 811 2196 minuit.

32 2283 75 2346 Et
89 2275 266 2344 Simonides
281 2298 288 2338 :

115 2421 209 2477 Nemo
221 2415 326 2474 habeat
336 2415 398 2474 siue
410 2415 454 2473 dis
466 2415 680 2488 virtutemnon
692 2414 790 2487 homo,
800 2435 859 2474 uon
871 2419 948 2478 urbs.

117 2511 236 2575 Consilii
246 2530 371 2591 namque
382 2524 425 2570 est
435 2512 527 2570 omnis
537 2517 617 2572 Deus
627 2523 740 2572 auctor:
756 2525 785 2571 at
796 2513 856 2572 istis

120 2614 244 2672 lllaesum
256 2611 294 2670 nil
307 2631 426 2696 prorsus
435 2614 517 2672 inest.

30 2744 191 2814 Similiter
201 2743 365 2832 Euripides
378 2767 385 2807 :

115 2887 193 2950 Nihil
206 2893 269 2947 Deo
281 2886 398 2966 absque,
408 2888 449 2946 uil
459 2889 539 2948 venit
552 2891 733 2950 mortalibus.

24 3036 72 3100 Et
83 3026 258 3095 Menander
272 3049 279 3089 ε

117 3177 257 3228 Procurat
267 3165 343 3224 haud
355 3168 420 3244 quis
431 3179 539 3239 nostra,
549 3169 579 3226 ni
589 3168 668 3227 solus
678 3173 763 3229 Deus.

23 3303 71 3368 Et
88 3317 198 3362 rursus
213 3292 376 3381 Euripides
391 3318 398 3358 ε

117 3440 240 3494 Servare
253 3451 377 3510 namque
388 3433 413 3490 si
423 3437 501 3492 Deus
512 3434 656 3512 quondam
667 3434 755 3508 volet,

116 3536 264 3591 Momenta
276 3529 363 3587 donat
374 3527 541 3588 adsalutem
553 3531 686 3608 plurima.

22 3669 69 3732 Et
86 3658 257 3726 Thestius:

116 3805 180 3860 Deo
191 3799 305 3858 volente
316 3798 454 3876 navigans
466 3797 511 3858 vel
526 3799 630 3857 virniue

117 3907 155 3962 Es
168 3901 270 3962 salvus.

125 4025 159 4066 11.
