2808 4688
329 290 369 331 sn
396 283 582 334 eoarnrnros
605 279 758 328 nrrsrota
783 279 889 323 ruina.
1083 257 1126 339 4«)

84 395 224 462 ciuntur.
239 393 319 462 Dies
331 409 368 462 et
380 419 459 469 nox,
472 397 513 460 ub
528 392 583 459 ilio
597 391 782 459 ordinatum
796 407 932 454 cursum
945 384 1130 472 perficienti·

32 559 33 562 ,
85 523 146 570 neo
165 518 347 592 etpropter
368 504 430 570 sibi
445 515 561 568 mutuo
575 499 805 588 impedimento
821 505 910 560 sunt.
930 489 986 558 Sot
1000 503 1033 557 et
1044 489 1128 567 iuna,

86 635 126 676 eo
137 612 289 680 siderum
301 613 411 687 ebori,
425 611 604 678 secundum
614 610 682 698 ejus
692 605 893 677 mandatum,
906 603 939 667 in
953 599 1133 674 eoncordia,

91 721 163 785 sine
183 719 253 786 ulia
276 721 541 810 transgressione,
565 718 625 784 sibi
647 715 836 782 constitutos
858 712 951 776 orbes
974 705 1133 775 evolvunt.

94 829 203 896 Terra
225 832 374 919 gravide,
396 833 483 920 juxta
506 827 702 895 voluntatem
722 823 817 900 illius,
838 822 903 887 suis
922 819 1135 908 temporibus,

102 935 284 1025 piurimum
295 941 402 1006 cibum
413 939 593 1006 bominibus
604 959 644 1003 ao
656 936 729 1002 seris
740 932 952 1017 omnibusque
968 947 1039 1016 que
1055 928 1088 994 iu
1099 949 1136 993 ea

32 1109 33 1112 ,
103 1060 180 1112 sunt
194 1050 407 1116 animantibus
421 1049 588 1138 produoitt
612 1069 676 1112 uon
698 1043 909 1115 contendens,
931 1061 992 1106 neo
1008 1049 1136 1102 mutens

100 1157 275 1244 quidquam
287 1181 399 1224 eorum
410 1161 530 1247 qnaeob
541 1153 732 1222 illodeoreto
743 1164 828 1218 sont.
845 1143 1056 1238 Abyssoruin,
1066 1171 1136 1236 que

97 1265 277 1354 investigari
298 1286 364 1332 non
385 1279 531 1354 possunt,
551 1275 584 1329 et
600 1261 804 1334 inferorum,
821 1279 892 1346 qum
914 1258 1056 1322 enarrari
1078 1279 1138 1321 ne·

97 1385 233 1459 queunt,
246 1373 367 1459 judicia
376 1374 498 1438 eisdem
508 1371 666 1436 mendatis
676 1369 894 1434 eontinentur.
909 1363 1060 1432 immensi
1071 1387 1139 1432 ms·

98 1481 140 1545 ris
151 1482 313 1570 oepaoitaa
322 1482 621 1570 perordinationem
629 1475 897 1567 ejusinoumnlos
905 1487 1137 1564 coagmentata,

98 1611 163 1654 non
178 1591 413 1679 transgreditur
424 1615 494 1679 quae
504 1592 567 1679 ipsi
579 1590 807 1676 circumposita
826 1597 904 1651 sunt
920 1584 1070 1658 elaustra3
1085 1585 1140 1652 sed
1244 1671 1247 1676 Ι

100 1712 197 1785 prout
204 1701 234 1764 ei
241 1702 412 1788 precepit,
422 1702 468 1765 ita
483 1698 585 1764 iacit⁴.
599 1699 688 1762 Dixit
698 1699 808 1761 enim:
822 1697 1014 1781 mucusque
1024 1695 1141 1768 venies,

104 1817 165 1869 »et
177 1805 301 1872 fluetus
312 1807 362 1871 tui
371 1807 407 1871 in
421 1820 456 1870 te
473 1803 771 1870 comminuentur-¹.
783 1803 954 1867 »Oceanus
967 1801 1145 1868 bominibus

109 1912 380 2001 impermeabilis,
395 1927 429 1978 et
444 1913 500 2000 qui
514 1925 587 1999 post
601 1912 704 1999 ipsum
720 1923 793 1975 sunt
808 1910 931 1985 mundi,
947 1910 1066 1976 eisdem
1080 1909 1146 1978 Do·

118 2019 199 2082 mini
214 2018 477 2104 dispositionibus
487 2020 710 2105 gubernantur.
726 2013 939 2103 Tempestates
954 2039 1068 2094 vernae,
1085 2039 1144 2083 ns-

119 2126 205 2198 tirae,
217 2123 419 2210 autumnales
429 2138 461 2191 et
473 2121 635 2199 biemaies,
652 2125 684 2188 in
699 2143 778 2211 pace
789 2123 856 2189 atie
871 2123 939 2191 aliis
953 2127 1138 2194 succedunt.

119 2231 292 2298 Ventorum
313 2231 480 2300 libramina
503 2234 631 2322 proprio
654 2245 796 2320 tempore
822 2255 938 2299 munus
960 2256 1053 2300 suum
1073 2235 1139 2303 sine

109 2340 462 2407 offendicutooteunt’.
479 2341 596 2408 Fontes
607 2343 702 2407 etium
710 2360 878 2431 perennes,
891 2343 933 2408 ud
945 2364 1038 2408 usum
1050 2356 1083 2410 et
1095 2367 1141 2410 sa-

107 2451 238 2516 nitatem
253 2451 368 2526 mesti,
386 2453 485 2517 ubera
500 2475 556 2516 sua
571 2451 788 2517 indesinenter
804 2451 846 2517 ed
861 2451 1030 2518 bominum
1045 2454 1142 2518 vitam

104 2564 257 2650 prebent.
275 2562 425 2648 Denique
439 2559 587 2628 animaliu
598 2561 742 2638 minime,
758 2573 859 2628 ooetus
875 2585 948 2630 snos
963 2563 997 2628 in
1012 2583 1144 2630 concor

104 2670 200 2736 diuet
215 2693 295 2760 paee
310 2671 446 2736 iaciunt.
469 2671 548 2736 limo
560 2669 667 2735 o'mnia
687 2689 821 2758 magnus
843 2672 962 2759 opifex,
984 2681 1017 2736 et
1034 2690 1144 2736 rerum

103 2781 246 2846 omnium
254 2781 431 2856 Dominus,
441 2780 474 2846 in
481 2801 559 2869 paee
567 2793 600 2846 et
608 2780 781 2846 concordie
790 2779 860 2844 fieri
870 2779 981 2867 jussit;
999 2781 1146 2847 omnibus

103 2891 324 2964 benefaciens:
342 2891 642 2980 superabundanter
653 2901 762 2955 antem
774 2889 881 2963 uobis,
899 2889 952 2978 qui
964 2889 1146 2956 admisera-

104 3002 202 3066 tiones
210 3003 283 3088 ejus
292 2999 762 3089 confugimus,perDominnm
770 3009 914 3064 nostmm
923 2997 1033 3064 Jesum
1041 2999 1145 3066 Cbn‘s-

104 3123 189 3182 tnm;
208 3111 263 3175 eui
281 3109 386 3197 gioria
398 3121 431 3173 et
443 3111 592 3196 majestas
607 3110 642 3173 in
658 3105 771 3173 secula
787 3106 987 3174 seculorum.
1006 3109 1119 3176 Amen.

144 3219 240 3283 XXI.
260 3219 398 3294 Videte,
409 3217 537 3295 dilecti,
550 3239 591 3284 ne
601 3217 757 3284 beneficia
768 3219 838 3306 ejus
848 3215 986 3306 plurimu
999 3222 1147 3286 omnibus

104 3327 202 3391 nobis
218 3326 254 3390 in
269 3326 572 3392 condemnationem
588 3328 720 3404 oedant,
737 3329 796 3393 nisi
814 3329 909 3414 digne
923 3325 978 3390 ilio
994 3328 1147 3404 viventes,
1258 3326 1261 3332 ’

106 3438 195 3502 bona
208 3444 244 3498 et
255 3432 377 3522 placitu
388 3436 420 3499 iu
432 3449 604 3523 conspectu
613 3436 684 3522 ejus
694 3435 867 3501 fecerimus
875 3433 1084 3501 concorditer.
1097 3437 1150 3503 Di-

108 3545 151 3610 cit
169 3544 266 3611 enim
286 3541 431 3608 alieubi:
454 3542 613 3632 «Spiritus
630 3543 777 3619 Domini,
794 3542 922 3609 lucerna
940 3557 1079 3614 scrutans
1096 3569 1148 3614 se-

110 3685 122 3714 ι
139 3666 228 3721 creta
245 3651 370 3720 ventris
380 3650 428 3716 ’.ιι
447 3649 693 3717 Consideremus
708 3651 795 3739 quod
807 3673 905 3742 prope
920 3651 998 3731 est‘,
1014 3667 1045 3736 et
1061 3657 1148 3746 quod

144 3805 152 3838 ⁸
165 3807 230 3856 Gen.
248 3825 268 3866 r,
281 3823 308 3872 9,
322 3821 358 3856 ιο.
372 3834 403 3844 -
416 3803 497 3855 ²t0b.
513 3821 618 3863 xnt'nt,
633 3821 670 3852 ιι.
682 3833 711 3842 -
721 3804 793 3856 ⁸Jub.
808 3822 894 3865 mur,
909 3791 948 3857 25'.
961 3836 991 3846 -
1003 3808 1092 3859 ‘Pron
1107 3825 1151 3864 xx,

120 3909 154 3956 η.
166 3920 197 3932 ·-
208 3893 218 3923 ⁵
231 3891 345 3958 Philipp.
356 3909 390 3952 tr,
402 3894 425 3940 5.

205 4000 227 4039 ¹·
953 3982 974 4055 lt
