2492 4632
361 337 484 382 conrnr
508 336 658 382 nnnrsns.
962 319 1025 397 445
1133 312 1140 336 ’

6 463 116 509 nes
143 444 178 510 in
200 445 317 532 quibus
336 468 401 511 non
423 445 527 512 visent
553 447 585 510 in
608 443 681 510 eis¹.
702 445 768 510 »Et
794 443 895 510 Lucos
919 458 1026 510 autom

1 549 94 616 tha
101 575 201 629 num,
214 552 268 642 qui
284 552 406 643 primus
423 554 455 619 in
471 553 652 622 diaconium
671 555 711 618 ab
727 552 886 642 Apostolis
905 551 1026 621 electus

17 673 79 724 et.
106 663 234 752 primus
249 662 374 730 occisus
394 675 443 728 est
464 674 594 750 proptor
613 660 731 728 Christi
757 663 958 750 martyrium,
981 665 1026 730 sic

1 793 91 838 sse
112 773 156 840 dc
176 772 284 862 Moyse
299 773 424 864 scripsit
442 769 550 842 :silis
571 773 700 862 quideiu
724 773 847 862 accepit
868 785 1025 862 praecepto

1 882 38 946 si
68 883 166 958 vivi.
182 883 259 950 dare
274 884 375 960 vobis,
389 885 441 950 cui
460 882 632 950 noluerunt
644 883 774 950 obedire
791 895 897 972 patros
916 885 1024 960 vestri,

2 990 39 1056 sl
63 992 276 1080 abjecerunt
291 1005 324 1060 et
338 994 482 1060 conversi
501 1005 576 1058 sunt
595 991 692 1060 corde
711 1013 768 1056 suo
787 993 819 1058 in
837 991 1023 1082 AEgyptum‚

5 1113 162 1168 centes
178 1100 219 1167 ad
233 1100 360 1168 Aaron:
376 1099 442 1169 Fac
462 1101 555 1167 nobis
575 1102 651 1167 deos
670 1102 725 1189 qni
742 1124 800 1166 nos
815 1102 1021 1176 antecedant;

6 1231 141 1298 oyses
153 1210 239 1278 enim
251 1209 305 1298 qui
318 1210 428 1276 eduxit
440 1233 498 1278 nos
510 1211 550 1279 dc
562 1221 645 1276 terra
658 1208 800 1299 lEgypti‚
813 1210 888 1298 quid
905 1211 932 1277 ei
951 1233 1025 1277 con-

1 1319 121 1408 ger-it
146 1320 336 1408 ignoramus.
352 1321 393 1386 Et
408 1317 543 1386 vituium
561 1318 706 1386 iecerunt
725 1317 757 1385 in
775 1317 886 1398 dicbus
901 1317 975 1394 iliis,
993 1333 1026 1386 et

1 1426 205 1493 btulcrunt
216 1425 368 1494 sacrificia
380 1425 479 1502 idolo,
489 1437 522 1492 et
533 1425 722 1494 letabuntur
732 1427 764 1493 in
774 1427 863 1493 sactis
871 1451 1024 1496 manuum

1 1559 159 1602 uarum.
171 1535 334 1602 Convertit
346 1548 455 1602 autem
463 1534 560 1611 Deus,
570 1547 602 1601 et
614 1536 746 1602 tradidit
754 1559 808 1602 eos
816 1537 1028 1604 servireexer·

2 1645 136 1710 itibus
146 1642 231 1720 cosli,
241 1644 511 1732 quemadmodum
523 1645 678 1732 scriptum
689 1657 737 1711 est
750 1645 781 1710 in
794 1642 877 1712 libro
888 1643 1027 1735 Prophe·

2 1777 127 1820 orum
149 1777 156 1818 :
175 1752 336 1841 Numquid
355 1752 509 1820 sacrificia
534 1765 567 1820 et
583 1751 758 1819 oblationes
775 1751 932 1820 obtulistis
946 1755 1025 1822 mihi

1 1865 104 1929 mnis
123 1862 331 1952 quadraginta
349 1863 381 1928 iu
399 1860 794 1938 Eremo‚domus1sracii'
812 1873 845 1928 et
859 1864 1025 1954 accepistis

1 1968 262 2039 tabernaculum
278 1967 418 2044 Moloch,
435 1983 468 2035 et
482 1967 605 2037 stellam
620 1970 678 2035 Dei
695 1968 888 2060 Remphnm,
908 1971 1026 2061 figuras

1 2104 95 2168 quas
113 2080 247 2153 fecistis,
266 2078 399 2144 adorare
420 2077 513 2152 eas²s
532 2077 724 2144 »manifeste
739 2078 932 2168 significans,
949 2103 1027 2168 quo·

1 2215 73 2258 tam
86 2213 155 2258 non
166 2191 206 2257 eh
218 2186 318 2254 altero
328 2187 397 2254 Deo
408 2185 479 2254 talis
491 2185 551 2252 illis
562 2187 635 2252 dato
647 2187 711 2252 Lex
722 2201 782 2265 est,
795 2189 850 2255 sod
860 2192 899 2256 ab
912 2191 1026 2257 eodem

1 2323 68 2376 -so,
80 2311 154 2388 opto
163 2297 292 2366 illorum
300 2295 454 2363 servituti.
467 2295 671 2385 Quapropter
681 2308 714 2363 et
725 2297 759 2362 in
769 2297 879 2364 Exodo
887 2298 928 2365 ad
938 2299 1026 2389 Moy·

1 2432 56 2478 em
74 2409 179 2478 dicit:
199 2408 378 2476 «Emittam
390 2416 464 2474 ante
480 2418 510 2472 ta
526 2404 683 2496 Angelum
702 2427 811 2474 meum
833 2433 841 2474 τ
860 2412 1025 2478 nonenim

11 2519 192 2588 ascendam
202 2531 323 2594 tecum,
340 2517 490 2607 quoniam
504 2515 640 2607 populus
655 2517 743 2584 durae
755 2520 887 2586 cervicis
896 2519 957 2586 es‘.
970 2548 983 2581 s

35 2629 83 2696 Π.
98 2631 210 2696 Etnon
221 2627 411 2704 solumhoc,
423 2628 522 2695 sedet
538 2639 696 2718 praecopta
717 2627 863 2716 quaedam
880 2652 897 2694 a
916 2627 1025 2717 Moyse

2 2740 94 2805 osito
116 2739 160 2805 cis
178 2749 310 2829 propter
331 2736 481 2804 duritiam
504 2734 645 2811 illorum,
661 2746 694 2800 et
709 2735 796 2823 quod
818 2732 939 2801 nolient
958 2761 1027 2804 esse

2 2849 142 2938 ubjeoti‚
159 2845 370 2914 manifestavit
382 2844 552 2919 Dominus,
570 2865 645 2910 cum
660 2842 810 2908 dixissent
824 2843 854 2909 ei
870 2865 879 2906 s
893 2841 1025 2923 «Quare

14 2981 95 3048 ergo
109 2955 234 3046 Moyses
247 2955 398 3047 precepit
413 2955 489 3020 dare
507 2949 651 3018 libellum
667 2949 804 3040 repudii,
819 2963 851 3016 et
866 2951 1027 3020 remittere

17 3067 176 3134 uxorem?
193 3065 323 3134 »dicens
342 3065 387 3130 eis
401 3087 409 3130 s
422 3089 435 3123 ι
450 3063 527 3130 Haec
538 3061 627 3126 vobis
648 3069 778 3148 propter
794 3060 943 3128 duritiam
959 3085 1029 3130 cor-

2 3217 3 3226 κ
18 3177 68 3243 dis
80 3176 176 3243 vestri
191 3175 332 3265 permisit
338 3197 348 3247 t
364 3173 403 3238 ab
419 3171 509 3238 initio
521 3181 628 3234 autem
642 3191 705 3234 non
717 3168 760 3233 its
773 3167 892 3237 iactum
903 3170 1020 3237 est¹is

1 3286 137 3375 tloysem
156 3285 285 3376 quidem
306 3305 473 3357 excusans,
495 3280 585 3369 quasi
608 3278 736 3346 fidelem
762 3301 901 3358 servum,
926 3306 1026 3350 unum

1 3409 115 3473 intem,
137 3397 191 3485 qui
214 3395 254 3461 sb
277 3393 365 3460 initio
387 3388 566 3460 mosonium
589 3402 622 3459 et
640 3388 791 3456 seminam
814 3390 903 3467 iecit,
922 3392 1026 3462 Deum

1 3505 165 3578 :oniitcnst
183 3501 252 3570 illos
266 3515 373 3569 autem
389 3521 522 3590 arguens
537 3511 691 3586 tauquam
706 3497 802 3565 duros
817 3513 850 3565 et
866 3523 930 3566 non
948 3505 1026 3570 sub-

1 3615 107 3690 iectos.
125 3611 165 3678 Et
179 3623 311 3701 proptor
325 3610 387 3677 hoc
402 3620 512 3698 aptum
528 3606 652 3672 duritias
673 3629 785 3673 eorum
806 3609 929 3696 repudii
951 3635 1029 3701 prae·

1 3734 127 3813 septum
137 3744 155 3788 e
167 3721 274 3810 Moyse
290 3731 492 3810 occeperunt.
507 3719 548 3785 Et
560 3717 636 3806 quid
648 3716 782 3784 dicimus
795 3719 834 3784 de
846 3721 944 3788 rctcri
954 3721 1029 3790 Tes-

30 3871 140 3922 *usectn
157 3887 198 3933 u,
219 3869 256 3928 ot.
273 3897 304 3907 -
319 3869 401 3920 ²Act.
421 3883 465 3926 vn,
482 3865 513 3914 ts
527 3875 553 3915 et
570 3881 644 3930 srqq.
663 3893 692 3904 -
709 3865 811 3916 8Ειοά.
826 3885 913 3929 xxxin,
928 3887 951 3924 s,
963 3872 984 3921 3.
998 3898 1028 3908 -

2 3953 109 4004 *ttatrtn
124 3972 175 4013 m,
189 3973 213 4020 7,
225 3957 249 4004 8.
628 3959 634 3974 ¹
