2688 4626
423 241 464 282 nn
486 239 679 284 uerrucula.
1004 245 1065 310 ¹⁰9

79 343 116 409 V.
134 344 182 411 De
194 343 269 422 illis,
285 357 405 420 autern,
419 345 476 433 qui
488 343 755 433 apednonnulloe
765 345 1068 438 existimenturpar-

36 453 143 540 ticipcs
163 476 234 518 esee
253 453 353 518 sancti
371 463 405 516 ct
423 451 558 540 perfecti
576 453 724 527 nominis,
741 453 828 539 quod
843 453 976 541 quidem
992 479 1069 522 vanu

34 561 204 626 traditione
221 562 366 649 quidam,
383 572 537 648 tanquam
552 561 609 638 dii,
626 573 828 650 acceperunt,
842 562 1016 636 Menander
1028 568 1072 634 ait

31 668 63 732 in
79 649 349 746 Heuocbionive
364 668 482 758 Auriga
497 692 504 732 :

113 791 185 845 Non
200 787 275 846 mihi
289 788 412 866 placebit
428 788 578 848 ambulans
593 789 663 846 soris
676 790 762 862 deus,
852 783 856 793 ¹

114 888 214 944 Anum
229 889 361 946 comitem
376 888 501 958 babens,
515 901 603 965 atque
617 889 758 947 ventitans
772 887 875 948 domos

116 985 189 1040 Cum
207 984 325 1043 tabula:
341 999 455 1065 oportet
468 987 578 1066 quippe
588 987 683 1064 justus
698 999 731 1046 ut
745 992 836 1058 neus,

106 1081 198 1138 Domi
212 1083 357 1142 manendo
372 1083 408 1142 sit
422 1084 498 1144 salos
510 1079 684 1143 colentibus.

31 1187 117 1252 ldem
131 1189 310 1256 Menander
324 1192 356 1258 in
371 1191 497 1288 llicrec,
514 1194 578 1260 sive
594 1194 627 1259 iu
642 1191 839 1260 Sacerdote:

107 1309 223 1366 Homini
234 1308 358 1366 salutem
371 1283 521 1374 uoereus
532 1311 583 1368 dat
595 1310 734 1384 alterum,

105 1406 222 1478 Mulier,
233 1426 289 1484 per
300 1407 465 1482 hominem,
476 1428 605 1486 namque
618 1409 709 1468 bomo
721 1410 745 1468 si
757 1427 844 1486 quem
856 1408 945 1470 deum

106 1509 302 1582 Quocumque
313 1504 403 1564 libeat
419 1505 564 1582 cymbalis
575 1508 769 1584 pertraxerit,

106 1604 169 1658 Hoc
180 1615 336 1660 exsecutus
346 1602 381 1658 fir
391 1601 447 1660 deo
459 1603 619 1680 potentior.

106 1700 246 1760 Audacia}
255 1699 324 1758 baec
334 1713 401 1757 suut
414 1712 444 1776 et
455 1699 532 1757 lucri
544 1699 708 1769 molimina,

108 1803 233 1856 Inventa
242 1798 417 1856 hominibus
426 1795 662 1876 impudentibus,
675 1795 796 1870 Rhode,

110 1895 275 1978 Nostrique
290 1901 358 1958 licta
370 1901 401 1957 in
412 1901 510 1959 sarculi
520 1899 687 1958 ludibrium.

30 2017 155 2083 Rursus
166 2018 200 2084 in
211 2017 409 2102 Miaumcno,
425 2018 490 2084 sire
502 2016 634 2094 Odioso,
648 2018 688 2083 dc
700 2017 739 2084 iis
751 2017 808 2108 qur
821 2018 855 2086 in
865 2019 941 2086 deos
951 2027 1070 2114 recepti

29 2139 116 2203 sunt,
129 2125 328 2194 sententiam
339 2150 513 2215 exponens,
527 2126 575 2192 vel
587 2127 692 2215 polius
703 2149 757 2194 eos
767 2151 833 2214 non
843 2151 912 2204 esse
923 2130 1068 2200 demons-

31 2246 124 2309 trans,
136 2235 282 2301 alcidem
296 2233 490 2310 Menander:

105 2353 138 2410 Id
149 2353 172 2411 si
185 2354 337 2423 viderem,
348 2351 605 2412 redditumstatirn
616 2352 688 2411 mibi

106 2454 237 2512 Animum
250 2459 409 2532 putarem
421 2471 546 2530 namque
556 2471 633 2511 nunc
644 2451 696 2511 ubi
704 2453 851 2531 gentium,

111 2557 137 2611 0
151 2557 233 2624 Geta,
243 2553 346 2632 juetoe
356 2553 487 2610 invenire
498 2553 540 2610 fas
549 2551 641 2612 deos?

34 2673 113 2737 Elin
130 2672 392 2747 Paracatatheee¹
409 2673 474 2737 sive
491 2673 524 2737 in
539 2671 713 2760 Deposito:

106 2791 228 2850 Videtur
239 2793 324 2872 ipsos
333 2790 381 2867 jus
392 2791 525 2868 iniquum
538 2789 617 2869 apud
630 2791 709 2850 deos.

34 2901 68 2965 lll
83 2901 250 2990 Euripides
264 2901 432 2989 tragoedus
447 2901 480 2965 in
496 2898 633 2964 Oreste:

108 3022 252 3094 Phoebus‚
260 3018 394 3097 jubendo
405 3020 493 3077 metri
503 3030 537 3077 ut
546 3019 684 3078 inferrem
695 3037 807 3092 necem,

113 3122 180 3194 lpse
191 3117 359 3174 esthonesti
371 3133 404 3173 ac
411 3115 485 3191 juris
495 3115 674 3175 inscienticr.
838 3111 843 3160 l

118 3215 304 3291 Quicumque
315 3216 428 3273 tandem
441 3215 497 3272 sint
510 3215 541 3273 di
547 3257 557 3288 ‚
566 3215 742 3276 honoramus
753 3217 833 3278 deos.

116 3311 247 3370 Videsne
257 3311 415 3388 Phoebum,
425 3314 474 3389 qui
484 3313 586 3374 sedens
597 3314 714 3374 oracula

113 3414 150 3470 In
163 3408 314 3468 umbelico
325 3408 404 3466 clara
413 3409 462 3466 dat
472 3409 658 3492 mortalibus..

112 3509 231 3586 Cuique
242 3505 331 3565 iidem
343 3505 496 3578 hebernus,
509 3505 686 3585 quidquidis
699 3509 878 3586 pronuntiet.

111 3609 159 3668 Illi
173 3609 361 3688 obsequntus
372 3607 459 3666 intuli
469 3608 556 3666 matri
567 3625 676 3666 necem.

114 3705 199 3766 Illum
211 3706 367 3767 scelestum
380 3704 480 3778 dicite,
495 3717 524 3764 et
537 3703 626 3764 morti
641 3704 715 3762 date.

115 3806 246 3864 Peccavit
260 3805 319 3878 ille,
335 3825 395 3865 non
406 3824 469 3884 ego.
484 3805 564 3879 Quid
577 3823 624 3862 me
636 3804 717 3862 decet

127 3927 148 3966 1·
857 3906 894 3980 tl
