2688 4626
259 249 319 328 146
504 270 653 314 narsroaa
677 269 830 316 accusem
855 271 1043 317 suessanus

255 407 267 442 a
284 381 388 468 ignem
403 378 487 467 pati,
505 376 592 442 dabit
607 387 639 440 et
650 376 718 441 aine
728 389 831 442 vestra
843 399 882 441 ex
893 376 991 444 clavis
1003 373 1168 446 cautione,
1182 373 1292 436 imma

255 518 267 551 ι
284 501 353 554 tum
367 489 401 554 in
416 509 494 576 pyra
509 507 707 576 permanere.
724 515 736 548 ι

298 597 385 664 XIV.
396 595 444 662 liii
452 619 527 684 ergo
536 616 600 661 non
608 595 736 684 quidam
749 594 1048 666 clavisdeiixerunt,
1056 591 1291 678 sedligararnnt

256 726 353 774 cum·
364 707 423 772 Hic
438 728 513 772 ¹vero
533 706 681 772 manibus
694 717 767 794 post
782 715 908 792 tergum
928 703 1052 792 positis,
1065 723 1106 766 ac
1122 699 1291 764 revinctas.

255 829 406 904 tanquam
433 815 514 880 aries
541 813 669 902 insignis
695 835 733 877 ex
758 835 874 900 magno
897 834 993 900 grege
1015 810 1059 874 ad
1080 806 1289 874 oblationum.

258 924 480 991 holocaustum
495 919 692 1011 acceptabile
707 919 776 986 Deo
791 931 1017 1008 preparatum,
1034 914 1158 982 coeium
1173 915 1293 980 contai-

255 1045 320 1107 tus,
337 1031 415 1096 dixit
430 1055 437 1096 :
457 1029 617 1096 «Domine
631 1029 717 1094 Deus
729 1029 944 1116 omnipotens,
957 1027 1052 1092 Pater
1067 1024 1181 1091 dilecti
1196 1045 1234 1088 ac
1245 1024 1292 1086 bo

257 1168 270 1201 a
286 1139 405 1204 nedicti
420 1135 492 1202 Filii
503 1136 550 1200 tui
565 1135 643 1202 «Iesu
657 1135 787 1212 Christi,
804 1157 969 1224 perquem
984 1135 1031 1200 tui
1046 1134 1202 1200 notitiam
1211 1154 1292 1198 aoce-

257 1276 270 1308 ι
285 1242 1287 1334 pimus3DeusAngelorumetVirtutumacunirersaeooeaturae.

257 1383 270 1415 a
287 1353 446 1440 totiusque
462 1351 622 1439 justorum
634 1352 758 1440 generis
774 1352 828 1439 qui
843 1352 953 1417 viumt
967 1351 1002 1416 in
1016 1363 1201 1440 conspectu
1217 1363 1281 1414 tuo:

257 1459 439 1526 »benedico
451 1470 495 1534 te,
504 1459 656 1546 quoniam
667 1480 720 1524 me
731 1458 793 1524 hac
811 1458 863 1524 dic
878 1469 973 1546 atque
983 1459 1045 1524 hac
1056 1458 1142 1526 hora
1154 1459 1283 1547 ὤμω

256 1597 270 1630 a
286 1592 334 1643 os,
352 1579 387 1632 ut
400 1578 525 1654 partem
541 1589 691 1655 caperem
706 1568 739 1633 in
754 1589 889 1632 numero
904 1579 1086 1654 martyrum
1102 1579 1240 1642 tuorum,
1254 1567 1280 1630 in

253 1675 382 1744 scalicc
394 1675 512 1742 Christi
529 1675 589 1752 tui,
602 1675 643 1741 ad
655 1677 921 1742 resurrectionem
935 1676 1007 1740 vitre
1022 1689 1170 1752 aeternae,
1183 1677 1280 1742 anime

257 1799 317 1850 »et
332 1785 487 1873 corporis,
509 1786 542 1849 in
557 1785 795 1874 incorruptione
811 1784 947 1873 Spiritus
967 1785 1096 1850 sancti:
1118 1786 1191 1852 inter
1204 1807 1272 1871 quos

256 1892 407 1957 »aunam
423 1891 576 1979 suscipiar
592 1892 688 1957 hodie
708 1913 817 1956 coram
832 1904 881 1968 te,
905 1893 937 1958 in
957 1892 1120 1959 sacrificio
1140 1894 1233 1983 pingui
1245 1905 1275 1956 ct

256 2025 269 2058 s
283 2009 429 2086 accepto,
444 1999 716 2085 quemadmodum
737 2000 918 2087 praeparasti
935 2013 967 2065 et
989 2003 1236 2088 praemonstmti
1253 2013 1283 2066 et

257 2135 269 2166 a
286 2105 508 2194 adimplevisti,
522 2108 680 2174 mendacii
692 2108 816 2173 nescius
828 2130 867 2174 ac
877 2131 972 2174 verax
981 2108 1079 2176 Deus.
1093 2110 1285 2200 Quapropter

257 2241 269 2274 a
287 2214 328 2279 de
344 2214 600 2292 omnibuslaudo
611 2216 830 2292 tabenedioo
843 2228 887 2292 te,
898 2215 1045 2304 glorifico
1058 2231 1104 2293 te,
1122 2242 1199 2284 cum
1210 2243 1285 2284 sam

256 2322 408 2409 »piterno
429 2333 462 2387 et
477 2320 598 2388 coelesti
619 2322 696 2387 Jesu
719 2322 859 2399 Christo,
884 2323 1002 2391 dilecto
1022 2338 1077 2391 tuo
1097 2325 1199 2398 Fidio,·
1218 2351 1285 2394 cum

255 2454 346 2518 »quo
363 2431 420 2497 tihi
436 2442 468 2496 ct
480 2429 610 2519 Spiritui
627 2428 859 2522 sancto'gioria‚
877 2444 909 2498 et
924 2447 1054 2502 nuncet
1067 2435 1100 2502 in
1112 2435 1224 2501 sutura
1241 2459 1286 2502 sa

256 2538 364 2608 „cula
381 2543 494 2608 Amen.
511 2571 524 2604 ι
807 2611 810 2620 ,

299 2649 370 2716 XV.
387 2653 427 2716 Et
441 2664 610 2739 postquam
621 2673 720 2716 oeten
734 2654 902 2730 emisisset,
913 2657 1190 2745 precationemque
1204 2679 1282 2722 ocur

256 2755 389 2846 plesset,
413 2757 558 2824 homines
581 2781 636 2822 seu
659 2758 794 2824 ministri
817 2760 909 2846 ignis,
935 2753 1041 2848 ignem
1062 2763 1276 2829 accendemnt.

256 2865 339 2930 Cum
354 2889 429 2931 vero
446 2867 556 2954 ingens
570 2864 699 2936 [lamma
715 2865 898 2944 emicasse,
911 2868 1030 2957 grande
1046 2869 1239 2940 miraculrun
1249 2871 1285 2935 si-

176 3017 182 3028 =
255 2977 372 3048 dimus,
389 2974 505 3060 quihus
521 2985 664 3062 spectare
681 2995 869 3042 concessum
886 2976 959 3049 suit;
980 2978 1035 3065 qui
1049 2980 1175 3046 ntideo
1191 3003 1284 3046 reser-

254 3084 318 3156 vati
333 3105 456 3156 sumus,
473 3093 508 3154 ut
522 3081 590 3147 aiiis
605 3105 676 3169 quae
693 3084 894 3173 contigerunt
910 3087 1186 3156 annuntiaremus.
1213 3091 1288 3179 ignis

253 3193 340 3260 onim
360 3191 492 3256 fornicis
513 3193 654 3279 speciem
674 3195 835 3282 praebens,
858 3207 1009 3282 tanquam
1032 3199 1124 3262 navis
1147 3197 1258 3266 velum
1277 3223 1291 3262 a

253 3313 348 3370 tauto
364 3297 522 3389 repletum
537 3311 632 3386 atque
643 3301 817 3377 sinuatum,
835 3303 974 3391 undique
986 3305 1207 3376 circumdedit
1217 3333 1294 3374 mar-

252 3415 330 3503 tyris
347 3435 483 3500 corpus;
502 3410 588 3499 quod
603 3411 734 3497 quidem
750 3411 782 3476 in
797 3411 904 3477 medio
919 3415 1072 3501 positum,
1085 3439 1155 3482 non
1169 3427 1209 3482 ut
1224 3441 1293 3484 onro

252 3546 319 3588 assa
335 3522 517 3597 videbatur‚'
535 3520 591 3586 sed
607 3519 702 3586 veluti
718 3522 809 3608 panis
825 3534 949 3599 coctus,
966 3522 1015 3590 vel
1031 3524 1116 3590 sicut
1131 3550 1255 3592 aurum
1268 3541 1295 3592 rt

239 3639 420 3717 argentum
439 3629 472 3704 in
487 3627 617 3697 fornace
633 3627 782 3702 candens.
798 3626 934 3695 Tantam
949 3621 1065 3720 quippo
1085 3633 1296 3724 fragrantiam

253 3736 481 3810 adorabamur,
491 3759 530 3805 ac
542 3737 566 3802 si
574 3737 649 3812 thus
660 3735 715 3802 aut
726 3735 813 3802 aliud
821 3737 982 3824 quoddam
992 3740 1212 3828 pretiosorum
1225 3767 1297 3810 arn-

254 3859 375 3914 matum
392 3837 530 3912 ciuissct.
1007 3837 1014 3852 ’
