2616 4620
235 188 294 253 res
572 211 598 251 s.
624 209 653 251 r.
679 209 708 256 s.
736 205 901 252 rusorum

229 329 263 382 et
275 329 400 406 pareret
419 315 533 392 filium,
548 315 602 404 qui
615 313 695 380 seth
709 311 882 404 appellatus
900 323 962 386 est,
980 333 999 376 e
1018 332 1089 398 quo
1106 305 1266 393 reliquum

230 425 395 494 bominum
408 449 506 515 genus
517 425 668 491 hactenus
684 436 885 514 propagatur.
901 422 1028 488 Omnes
1044 429 1160 484 nutem
1170 437 1266 504 gens

231 535 367 600 rationes
387 533 413 598 si
430 555 617 622 pernoscere
632 530 788 600 voluerint
803 531 857 620 qui
875 528 1022 596 discendi
1042 537 1125 594 sunt
1148 523 1265 612 cupidi.

232 641 322 708 lacile
337 654 385 708 est
398 665 451 708 eas
466 667 504 710 ex
521 642 692 732 scripturis
707 631 821 708 sanetis
837 641 1071 708 demonstrare.
1090 635 1172 704 Jam
1185 636 1265 700 enin

232 750 356 816 anobis
367 748 471 838 ulique
482 773 521 817 ex
531 764 621 842 porte
637 752 777 818 institute
788 761 849 825 est,
863 763 897 814 ut
912 771 1009 838 supro
1026 747 1190 820 diximus,
1205 743 1263 808 bar

232 859 414 948 disputatio,
434 882 548 950 nempe
571 860 759 950 genealogie
779 858 874 926 series
889 859 923 924 in
940 857 1050 946 primo
1069 854 1116 920 de
1135 853 1263 918 hister-ru

232 967 323 1034 libro.
341 969 418 1034 llmc
438 979 545 1034 nutem
566 965 672 1034 omnir
692 967 800 1034 docuit
813 990 871 1032 nos
890 965 1031 1054 Spiritus
1051 971 1205 1036 mnam,
1218 963 1262 1048 qu

230 1100 289 1167 per
305 1076 436 1166 Moysen
451 1089 484 1142 et
498 1089 627 1144 neuros
641 1077 813 1167 Pnopbetes
826 1073 978 1164 loquutus
994 1083 1061 1148 est,
1079 1072 1128 1136 ita
1147 1083 1183 1134 nt
1200 1091 1262 1134 nos

231 1196 301 1259 trre,
323 1185 379 1274 qui
398 1185 502 1252 Deum
527 1184 672 1261 colimur,
693 1183 804 1250 littere
826 1183 975 1250 omnibus
998 1181 1261 1269 scriptor-ibose

233 1294 334 1382 poetis
350 1295 542 1384 antiquiores
556 1295 639 1361 sint:
654 1293 710 1360 sed
723 1305 756 1358 et
767 1293 902 1359 veriores
913 1291 1197 1357 demonstramus.
1210 1287 1260 1351 llr

234 1406 307 1471 sioae
330 1417 435 1471 eutem
458 1407 655 1474 inventorem
677 1400 854 1494 Apollinem
873 1403 969 1468 luisse
992 1397 1154 1471 nonnulli
1170 1401 1260 1487 nugae

234 1524 320 1586 sunt:
335 1511 385 1578 ulii
396 1515 436 1580 nb
449 1511 579 1604 Orpheo
594 1537 633 1579 ex
648 1514 735 1579 sueti
749 1511 852 1578 avium
867 1521 1032 1578 concentu
1048 1511 1218 1576 inventum
1227 1508 1261 1570 d'r

234 1633 333 1688 cunt:
350 1645 427 1688 vanu
438 1634 545 1688 sutem
556 1635 588 1687 et
602 1623 703 1689 inanis
714 1643 824 1688 eorum
835 1620 935 1686 oratio
955 1619 1221 1688 demonstratum
1236 1615 1259 1678 b'

235 1729 321 1796 enim
334 1728 441 1796 multis
454 1741 525 1820 post
544 1729 698 1797 diluuium
711 1730 800 1796 annis
815 1728 952 1794 fuerunt.
973 1728 1024 1794 De
1043 1729 1153 1794 rebus
1170 1737 1259 1790 cutm

236 1835 315 1913 Noe,
333 1839 386 1926 qui
400 1837 573 1904 Deucalion
588 1861 606 1904 n
621 1836 779 1910 nonnullis
794 1847 937 1911 vocetur,
951 1835 1137 1925 disputatio
1150 1858 1171 1899 a
1186 1833 1258 1899 nobis

236 1947 269 2012 in
284 1971 322 2012 eo
338 1971 433 2035 quem
448 1949 582 2017 diximus
597 1947 677 2016 libro
693 1949 832 2014 institute
848 1959 908 2022 est,
921 1969 1020 2033 quam
1036 1957 1137 2034 potes
1153 1959 1258 2031 tuque

237 2078 299 2142 que
314 2056 467 2144 inspicere
482 2055 508 2122 si
524 2056 609 2124 velis.

281 2163 405 2229 XXXI.
422 2165 496 2230 Post
511 2166 663 2232 diluvium
684 2168 809 2233 initium
829 2187 937 2230 rursus
955 2165 1096 2232 urbium
1114 2177 1143 2229 et
1154 2187 1252 2252 regim

237 2284 345 2338 ortum
353 2287 401 2340 est
411 2272 443 2340 in
453 2275 539 2342 buno
547 2276 687 2342 modum.
700 2277 802 2342 Primo
812 2273 1248 2364 urbsltahylon,tun01rch.

239 2382 359 2448 Arcbat
380 2395 411 2449 et
427 2383 566 2451 Chelone
580 2386 614 2452 in
633 2397 715 2452 terro
730 2384 859 2452 Senesr.
874 2385 994 2450 Herum
1004 2407 1066 2449 rex
1082 2381 1256 2451 esstititno-

239 2491 324 2556 mine
346 2491 497 2557 Nebrotb.
522 2496 570 2559 Ex
588 2493 637 2560 his
656 2493 772 2582 prodiit
788 2494 814 2558 is
829 2494 883 2581 qui
897 2492 996 2559 Assur
1015 2505 1171 2568 uocetur,
1185 2490 1257 2556 uude

240 2598 317 2666 dicti
333 2601 461 2687 Assyrii.
476 2602 619 2668 Nebrotb
633 2614 740 2668 eutem
754 2601 919 2670 aedilicsvit
930 2603 1026 2666 urbes
1039 2601 1162 2668 Ninive
1171 2599 1252 2666 etbo

239 2710 337 2774 boom
356 2721 389 2774 et
411 2709 518 2786 Calue,
540 2721 573 2775 et
591 2711 696 2776 Dasen
711 2733 782 2797 que
800 2711 882 2775 inter
896 2707 1029 2777 Niniven
1046 2721 1081 2774 et
1098 2708 1199 2776 Calue
1213 2709 1259 2773 sn

241 2828 299 2883 est.
314 2818 425 2884 Ninive
436 2841 510 2884 vero
526 2819 601 2883 urbs
616 2819 675 2884 suit
685 2818 839 2908 imprimis
854 2840 976 2907 magns.
992 2815 1081 2883 Semi
1093 2831 1208 2884 nutem
1218 2816 1261 2881 fibi

241 2924 308 2990 Noe
323 2924 405 2991 filius
423 2925 501 3002 alter
516 2926 644 2992 nomine
658 2925 803 2992 Mesrsim
821 2927 929 3015 genuit
938 2925 1137 3002 baudonim,
1149 2927 1263 2992 Enemi·

242 3033 319 3121 gim,
335 3033 471 3110 Lubiim,
487 3032 690 3123 Nepbteliim,
705 3034 924 3112 Patrosoniim,
942 3034 1029 3100 unde
1043 3034 1157 3116 editus
1168 3033 1265 3101 Pbilis

242 3141 345 3207 tbiim.
358 3140 436 3208 Tres
453 3143 549 3232 igitur
562 3142 628 3210 Noe
647 3142 727 3210 lilios
745 3166 918 3232 eorumque
931 3143 1052 3208 exitum
1070 3154 1103 3208 et
1124 3142 1266 3233 geneslo

243 3251 325 3340 giem
347 3251 528 3316 summatim
551 3253 766 3318 recensuimus
787 3252 820 3318 in
839 3275 877 3318 eo
898 3273 994 3341 quem
1013 3250 1157 3318 diximus
1179 3251 1266 3318 libro

244 3357 337 3426 Nunc
352 3345 458 3423 eutem
469 3380 540 3446 quae
553 3371 721 3447 supersunt
732 3360 991 3436 memorabimus,
1003 3370 1074 3424 tum
1085 3360 1129 3426 de
1142 3363 1269 3426 urbibus

243 3479 276 3532 et
289 3465 427 3554 regibus,
452 3477 520 3530 tum
536 3465 574 3531 de
597 3466 632 3532 iis
651 3489 721 3554 quae
740 3479 826 3555 gestu
845 3478 919 3532 sunt
937 3487 1010 3534 cum
1030 3489 1133 3532 unum
1154 3465 1270 3533 lebinu

244 3588 325 3641 esset
337 3600 374 3642 se
384 3575 489 3664 lingua
506 3598 578 3642 une.
594 3576 773 3664 Antequam
788 3574 901 3665 lingue
916 3576 1148 3653 dividerentur,
1164 3577 1216 3642 hae
1229 3599 1272 3640 ur·

244 3689 301 3751 bes
316 3686 442 3751 luerunt
458 3709 534 3773 quas
550 3710 644 3775 supro
659 3687 892 3775 descripsimus.
912 3685 994 3752 Cum
1010 3699 1119 3752 eutem
1137 3686 1270 3752 instaret

246 3793 324 3862 illud
344 3806 467 3883 tempus
486 3810 520 3859 ut
538 3796 680 3862 homines
700 3797 730 3861 in
750 3797 849 3861 vurios
868 3808 971 3884 portes
995 3795 1268 3882 dispergerentur.
1303 3781 1304 3816 ³
