2808 4688
552 279 733 326 arosronns.
1138 257 1157 320 5

115 393 468 485 propterloannem
478 393 661 476 Marcum,
669 412 775 485 quern
783 388 843 460 ille
853 387 1161 486 quidemrolebat,

117 494 274 568 nolebat
285 513 418 569 autem
428 497 493 568 hic
502 493 1164 594 secumducere.Barnabas,«assump

118 633 135 666 n
150 617 190 673 to
203 603 344 677 Marco
353 660 364 693 ,
375 607 560 700 navigavit
571 600 1031 701 Cyprum3Parilusautem‚
1052 605 1165 676 electo

120 739 139 773 n
154 711 254 798 Sila,
283 712 560 811 perambulabat
581 716 759 807 Syriam.»
784 713 862 805 (nr,
884 713 930 808 39
947 728 981 784 et
997 714 1078 810 41.)

176 821 250 888 Hic
274 822 485 890 narrationis
505 818 713 915 apostolicae
732 816 839 888 finis:
861 817 905 890 de
926 821 1165 916 sequentibus

129 949 210 996 non
236 931 324 999 satis
343 941 489 998 constat.
515 929 551 996 Si
567 924 798 996 Theodoreto
816 925 922 1014 fides,
946 929 993 1000 ad
1017 935 1051 1000 S.
1072 936 1164 1002 Pau·

124 1027 206 1100 lum
232 1057 396 1104 reversus
416 1031 613 1118 Barnabas,
641 1031 860 1103 Corinthum
878 1058 952 1106 una
977 1037 1062 1106 cuni
1084 1039 1165 1108 Tito

122 1138 262 1214 missus
292 1153 354 1210 est.
380 1144 532 1209 Romam
560 1139 724 1207 invisisse
744 1153 868 1209 narrat
894 1141 1112 1213 Dorotbaeus
1130 1160 1167 1214 et

122 1248 433 1340 Recognitionum
458 1261 595 1323 auctor.
624 1248 733 1314 Hunc
762 1259 956 1341 patronum
981 1246 1094 1321 habet
1118 1254 1167 1320 ci-

123 1353 220 1421 vitas
232 1351 534 1437 Mediolanensis,
546 1376 643 1446 quaa,
657 1349 841 1428 traditioni
855 1356 1041 1440 insistens,
1057 1355 1165 1426 fidem

124 1455 173 1526 ab
197 1457 265 1528 illo
286 1464 463 1556 accepisse
485 1458 680 1556 gloriatum
700 1456 798 1528 unde
823 1484 844 1530 a
867 1461 905 1533 S.
925 1464 1058 1534 Carolo
1079 1473 1167 1538 Bor-

126 1591 272 1639 romaeo
288 1569 390 1640 urbis
403 1569 602 1667 Apostolus
618 1565 838 1664 praedicatus
853 1585 920 1640 est.

178 1678 308 1746 'santis
321 1673 471 1744 demum
481 1675 676 1744 exantlatis
688 1672 891 1761 laboribus,
900 1680 1034 1773 Cypro,
1046 1684 1083 1749 in
1098 1686 1172 1780 ipsa

133 1783 304 1868 civitate,
325 1783 502 1877 martyrio
522 1783 657 1864 vitam,
683 1795 853 1874 provecta
878 1781 951 1874 jatn
977 1802 1175 1878 senectute,

140 1893 427 1958 consummavit.
453 1887 648 1956 Viventem
668 1884 785 1955 adhuc
802 1885 997 1958 Barnabam
1017 1912 1171 1968 comme-

147 2007 272 2064 morat
290 1993 421 2065 Paulns
439 2016 534 2062 anno
553 1989 601 2062 56
617 1991 653 2086 (r
671 1991 827 2062 Corinth.
845 2017 895 2080 nr,
917 1993 978 2088 6);
996 2000 1030 2066 S.
1050 2013 1169 2072 autern

148 2099 426 2196 Chrysostomus
451 2097 614 2168 nondum
642 2111 826 2168 mortuum
858 2098 967 2171 fuisse
995 2109 1169 2201 supponit

139 2229 239 2276 anno
263 2205 328 2292 63,
350 2203 444 2275 unde
467 2201 691 2300 probabilius
717 2203 1008 2276 concludendum
1028 2211 1170 2283 videtur

137 2313 244 2384 illum
257 2318 353 2385 inter
362 2337 496 2383 annum
506 2337 554 2408 7⁰
567 2311 623 2382 vel
640 2313 686 2382 80
701 2311 797 2382 diem
812 2329 1014 2400 extremum
1027 2316 1169 2392 obiisse.

186 2427 345 2493 Graecam
364 2419 538 2491 hahemus
555 2417 769 2516 Epistolam,
786 2424 818 2490 S.
837 2421 1008 2494 Barnabae
1026 2433 1173 2498 nomine

129 2529 356 2624 insignitam.
383 2524 557 2622 Apostolo
577 2523 746 2616 tribuunt
772 2524 937 2596 Clemens
956 2528 1173 2601 Alexandri-

136 2663 222 2722 nus,
240 2641 411 2733 Origenes
429 2650 465 2704 et
483 2633 555 2704 alii.
576 2633 646 2704 Sed
662 2633 708 2702 ab
725 2634 947 2729 Hieronymo
965 2650 1002 2706 et
1020 2637 1174 2710 Eusebio

136 2743 234 2815 inter
247 2740 452 2840 apocrypha
469 2737 678 2838 deputatur,
692 2763 759 2810 nec
777 2763 940 2836 unquam
958 2739 1005 2810 ab
1019 2743 1175 2814 Ecclesia

135 2853 172 2920 in
201 2872 377 2921 canonem
410 2845 618 2916 divinorum
652 2849 870 2942 scriptorum
896 2843 964 2915 snit
988 2846 1174 2927 admissa¹.

136 2958 287 3028 Cunctis
312 2967 430 3023 autem
465 2950 685 3034 fatentibus,
720 2953 853 3048 scripta
875 2949 942 3021 luit
972 2955 1174 3025 viventibus

137 3061 321 3161 apostolis
335 3059 363 3146 ²3
375 3056 475 3155 quod
490 3070 591 3154 patet
601 3059 709 3126 etiam
722 3080 766 3126 ex
777 3055 869 3151 stylo
880 3054 1075 3152 quemdam
1090 3072 1175 3129 tem-

138 3194 267 3269 porum
305 3166 590 3264 apostolicorum
618 3163 768 3234 odorem
802 3163 989 3234 referente.
1027 3171 1174 3254 Auctor,

171 3376 290 3426 ¹Eadem
308 3375 479 3422 controversia
501 3371 595 3419 diridit
616 3372 780 3424 recentiorem
797 3367 970 3416 authenticam
988 3367 1112 3416 affirmant
1125 3369 1176 3420 lla·

138 3453 228 3505 monci,
250 3449 365 3504 Vossius,
382 3443 503 3501 Colelier,
522 3443 563 3490 Du
577 3443 636 3501 Pin,
656 3442 737 3498 Cave,
755 3441 814 3489 nic.
832 3441 866 3487 Le
878 3439 1119 3503 Nourry‚hardner;
1132 3460 1176 3493 ne·

139 3536 200 3594 gant
211 3525 281 3588 llug.
297 3515 518 3575 menardussttar.
532 3515 684 3573 Alexander,
695 3512 835 3562 Tillemont
843 3519 868 3560 et
881 3511 911 3560 D.
922 3509 1029 3560 ceillier.
1043 3513 1127 3563 Utitur
1136 3517 1177 3566 hic

138 3605 293 3664 argumento
314 3605 367 3656 quo
383 3591 468 3653 rejicit
480 3587 507 3636 S.
529 3587 682 3652 Augustinus
697 3601 773 3649 opero
789 3585 850 3634 falso
867 3585 909 3635 SS.
932 3587 1039 3636 Andreae
1049 3597 1075 3636 et
1086 3589 1179 3638 loanni

138 3672 268 3736 supposita
285 3668 318 3716 ab
334 3665 482 3714 haereticis:
502 3661 655 3716 «Sionem,
670 3661 804 3723 recepisset
818 3659 956 3710 Ecclesia.»
978 3659 1113 3720 Nimirum,
1125 3677 1175 3712 non

138 3748 186 3795 luit
199 3743 230 3792 ab
242 3738 370 3806 apostoli·
381 3740 508 3802 scriptum
521 3734 676 3798 quidquam,
690 3733 756 3796 qood
770 3749 818 3782 non
829 3733 939 3783 Ecclesia
955 3731 1072 3783 habuerit
1084 3735 1176 3786 divim·

143 3827 181 3864 tus
191 3815 355 3876 inspiratum.

174 3891 185 3923 ²
198 3889 301 3941 Scilicet
314 3884 458 3950 paulopost
472 3897 585 3932 eversam
597 3897 611 3928 a
624 3880 683 3928 Tito
694 3880 911 3946 Hierosolymam,
924 3895 964 3928 ao.
977 3895 1016 3942 7⁰·
