2648 4598
340 231 474 278 nrcurro
497 233 554 276 ruo
578 231 779 278 cnmsrrarus.
1028 209 1069 292 87

62 361 130 405 nem
143 337 232 404 linxit
243 359 282 404 ac
292 360 387 404 unam
398 337 590 426 mulierem),
603 349 671 403 tum
682 337 767 426 quod
779 335 881 404 cernis
893 357 967 402 cum
977 357 1071 401 carne

18 513 19 518 ,
61 449 311 536 conjunctionem
332 447 469 536 quodam
490 447 584 514 veluti
605 447 729 514 vinculo
746 447 787 513 ad
802 445 1072 514 commiscendum

61 579 152 645 geum
167 554 344 644 colligatam
359 555 515 622 dissolvat.

18 707 21 742 ς
101 661 250 730 XXXIV.
273 661 429 730 Ceterum
448 662 525 730 tales
546 685 622 730 cum
643 664 737 729 simus
755 662 848 750 (quid
864 685 922 752 ego
938 659 1071 727 tacenda

18 814 21 854 g
59 770 256 860 proleraml)
274 771 417 837 audimus
435 769 513 837 illud
534 772 703 860 proverbii,
724 771 882 838 mercorio
899 769 1068 860 pudicam.

59 878 204 967 Numqui
215 879 370 946 nundinas
387 879 588 968 impudicitiae
599 881 778 955 instituunt,
790 889 823 945 et
834 879 958 946 infanda
970 876 1071 943 omnis

18 1039 21 1076 3
57 989 255 1077 turpitudinis
279 989 447 1056 diversorio
471 987 721 1056 adolescentibus
746 999 950 1078 proponunt,¹
967 1011 1005 1053 ac
1031 1009 1072 1051 ne

18 1151 22 1188 3
58 1097 200 1164 masculis
212 1099 341 1186 quidem
351 1110 539 1188 temperant,
555 1097 687 1164 masculi
701 1099 733 1164 in
745 1095 901 1164 masculos
911 1093 1071 1162 horribilia

18 1261 20 1300 ζ
57 1215 224 1293 patrantes,
237 1217 268 1272 et
279 1205 457 1273 honestiora
472 1229 510 1274 ac
523 1205 702 1294 prdchriora
714 1228 847 1294 quaeque
858 1226 990 1292 corpora
1001 1228 1073 1270 om-

18 1383 21 1408 2
58 1312 148 1378 nibus
162 1313 277 1399 stupris
291 1312 454 1389 violantes,
471 1335 509 1378 ac
523 1326 635 1380 create
646 1336 664 1378 a
676 1312 744 1379 Deo
764 1311 920 1378 venustati
937 1309 1073 1376 dedecus

19 1491 20 1498 χ
57 1421 215 1488 inurentes
230 1420 351 1508 (neque
365 1422 451 1487 enim
465 1433 609 1488 venustas
621 1423 654 1487 iu
664 1422 756 1488 terris
772 1444 829 1488 suo
843 1427 954 1509 sponte
970 1418 1074 1484 exori-

56 1539 120 1603 tur,
136 1528 191 1594 sed
204 1528 263 1593 Dei
277 1551 373 1594 mauu
388 1539 421 1594 et
435 1527 596 1594 voluntate
611 1529 784 1617 mittitur);
806 1527 828 1592 ii
843 1549 912 1615 quae
928 1525 986 1590 sibi
1001 1523 1075 1612 ipsis

57 1634 249 1708 conscivere,
262 1657 392 1722 qumque
408 1634 466 1699 diis
481 1635 544 1699 suis
559 1635 747 1710 attribuunt,
768 1645 918 1720 tunquam
937 1631 976 1696 de
994 1651 1076 1718 prae-

57 1739 140 1806 clare
154 1740 243 1806 lactis
255 1763 292 1806 ac
306 1740 438 1808 deorum
453 1741 587 1829 propriis
598 1739 779 1828 gloriantes,
795 1763 831 1805 ea
847 1739 938 1805 nobis
954 1739 987 1804 in
1001 1759 1074 1803 oon-

18 1929 19 1936 *
56 1846 128 1912 vicii
139 1844 210 1912 loco
224 1847 397 1934 objiciunt;
414 1848 521 1933 sicque
536 1845 670 1913 adulteri
686 1860 719 1914 et
734 1870 905 1936 puerorum
920 1857 1075 1912 amatores

56 1953 218 2018 eunuchos
232 1965 265 2018 et
279 1952 375 2020 semel
389 1965 504 2042 nuptos
518 1955 709 2041 vituperant,
719 1967 752 2020 et
766 1955 819 2042 qni
834 1955 930 2020 instet·
939 1954 1075 2043 piscium

57 2061 165 2127 virum
179 2059 264 2146 (nam
274 2073 306 2126 et
318 2063 375 2150 ipsi
387 2063 515 2128 obvium
526 2085 683 2151 quemque
695 2062 857 2139 devorant,
871 2074 903 2128 et
913 2061 1075 2128 infirmum

55 2169 166 2235 fortior
176 2169 359 2246 insectatur,
372 2170 469 2258 idque
481 2193 590 2236 earnes
601 2170 754 2238 humanas
765 2171 916 2259 attingere
930 2179 990 2245 est,
1003 2190 1077 2234 con-

54 2289 103 2342 tra
118 2275 201 2366 leges
216 2300 234 2342 a
250 2277 337 2343 vobis
352 2289 384 2343 et
403 2277 574 2366 majoribus
585 2279 695 2344 restris
706 2278 747 2344 ad
758 2300 884 2344 omnem
896 2276 1075 2366 aequitatem

18 2405 19 2410 ¹
55 2384 296 2472 descriptasvim
308 2398 340 2451 et
353 2386 590 2474 impressionem
602 2389 776 2476 exercere),
786 2381 832 2452 itu
848 2397 883 2450 ut
894 2384 980 2450 missi
992 2407 1009 2448 a
1023 2407 1079 2450 vo-

53 2493 104 2559 his
114 2493 346 2582 provinciarum
357 2495 502 2582 presides
514 2517 679 2560 caumrum
693 2494 922 2562 audiendarum
933 2515 1013 2560 onus
1024 2491 1076 2558 vix

52 2602 251 2668 sustineant:
275 2603 309 2679 ii,
327 2603 468 2692 inquam,
486 2604 539 2692 qui
554 2605 597 2670 ita
613 2605 732 2681 vivunt,
753 2604 787 2670 in
807 2626 861 2670 eos
882 2605 1075 2670 invehuntur

53 2711 169 2799 quibus
183 2733 243 2778 nec
253 2711 408 2801 percussis
423 2712 540 2799 seipsos
555 2733 619 2778 non
635 2712 771 2785 tradere,
784 2733 844 2776 nec
855 2708 937 2774 male
949 2709 1076 2774 audien-

52 2821 139 2886 tibus
154 2819 199 2885 las
214 2831 262 2886 est
276 2843 340 2885 non
354 2821 553 2886 benedicere.
572 2821 682 2908 Neque
700 2821 785 2886 enim
805 2819 878 2884 sutis
893 2827 941 2883 est
956 2820 1075 2908 justum

52 2952 122 2995 esse
134 2929 268 3014 (justitia
282 2930 367 2994 enim
378 2941 426 2994 est
440 2929 575 3016 perpuri
587 2929 731 3015 referre),
745 2926 800 2992 sed
811 2924 890 2991 illud
899 2927 992 2992 etiam
1005 2950 1075 3020 pro-

53 3036 193 3122 positum
208 3035 298 3100 nobis
309 3046 369 3109 est,
381 3036 502 3100 utboni
513 3035 708 3122 etpatieutes
720 3031 876 3099 malorum
886 3035 1001 3102 simus..

99 3141 237 3208 XXXV.
254 3142 331 3220 Quis
348 3143 443 3232 igitur
455 3166 518 3208 non
535 3141 756 3208 insulsissimus
769 3165 838 3218 nos,
855 3165 930 3209 cum
943 3142 1020 3210 tales
1039 3143 1078 3208 si-

53 3273 141 3326 mus,
156 3250 328 3318 homicidos
344 3273 411 3316 osse
426 3251 556 3326 dixerit?
568 3251 676 3341 Neque
693 3252 781 3318 enim
797 3274 906 3319 cernes
922 3253 1076 3318 humanas

53 3361 224 3448 degustare
239 3383 417 3447 possumus,
434 3362 492 3427 nisi
506 3363 592 3451 prius
607 3350 742 3451 aliduem
754 3363 974 3429 occiderimus.
992 3360 1076 3427 Dum

51 3483 164 3535 autem
175 3469 309 3536 alterum
324 3473 531 3548 mentiuntur,
545 3474 569 3537 si
583 3474 651 3562 quis
664 3474 703 3538 de
719 3473 817 3539 altero
833 3473 872 3538 ek
887 3473 932 3538 eis
944 3483 1074 3560 quaerat,
1172 3559 1178 3566 ·

51 3603 94 3644 an
111 3579 247 3646 viderint
258 3603 327 3668 quas
343 3581 499 3659 dictitant,
512 3607 605 3649 nemo
620 3595 683 3649 tam
694 3584 860 3673 impudens
873 3594 910 3646 ut
918 3581 1030 3647 vidisse
1043 3605 1076 3646 se

51 3689 152 3754 dicat.
165 3688 245 3754 Sunt
255 3691 346 3756 nobis
357 3693 449 3767 servi,
461 3690 527 3758 aliis
538 3693 665 3782 quidem
676 3691 794 3781 plures,
806 3691 873 3758 aliis
885 3701 990 3757 antem
1001 3713 1076 3778 pau-

50 3797 173 3872 ciores,
186 3820 264 3884 quos
275 3796 372 3867 latere
383 3823 447 3868 non
462 3824 628 3890 possumus
643 3826 652 3868 ε
665 3801 779 3868 horum
793 3811 899 3868 tamen
915 3821 1010 3865 nemo
1024 3797 1075 3864 in-
