2808 4688
286 259 328 320 (io
580 287 583 296 .
645 275 758 316 sunorr
783 274 958 317 cusuanrrs

286 384 466 450 inordinate
485 381 554 448 lieri
568 379 732 469 precepit,
748 377 804 444 sed
820 375 982 465 praelinitis
997 385 1202 469 temporibus
1222 393 1267 448 et
1280 383 1338 448 bo-

287 494 350 562 ris:
370 493 424 558 ubi
436 491 532 556 etiam
547 497 611 554 eta
628 489 744 576 quibus
760 484 914 554 celebrari
930 487 1010 563 vult,
1027 492 1094 578 ipso
1108 492 1335 558 excelsissima

287 622 343 666 sua
360 597 522 664 voluntate
540 594 698 666 aesinion
722 605 758 658 ut
777 617 857 682 pure
876 605 908 658 ct
929 607 1036 662 sancte
1057 600 1166 664 omnia
1186 600 1289 666 secta
1309 602 1335 663 in

287 705 499 794 beneplacito,
518 715 648 792 accepta
665 713 771 768 essent
790 686 943 768 voluntati
962 705 1042 791 ojus.
1065 706 1130 784 Qui
1149 730 1240 798 ergo
1260 709 1335 772 ussi-

286 816 387 906 gnatis
402 813 599 900 temporibus
614 810 791 878 oblationes
804 833 877 876 suas
892 811 1028 888 iaciunt,
1047 815 1173 904 accepti
1183 827 1231 880 et
1250 818 1334 882 beuti

288 933 387 990 sunt:
417 945 490 986 nam
516 921 571 1009 qui
597 930 775 1007 sequuntur
800 917 883 1007 leges
904 920 1045 997 DomIni,
1068 947 1132 988 non
1157 927 1330 990 ubemur.

289 1034 422 1100 Summo
436 1031 553 1119 quippe
570 1029 726 1096 sacerdoti
738 1050 794 1092 sua
809 1029 917 1093 munia
929 1028 1048 1094 tributa
1064 1043 1155 1104 sunt;
1177 1043 1212 1098 et
1227 1055 1333 1098 sacer·

289 1142 417 1208 dotibus
435 1139 525 1206 locus
544 1139 690 1227 proprius
706 1137 880 1226 assignatus
897 1149 962 1213 estr
981 1151 1013 1206 et
1029 1139 1130 1205 levitis
1146 1163 1203 1206 suu
1220 1144 1329 1208 minis

288 1251 565 1318 toriaincumbunt
571 1272 580 1319 t
591 1248 688 1313 homo
697 1246 796 1312 laicus
806 1248 970 1334 preceptis
979 1247 1066 1314 laicis
1076 1251 1323 1339 constringitur.

330 1360 414 1428 XLI.
434 1357 655 1446 Unusquisque
669 1369 823 1430 vestrum,
836 1356 960 1433 fratres,
973 1358 1011 1423 in
1025 1383 1084 1424 suo
1103 1371 1189 1424 statu
1206 1361 1326 1448 gratim

287 1471 355 1538 Deo
366 1469 493 1542 babeat,
510 1468 636 1532 inbono
654 1465 845 1532 conscientie
862 1466 992 1554 degens,
1003 1479 1068 1533 nou
1085 1471 1324 1558 transgrediens

286 1579 503 1670 prescriptam
519 1577 660 1643 muneris
678 1577 726 1642 sui
748 1574 902 1664 regulam,
920 1575 952 1641 in
969 1575 1146 1644 honestate.
1161 1579 1233 1644 Non
1251 1579 1324 1644 ubi-

288 1687 686 1779 que,sratres,oll'eruntur
708 1685 862 1751 sacrificia
881 1685 1247 1774 jugia,velvot1va,vel
1265 1711 1322 1776 pru

288 1809 421 1887 peccato
444 1807 477 1862 et
494 1793 628 1869 delicto,
650 1794 705 1858 sod
727 1791 954 1880 Hierosolymis
976 1805 1118 1867 tuntum;
1140 1808 1237 1883 atque
1258 1795 1320 1861 illic

288 1929 352 1974 non
370 1904 506 1972 inomni
522 1902 594 1968 loco
610 1903 645 1968 fit
661 1900 792 1976 oblatio,
806 1903 861 1967 sed
879 1915 953 1967 anto
968 1903 1125 1993 templum
1141 1906 1182 1970 ad
1201 1905 1314 1975 altare:

288 2011 375 2099 prius
387 2011 470 2074 lactu
485 2031 503 2074 a
515 2031 640 2074 summo
652 2009 816 2076 sacerdote
829 2023 861 2074 et
875 2010 1034 2098 predictis
1046 2014 1210 2090 ministris,
1220 2013 1320 2080 oblati

288 2118 484 2207 inspectione
497 2141 535 2184 ac
546 2118 745 2205 probatione.
761 2119 825 2197 Qui
841 2141 930 2207 ergo,
943 2133 1058 2208 praeter
1068 2121 1098 2186 id
1110 2124 1193 2208 quod
1207 2123 1323 2187 volun-

287 2227 344 2292 tati
367 2226 437 2312 ojus
458 2239 709 2293 consentaneum
728 2239 789 2299 est,
806 2227 925 2314 aliquid
943 2229 1074 2304 faciunt,
1086 2243 1184 2294 morte
1204 2229 1323 2296 mulc-

288 2345 404 2400 tantur.
414 2332 547 2409 Videtis,
560 2334 672 2398 iratres
684 2357 692 2404 t
706 2357 769 2420 quo
784 2336 897 2423 majori
913 2337 1088 2424 cognitione
1102 2337 1184 2424 digni
1199 2361 1320 2402 sumus

287 2441 399 2515 babiti,
412 2465 452 2508 eo
466 2441 607 2530 periculo
624 2441 722 2530 magis
738 2443 867 2510 obnoxii
883 2465 1001 2510 sumus.

329 2549 429 2616 XLII.
452 2549 595 2639 Apostoli
613 2552 704 2616 nobis
724 2551 1018 2640 evangelieavorunt
1039 2578 1057 2619 a
1079 2555 1215 2622 Domino
1239 2556 1315 2622 Jesu

288 2659 432 2732 Christo:
450 2661 543 2726 Iesus
565 2659 710 2725 Christus
729 2683 746 2723 a
768 2661 846 2724 Deo.
865 2661 976 2727 Missus
992 2663 1087 2752 igitur
1108 2675 1155 2729 est
1172 2665 1315 2732 Christus
1379 2731 1380 2742 ,

286 2794 303 2834 a
319 2771 399 2844 Deo,
417 2784 449 2835 et
464 2768 604 2858 Apostoli
620 2792 638 2833 a
655 2769 804 2834 Christo:
823 2783 856 2834 et
870 2771 990 2837 factum
1012 2787 1061 2838 est·
1075 2787 1249 2863 utrumque
1264 2801 1317 2841 or·

287 2877 419 2942 dinatim
435 2877 642 2943 exvoluntate
652 2877 719 2941 Dei.
731 2878 842 2965 ltaque
853 2881 992 2969 acceptis
1005 2884 1174 2959 mandatis,
1185 2899 1216 2949 et
1230 2899 1316 2951 certo

287 2985 428 3071 persuasi
443 3007 500 3071 per
514 2985 780 3050 resurrectionem
789 2987 915 3052 Domini
932 2989 1032 3056 nostri
1048 2991 1124 3056 Iesu
1139 2993 1271 3066 Christi,
1286 3007 1319 3058 et

286 3091 320 3158 in
331 3091 395 3158 lide
411 3092 590 3158 confirmati
606 3097 807 3180 perverbum
821 3095 880 3161 Dei
894 3119 969 3162 oum
985 3101 1084 3164 sancti
1101 3099 1236 3188 Spiritus
1249 3101 1318 3191 ple·
1380 3139 1381 3226 p

287 3201 486 3268 nitudineao
506 3202 707 3279 securitate¹‚
725 3206 840 3294 egressi
862 3220 947 3282 sunt,
965 3211 1189 3277 annuntiantes
1205 3214 1319 3278 adven-

286 3325 395 3377 turum
413 3335 482 3378 esse
499 3335 633 3401 reguum
651 3313 720 3379 Dei.
747 3314 957 3381 Praedicantes
974 3318 1082 3406 igitur,
1102 3343 1160 3407 per
1175 3323 1318 3410 regiones

287 3443 325 3486 ao
341 3423 448 3497 urbes,
460 3421 615 3510 primitias
631 3443 755 3496 earum,
772 3423 882 3509 spiritu
900 3429 1189 3514 comprobassent,
1207 3432 1239 3496 in
1256 3432 1319 3519 epi-

287 3551 399 3615 scopos
421 3543 453 3596 et
473 3530 625 3598 diaconos
645 3531 830 3619 eorum'qui
850 3531 999 3598 credituri
1021 3548 1124 3610 erant,
1149 3541 1319 3604 constitue-

288 3649 374 3702 runt.
394 3637 504 3725 Neque
520 3638 583 3706 boe
598 3663 699 3706 novo:
716 3663 734 3704 a
749 3633 959 3708 multisenim
975 3645 1174 3732 temporibus
1185 3647 1233 3712 ule
1251 3649 1319 3737 epi-

288 3746 394 3834 scopis
412 3758 444 3812 et
465 3746 605 3812 diaconis
628 3750 781 3838 scriptum
798 3750 910 3816 suerat.
936 3751 990 3818 ste
1008 3753 1094 3818 enim
1110 3754 1318 3825 alicubidicit

326 3872 334 3910 l
350 3889 359 3922 t
374 3873 460 3924 Tlress.
476 3891 494 3932 r,
506 3875 531 3922 5.
