2616 4620
1029 22 1219 149 r-

275 200 334 280 146
617 222 640 262 s.
667 223 694 264 r.
722 223 752 265 r
781 223 954 268 rusorum

269 329 400 396 Etcum
418 319 657 396 innumerabilia
677 329 837 417 ejusmodi
859 331 1027 406 dixerunt,
1047 355 1163 398 senum
1179 334 1279 422 ipsipr

268 439 396 527 guentia
415 439 571 506 dixerunt.
590 437 789 527 Sophocles
780 440 890 528 igitur,
907 465 964 530 qur
955 442 1228 530 providentiam
1240 442 1279 506 sbi

268 545 399 622 tollit,'
375 548 496 614 erosit:

348 687 479 746 Mortalis
490 687 580 744 ictum
591 685 692 746 subter
704 685 782 746 bnud
794 687 866 766 rugit
877 690 942 748 Dei.

268 828 353 909 Quin
371 828 467 894 etiem
485 826 721 893 multitudinem
740 828 874 893 deorum
894 830 1112 904 induxerunt,
1128 844 1189 894 nnt
1208 833 1272 896 ein.-

265 936 329 1004 lure
347 936 406 1003 Dei
425 937 592 1027 imperium
611 937 772 1010 dixerunt;
795 949 826 1002 et
847 949 960 1002 contre
979 962 1037 1003 eos
1059 939 1119 1027 qni
1141 940 1278 1028 proridrr

264 1049 341 1113 tiam
359 1059 516 1121 usserunt,
540 1044 661 1112 nullam
684 1069 753 1110 esse
779 1045 1017 1134 providentium
1038 1049 1208 1114 dixemnt
1231 1050 1277 1112 iio·

263 1157 427 1246 Euripides
439 1157 484 1222 sio
495 1153 665 1221 confitetur
680 1177 688 1218 ε

340 1296 441 1354 Multis
450 1294 597 1354 studemus
608 1293 662 1352 sub
673 1311 724 1372 spe
734 1292 811 1350 inani
823 1292 983 1370 plurimum

341 1391 485 1452 Laborem
497 1391 646 1463 hebentes,
657 1391 755 1469 nilque
766 1409 886 1468 prorsus
897 1391 1048 1450 norimus.

262 1528 415 1592 Fatentnr
428 1524 477 1604 rel
493 1525 580 1590 inriti
597 1547 709 1590 venum
722 1547 755 1588 se
770 1522 906 1597 nescire,
919 1523 975 1588 sed
993 1547 1013 1587 a
1031 1524 1236 1592 dromonibus
1248 1553 1260 1588 t.

262 1637 368 1725 spineti
385 1647 418 1701 et
433 1635 544 1712 inllnti,
558 1634 712 1722 quidquid
724 1633 872 1698 dixerunt
882 1655 998 1698 eorum
1011 1635 1132 1702 afflatu
1147 1637 1262 1704 diurn

262 1745 341 1812 Nam
352 1745 494 1836 prolecto
506 1757 619 1834 poete,
630 1745 785 1810 Homerus
796 1739 918 1808 scilicet
929 1754 964 1808 et
973 1744 1162 1822 Hesiodus.
1170 1773 1189 1812 e
1198 1749 1258 1812 tls-

261 1869 297 1920 ut
313 1856 370 1945 ipsi
381 1856 504 1930 dicunt,
516 1855 624 1930 attuit,
637 1878 676 1920 ex
691 1853 774 1920 soleis
789 1853 885 1918 unimi
901 1853 974 1918 visis
993 1852 1249 1942 loquebantur

259 1990 299 2030 ex
316 1989 397 2055 puro
413 1964 522 2054 spiritu
542 1965 597 2030 sed
614 1962 725 2030 salleni.
750 1963 845 2043 Quod
863 1962 994 2051 quidem
1017 1963 1113 2031 clare
1134 1993 1174 2032 ex
1191 1993 1223 2032 ro
1234 2003 1256 2030 n-

258 2087 462 2150 monstrutur,
476 2075 561 2162 qnod
573 2075 626 2162 qni
638 2097 654 2138 n
668 2073 864 2139 daemonibus
880 2072 1053 2138 interdum
1066 2079 1249 2166 corripiente

258 2183 278 2247 ii
290 2183 464 2248 etiamnum
476 2184 726 2272 adjurenturper
738 2203 854 2246 nomen
863 2181 927 2244 reri
937 2182 1009 2258 Dei,
1022 2195 1166 2276 tumque
1175 2187 1255 2252 inlisu

258 2295 315 2381 ipsi
336 2291 378 2356 illi
395 2293 521 2382 spiritus
538 2293 696 2358 daemones
712 2313 744 2356 se
759 2313 826 2354 esse
842 2289 1016 2367 fateantur,
1032 2296 1093 2380 qui
1111 2310 1198 2361 etam
1211 2300 1251 2358 11,

256 2403 289 2468 in
301 2402 365 2468 istis
377 2403 584 2490 scriptoribus
595 2402 819 2490 operabantur,
832 2399 893 2464 nisi
906 2402 992 2488 quod
1005 2403 1174 2472 interdum
1181 2429 1249 2470 mun

256 2509 398 2577 nonnulli
418 2511 530 2576 animis
548 2510 771 2600 expergefacti,
789 2522 1002 2576 consentanea
1024 2517 1243 2604 prophetide-

255 2634 342 2697 runt,
364 2634 398 2686 ut
416 2635 483 2686 tum
506 2622 537 2686 in
557 2623 653 2710 ipsos,
672 2631 741 2685 tum
760 2621 792 2684 in
811 2643 922 2685 omnes
942 2621 1102 2690 homines
1123 2623 1232 2692 tremui*

254 2744 358 2798 essent
376 2732 415 2797 de
433 2728 579 2818 singulari
598 2729 744 2818 imperio,
771 2728 810 2794 de
831 2729 965 2815 judicio,
987 2737 1168 2824 caeterisqu
1178 2733 1239 2795 stu

254 2863 331 2927 quas
341 2851 584 2930 pertractarunt.

296 2949 354 3014 lX.
373 2949 437 3016 Sed
451 2949 509 3014 Dei
527 2948 684 3024 homines,
702 2973 776 3015 cum
792 2973 809 3014 n
826 2948 946 3038 Spiritu
967 2967 1087 3018 sancto
1108 2956 1244 3021 ellemnts

253 3083 290 3126 ac
301 3060 461 3148 prophete
472 3073 589 3136 essent,
598 3061 746 3126 divinitus
757 3061 842 3125 docti
853 3071 886 3126 et
897 3064 1001 3144 suncti
1012 3077 1048 3130 et
1060 3068 1140 3154 justi
1150 3069 1244 3134 suant.

253 3180 361 3257 utpote
373 3172 412 3236 ab
425 3171 493 3258 ipso
504 3169 571 3234 Deo
583 3169 678 3232 elllnti
690 3183 721 3234 et
732 3169 858 3233 eruditi.
871 3169 1101 3248 Quamobrem
1120 3177 1176 3242 heo
1187 3177 1247 3238 etim

251 3274 399 3344 mercede
412 3279 529 3367 dignati
541 3290 625 3352 sunt,
641 3290 676 3342 ut
687 3279 744 3343 Dei
757 3279 965 3345 instrumenta
978 3279 1112 3359 fierent,
1125 3299 1156 3350 et
1166 3289 1228 3372 sepi<

251 3388 326 3452 tiam
342 3411 411 3476 qum
427 3389 466 3452 ub
482 3410 519 3451 eo
535 3399 582 3450 ost
600 3399 767 3474 cuperent:
787 3387 878 3474 cujus
897 3387 1029 3474 quidem
1048 3392 1202 3479 sepientis
1217 3395 1247 3456 lu

215 3492 222 3516 ⁸
251 3497 364 3563 neficio
384 3509 416 3562 et
439 3497 478 3561 de
501 3497 664 3562 creatione
685 3497 796 3562 mundi
820 3509 853 3563 et
872 3499 996 3564 caeteris
1020 3505 1169 3570 omnibus
1186 3507 1244 3568 triu

249 3605 405 3670 dixerunt.
428 3606 534 3672 Pestos
553 3607 637 3670 enim
653 3616 685 3670 et
700 3605 798 3670 sames
817 3619 850 3671 et
865 3605 946 3673 bella
966 3611 1194 3696 praedixerunt:
1211 3628 1248 3675 nrt

250 3739 329 3780 unus
345 3729 400 3780 nut
415 3716 505 3790 ulter,
518 3717 574 3782 sed
589 3716 695 3805 plures
708 3717 799 3782 rnriis
811 3719 1010 3806 temporibus
1023 3721 1114 3786 suern
1125 3724 1200 3811 apud
1211 3723 1244 3784 ll-

246 3825 346 3888 brteos
367 3823 441 3909 (sod
456 3837 488 3888 et
511 3824 596 3912 apud
611 3824 738 3891 Graeoos
753 3823 872 3911 Sibylla
882 3829 912 3911 l:
931 3849 970 3892 no
986 3830 1091 3894 emine
1104 3831 1245 3896 intersrrt
