2710 4662
367 249 518 294 urtsrotlt
544 249 584 292 tn
609 247 761 292 neutros.
1040 253 1079 317 97

37 358 241 448 corruptibili
259 357 476 431 nutrimento,
495 377 557 421 uec
574 353 788 444 voluptatibus
803 355 903 443 hujus
919 357 987 422 vita
1003 381 1010 422 ι
1028 379 1083 448 pa·
1194 365 1203 370 '

38 491 113 534 uem
128 469 191 534 Dei
207 468 285 535 volo
297 494 306 544 ς
320 469 377 557 qui
391 479 441 533 est
457 488 533 532 cero
547 464 625 531 lesu
641 465 770 542 Christi,
783 467 838 554 qui
853 489 893 531 ex
907 490 1021 555 genere
1030 468 1104 548 Ila-¹

40 578 121 641 vidis
144 603 153 642 ε
175 591 211 643 et
226 590 346 666 potum
361 573 436 643 volo
452 573 640 662 sanguinem
654 571 749 649 illius,
766 574 820 662 qui
836 587 884 640 est
896 573 1032 641 charitas
1042 576 1090 640 in·

41 683 284 774 corruptibilis.

49 789 55 799 ’
91 793 185 860 VIII.
202 793 290 859 Nolo
304 792 436 882 amplius
451 789 627 856 secundum
642 790 785 857 homines
799 792 902 858 vivere
916 792 969 857 :id
984 805 1091 860 autem

52 901 125 978 fiet,
142 903 169 968 si
186 925 243 968 vos
258 899 423 968 volueritis.
449 897 662 986 Velitisergo,
680 911 714 964 ut
734 911 766 964 et
788 923 842 965 vos
864 901 1085 989 acceptcmini.

53 1011 214 1076 Breribus
233 1010 342 1076 litteris
362 1010 515 1098 deprecor
533 1030 603 1080 vos;
623 1007 742 1072 credite
763 1007 852 1073 mihi.
873 1008 966 1076 Jesus
982 1022 1089 1077 autem

54 1118 202 1184 Christus
225 1118 435 1184 manifestabit
457 1117 544 1182 vobis
570 1115 652 1191 haec,
676 1115 762 1204 quod
780 1139 855 1182 vare
876 1117 999 1192 dicam
1022 1143 1086 1185 non

48 1227 188 1293 mendax
205 1250 254 1302 os,
275 1228 307 1291 in
324 1249 386 1314 quo
404 1224 498 1289 Pater
513 1247 586 1288 vere
602 1221 727 1288 locutus
748 1236 805 1288 est.
829 1224 929 1290 Petite
944 1249 1003 1315 pro
1020 1249 1085 1302 me,

49 1349 84 1400 ut
106 1319 295 1423 consequar.
319 1334 388 1400 Non
412 1328 591 1401 secundum
618 1356 748 1398 carnem
772 1334 862 1399 vobis
883 1336 1007 1425 scripsi,
1029 1338 1086 1403 sed

47 1425 227 1512 secundum
241 1444 299 1511 Dei
318 1445 494 1512 arbitrium.
514 1443 549 1509 Si
567 1443 685 1534 patiar,
696 1442 839 1510 voluistis
856 1467 864 1510 z
883 1445 931 1510 sin
946 1446 1086 1536 rejiciar,

49 1557 168 1621 odistis.

94 1665 154 1730 IX.
167 1663 327 1732 Memores
338 1677 405 1730 este
416 1665 451 1729 in
462 1663 616 1754 precibus
627 1664 739 1726 vestris
751 1645 904 1728 Ecclesiae
918 1685 990 1750 quae
1004 1664 1094 1729 estin

55 1773 163 1860 Syria,
182 1798 255 1862 quae
273 1797 330 1862 pro
346 1796 415 1847 me,
428 1773 501 1866 Deo
518 1784 646 1858 pastore
661 1771 772 1834 utitur.
787 1768 881 1835 Solus
895 1771 995 1859 ipsam
1006 1771 1096 1839 Iesus

61 1880 225 1956 Christus,
237 1881 306 1946 rire
314 1881 455 1968 episcopi
467 1892 569 1967 regat,
582 1891 615 1944 ct
625 1889 726 1944 restra
742 1877 886 1944 charitas.
898 1879 947 1944 lrle
959 1903 1034 1946 vero
1042 1905 1097 1968 pu·

67 1985 123 2050 det
138 1988 180 2050 de
203 1985 331 2051 illorum
346 2010 480 2051 numero
503 1986 575 2050 dici.
599 1985 664 2050 Nec
680 1986 763 2051 euim
782 1986 893 2074 dignus
912 2013 997 2064 sum,
1020 2013 1093 2055 cum

69 2093 263 2160 novissimus
274 2116 382 2159 eorum
394 2095 464 2168 sim,
481 2105 512 2157 et
524 2093 681 2159 abortivus
691 2117 701 2157 :
711 2093 766 2158 sed
776 2116 834 2182 per
844 2095 1089 2163 miscricordiam

69 2205 205 2280 obtinui,
220 2217 255 2269 ut
270 2205 328 2270 sim
342 2203 463 2293 aliquis,
477 2204 502 2269 si
516 2203 618 2268 Deum
631 2226 785 2290 assequar.
801 2203 922 2270 Salutat
933 2229 987 2271 vos
999 2230 1088 2273 meus
1141 2265 1146 2273 .

64 2315 199 2402 spiritus,
213 2327 246 2379 et
257 2313 392 2380 charitas
403 2311 615 2379 Ecclesiarum
627 2337 695 2402 quae
707 2336 758 2379 me
772 2328 977 2404 susceperunt
990 2317 1022 2380 in
1035 2341 1089 2384 no-

60 2425 142 2490 mine
156 2424 233 2490 Iesu
249 2423 380 2500 Christi,
393 2447 456 2490 non
472 2426 559 2512 quasi
576 2425 679 2490 obiter
692 2437 946 2513 praetereuntem.
961 2426 1090 2492 Etenim

61 2559 126 2620 quae
141 2558 205 2599 non
217 2547 436 2599 convenerunt
447 2558 498 2600 me
510 2535 541 2599 in
554 2535 604 2598 vin
616 2519 745 2622 qure'cst
757 2533 933 2600 secuudum
945 2557 1090 2610 carnem,

47 2644 88 2708 'in
104 2644 283 2710 ciritatibus
297 2667 349 2708 mc
364 2642 538 2708 honorifice
553 2643 765 2709 deduxerunt.

95 2752 137 2816 X.
156 2751 275 2818 Scribo
292 2763 397 2816 autem
415 2752 503 2817 vohis
518 2751 621 2816 haece
638 2750 776 2838 Smyrna
791 2775 847 2840 per
861 2751 1019 2840 Ephesios
1028 2775 1093 2818 me-

56 2863 111 2927 rito
125 2864 245 2929 beatos.
267 2861 327 2926 Est
341 2871 448 2924 autem
465 2883 593 2925 mecum
609 2882 685 2924 cum
700 2857 769 2924 aliis
783 2857 894 2925 multis
909 2872 942 2926 et
958 2860 1090 2936 Crocus,

55 2985 231 3062 exoptatum
245 2968 331 3036 mihi
345 2991 475 3034 nomen.
494 2968 541 3032 De
566 2967 616 3031 his
631 2967 686 3054 qui
702 2992 720 3032 ε
736 2967 827 3055 Syria
844 2966 980 3036 Romam
1001 2992 1093 3036 vene-

56 3096 124 3147 runt
138 3085 179 3149 ad
201 3080 343 3171 gloriam
363 3077 436 3153 Dei,
452 3075 550 3142 credo
567 3098 624 3140 vos
641 3077 822 3164 cognovisse
844 3103 852 3144 :
870 3079 986 3168 quibus
1002 3087 1032 3146 et
1048 3080 1092 3145 si·
1116 3099 1119 3106 ⁴

55 3195 211 3282 gnificate‚
227 3213 288 3257 me
303 3210 401 3277 prope
422 3208 499 3251 esse.
526 3184 648 3251 Omnes
669 3186 755 3252 enim
773 3201 846 3256 sunt
861 3188 929 3254 Deo
945 3189 1044 3276 digni,
1061 3201 1094 3252 et

56 3303 140 3368 vohis
155 3326 164 3364 :
178 3321 263 3386 quos
282 3296 373 3360 (lecet
389 3307 425 3360 ut
435 3318 490 3361 ros
505 3317 564 3384 per
578 3295 684 3360 omnia
699 3294 890 3363 refocillctis.
906 3295 1025 3383 Scripsi
1040 3316 1094 3358 au-

57 3427 119 3478 tem
136 3410 232 3476 vohis
254 3409 329 3473 haec
352 3407 403 3470 ‹lic
424 3420 496 3472 ante
517 3407 567 3473 IX
585 3405 736 3472 kalendas
759 3407 959 3496 septembris.
985 3403 1094 3472 Valete

59 3523 319 3610 inperpetuum,
335 3515 531 3603 inpatientia
546 3513 623 3578 Iesu
640 3512 768 3580 Christi.
