<?xml version="1.0" encoding="UTF-8"?>
<!DOCTYPE html PUBLIC "-//W3C//DTD XHTML 1.0 Transitional//EN"
    "http://www.w3.org/TR/xhtml1/DTD/xhtml1-transitional.dtd">
<html xmlns="http://www.w3.org/1999/xhtml" xml:lang="en" lang="en">
 <head>
  <title>
</title>
<meta http-equiv="Content-Type" content="text/html;charset=utf-8" />
  <meta name='ocr-system' content='tesseract 3.04.00' />
  <meta name='ocr-capabilities' content='ocr_page ocr_carea ocr_par ocr_line ocrx_word'/>
</head>
<body>
  <div class='ocr_page' id='page_1' title='image "./collectioselect02guilgoog_0753.png"; bbox 0 0 2738 4632; ppageno 0'>
   <div class='ocr_carea' id='block_1_1' title="bbox 250 157 957 229">
    <p class='ocr_par' dir='ltr' id='par_1_1' title="bbox 250 157 957 229">
     <span class='ocr_line' id='line_1_1' title="bbox 250 157 957 229; baseline -0.003 -1"><span class='ocrx_word' id='word_1_1' title='bbox 250 157 315 228; x_wconf 67' lang='lat'><strong>25⁰</strong></span> <span class='ocrx_word' id='word_1_2' title='bbox 580 181 696 229; x_wconf 79' lang='lat' dir='ltr'><strong>sarem</strong></span> <span class='ocrx_word' id='word_1_3' title='bbox 720 181 834 228; x_wconf 74' lang='lat' dir='ltr'><strong>aarum</strong></span> <span class='ocrx_word' id='word_1_4' title='bbox 858 185 919 228; x_wconf 77' lang='lat' dir='ltr'><strong>nra.</strong></span> <span class='ocrx_word' id='word_1_5' title='bbox 946 185 957 226; x_wconf 89' lang='lat'>1</span> 
     </span>
    </p>
   </div>
   <div class='ocr_carea' id='block_1_2' title="bbox 249 285 1343 2652">
    <p class='ocr_par' dir='ltr' id='par_1_2' title="bbox 249 285 1343 2343">
     <span class='ocr_line' id='line_1_2' title="bbox 249 285 1304 368; baseline -0.002 -12"><span class='ocrx_word' id='word_1_6' title='bbox 249 291 415 368; x_wconf 80' lang='lat' dir='ltr'><strong>duntaxat,</strong></span> <span class='ocrx_word' id='word_1_7' title='bbox 424 309 533 356; x_wconf 88' lang='lat' dir='ltr'><strong>rerum</strong></span> <span class='ocrx_word' id='word_1_8' title='bbox 544 289 690 356; x_wconf 88' lang='lat' dir='ltr'><strong>omnium</strong></span> <span class='ocrx_word' id='word_1_9' title='bbox 702 289 914 365; x_wconf 86' lang='lat' dir='ltr'><strong>conditorem,</strong></span> <span class='ocrx_word' id='word_1_10' title='bbox 923 299 957 354; x_wconf 88' lang='lat' dir='ltr'><strong>et</strong></span> <span class='ocrx_word' id='word_1_11' title='bbox 968 285 1142 364; x_wconf 85' lang='lat' dir='ltr'><strong>artilieem,</strong></span> <span class='ocrx_word' id='word_1_12' title='bbox 1153 299 1190 354; x_wconf 88' lang='lat' dir='ltr'><strong>et</strong></span> <span class='ocrx_word' id='word_1_13' title='bbox 1200 286 1304 354; x_wconf 80' lang='lat' dir='ltr'><strong>ellec-</strong></span> 
     </span>
     <span class='ocr_line' id='line_1_3' title="bbox 249 396 1304 486; baseline -0.004 -21"><span class='ocrx_word' id='word_1_14' title='bbox 249 411 354 466; x_wconf 89' lang='lat' dir='ltr'><strong>torem</strong></span> <span class='ocrx_word' id='word_1_15' title='bbox 371 399 430 466; x_wconf 89' lang='lat' dir='ltr'><strong>Dei</strong></span> <span class='ocrx_word' id='word_1_16' title='bbox 448 399 637 466; x_wconf 80' lang='lat' dir='ltr'><strong>Sermonem</strong></span> <span class='ocrx_word' id='word_1_17' title='bbox 660 396 921 474; x_wconf 72' lang='lat' dir='ltr'><strong>concludentem,</strong></span> <span class='ocrx_word' id='word_1_18' title='bbox 939 421 1078 486; x_wconf 92' lang='lat' dir='ltr'><strong>eumque</strong></span> <span class='ocrx_word' id='word_1_19' title='bbox 1096 399 1129 463; x_wconf 96' lang='lat' dir='ltr'><strong>in</strong></span> <span class='ocrx_word' id='word_1_20' title='bbox 1153 410 1304 486; x_wconf 89' lang='lat' dir='ltr'><strong>quatuor</strong></span> 
     </span>
     <span class='ocr_line' id='line_1_4' title="bbox 249 503 1343 598; baseline -0.004 -22"><span class='ocrx_word' id='word_1_21' title='bbox 249 507 385 598; x_wconf 85' lang='lat' dir='ltr'><strong>syllabas</strong></span> <span class='ocrx_word' id='word_1_22' title='bbox 400 521 433 574; x_wconf 89' lang='lat' dir='ltr'><strong>et</strong></span> <span class='ocrx_word' id='word_1_23' title='bbox 449 507 577 598; x_wconf 78' lang='lat' dir='ltr'><strong>triginta</strong></span> <span class='ocrx_word' id='word_1_24' title='bbox 597 507 754 574; x_wconf 87' lang='lat' dir='ltr'><strong>elementa</strong></span> <span class='ocrx_word' id='word_1_25' title='bbox 778 505 1012 574; x_wconf 72' lang='lat' dir='ltr'><strong>dissonantem?</strong></span> <span class='ocrx_word' id='word_1_26' title='bbox 1031 529 1071 573; x_wconf 91' lang='lat' dir='ltr'><strong>ac</strong></span> <span class='ocrx_word' id='word_1_27' title='bbox 1095 529 1214 572; x_wconf 88' lang='lat' dir='ltr'><strong>rerum</strong></span> <span class='ocrx_word' id='word_1_28' title='bbox 1233 529 1303 572; x_wconf 89' lang='lat' dir='ltr'><strong>om·</strong></span> <span class='ocrx_word' id='word_1_29' title='bbox 1342 503 1343 506; x_wconf 50' lang='lat'>&#39;</span> 
     </span>
     <span class='ocr_line' id='line_1_5' title="bbox 251 615 1299 706; baseline -0.005 -20"><span class='ocrx_word' id='word_1_30' title='bbox 251 620 342 687; x_wconf 90' lang='lat' dir='ltr'><strong>nium</strong></span> <span class='ocrx_word' id='word_1_31' title='bbox 356 617 545 694; x_wconf 88' lang='lat' dir='ltr'><strong>Dominum,</strong></span> <span class='ocrx_word' id='word_1_32' title='bbox 561 617 615 706; x_wconf 90' lang='lat' dir='ltr'><strong>qni</strong></span> <span class='ocrx_word' id='word_1_33' title='bbox 635 615 733 684; x_wconf 76' lang='lat' dir='ltr'><strong>coetos</strong></span> <span class='ocrx_word' id='word_1_34' title='bbox 754 615 906 692; x_wconf 84' lang='lat' dir='ltr'><strong>firmarit,</strong></span> <span class='ocrx_word' id='word_1_35' title='bbox 926 615 968 681; x_wconf 88' lang='lat' dir='ltr'><strong>ad</strong></span> <span class='ocrx_word' id='word_1_36' title='bbox 986 615 1299 706; x_wconf 72' lang='lat' dir='ltr'><strong>octingentesimum</strong></span> 
     </span>
     <span class='ocr_line' id='line_1_6' title="bbox 255 722 1297 817; baseline -0.001 -25"><span class='ocrx_word' id='word_1_37' title='bbox 255 725 510 817; x_wconf 83' lang='lat' dir='ltr'><strong>octuagesimum</strong></span> <span class='ocrx_word' id='word_1_38' title='bbox 531 735 682 792; x_wconf 83' lang='lat' dir='ltr'><strong>octavum</strong></span> <span class='ocrx_word' id='word_1_39' title='bbox 703 745 887 800; x_wconf 91' lang='lat' dir='ltr'><strong>numerum,</strong></span> <span class='ocrx_word' id='word_1_40' title='bbox 906 747 997 813; x_wconf 83' lang='lat' dir='ltr'><strong>aeque</strong></span> <span class='ocrx_word' id='word_1_41' title='bbox 1015 735 1112 814; x_wconf 92' lang='lat' dir='ltr'><strong>atque</strong></span> <span class='ocrx_word' id='word_1_42' title='bbox 1137 722 1297 813; x_wconf 82' lang='lat' dir='ltr'><strong>alphabe-</strong></span> 
     </span>
     <span class='ocr_line' id='line_1_7' title="bbox 251 832 1297 924; baseline -0.004 -22"><span class='ocrx_word' id='word_1_43' title='bbox 251 845 335 912; x_wconf 88' lang='lat' dir='ltr'><strong>tum,</strong></span> <span class='ocrx_word' id='word_1_44' title='bbox 364 835 591 909; x_wconf 70' lang='lat' dir='ltr'><strong>devehentemr</strong></span> <span class='ocrx_word' id='word_1_45' title='bbox 617 833 820 924; x_wconf 75' lang='lat' dir='ltr'><strong>Patremque,</strong></span> <span class='ocrx_word' id='word_1_46' title='bbox 849 832 904 921; x_wconf 93' lang='lat' dir='ltr'><strong>qui</strong></span> <span class='ocrx_word' id='word_1_47' title='bbox 925 833 1032 902; x_wconf 88' lang='lat' dir='ltr'><strong>omnia</strong></span> <span class='ocrx_word' id='word_1_48' title='bbox 1051 833 1155 922; x_wconf 86' lang='lat' dir='ltr'><strong>capit,</strong></span> <span class='ocrx_word' id='word_1_49' title='bbox 1179 855 1297 900; x_wconf 87' lang='lat' dir='ltr'><strong>cuma</strong></span> 
     </span>
     <span class='ocr_line' id='line_1_8' title="bbox 251 939 1299 1031; baseline -0.002 -23"><span class='ocrx_word' id='word_1_50' title='bbox 251 939 341 1008; x_wconf 89' lang='lat' dir='ltr'><strong>nullo</strong></span> <span class='ocrx_word' id='word_1_51' title='bbox 352 942 419 1031; x_wconf 87' lang='lat' dir='ltr'><strong>ipse</strong></span> <span class='ocrx_word' id='word_1_52' title='bbox 436 942 593 1031; x_wconf 87' lang='lat' dir='ltr'><strong>capiatur,</strong></span> <span class='ocrx_word' id='word_1_53' title='bbox 610 941 642 1006; x_wconf 91' lang='lat' dir='ltr'><strong>in</strong></span> <span class='ocrx_word' id='word_1_54' title='bbox 658 939 917 1029; x_wconf 73' lang='lat' dir='ltr'><strong>quaternitatem,</strong></span> <span class='ocrx_word' id='word_1_55' title='bbox 934 951 967 1005; x_wconf 86' lang='lat' dir='ltr'><strong>ct</strong></span> <span class='ocrx_word' id='word_1_56' title='bbox 977 939 1178 1028; x_wconf 73' lang='lat' dir='ltr'><strong>ogdoadem,</strong></span> <span class='ocrx_word' id='word_1_57' title='bbox 1194 953 1227 1006; x_wconf 88' lang='lat' dir='ltr'><strong>et</strong></span> <span class='ocrx_word' id='word_1_58' title='bbox 1245 941 1299 1006; x_wconf 83' lang='lat' dir='ltr'><strong>‹le-</strong></span> 
     </span>
     <span class='ocr_line' id='line_1_9' title="bbox 250 1048 1296 1138; baseline -0.004 -20"><span class='ocrx_word' id='word_1_59' title='bbox 250 1052 377 1130; x_wconf 87' lang='lat' dir='ltr'><strong>cadem,</strong></span> <span class='ocrx_word' id='word_1_60' title='bbox 394 1065 426 1118; x_wconf 88' lang='lat' dir='ltr'><strong>et</strong></span> <span class='ocrx_word' id='word_1_61' title='bbox 441 1050 663 1118; x_wconf 87' lang='lat' dir='ltr'><strong>duodecadem</strong></span> <span class='ocrx_word' id='word_1_62' title='bbox 685 1048 955 1124; x_wconf 84' lang='lat' dir='ltr'><strong>subdividentem,</strong></span> <span class='ocrx_word' id='word_1_63' title='bbox 973 1069 1012 1114; x_wconf 89' lang='lat' dir='ltr'><strong>ac</strong></span> <span class='ocrx_word' id='word_1_64' title='bbox 1029 1071 1088 1138; x_wconf 89' lang='lat' dir='ltr'><strong>per</strong></span> <span class='ocrx_word' id='word_1_65' title='bbox 1105 1049 1296 1135; x_wconf 78' lang='lat' dir='ltr'><strong>hujusmodi</strong></span> 
     </span>
     <span class='ocr_line' id='line_1_10' title="bbox 252 1157 1297 1252; baseline -0.002 -24"><span class='ocrx_word' id='word_1_66' title='bbox 252 1161 532 1252; x_wconf 75' lang='lat' dir='ltr'><strong>multiplicationes</strong></span> <span class='ocrx_word' id='word_1_67' title='bbox 549 1160 583 1226; x_wconf 91' lang='lat' dir='ltr'><strong>id</strong></span> <span class='ocrx_word' id='word_1_68' title='bbox 601 1159 689 1248; x_wconf 86' lang='lat' dir='ltr'><strong>quod</strong></span> <span class='ocrx_word' id='word_1_69' title='bbox 711 1161 744 1228; x_wconf 90' lang='lat' dir='ltr'><strong>iu</strong></span> <span class='ocrx_word' id='word_1_70' title='bbox 765 1158 859 1225; x_wconf 89' lang='lat' dir='ltr'><strong>Patre</strong></span> <span class='ocrx_word' id='word_1_71' title='bbox 881 1157 1041 1226; x_wconf 79' lang='lat' dir='ltr'><strong>ineffabile</strong></span> <span class='ocrx_word' id='word_1_72' title='bbox 1059 1171 1123 1236; x_wconf 86' lang='lat' dir='ltr'><strong>est,</strong></span> <span class='ocrx_word' id='word_1_73' title='bbox 1141 1162 1297 1250; x_wconf 85' lang='lat' dir='ltr'><strong>omnique</strong></span> 
     </span>
     <span class='ocr_line' id='line_1_11' title="bbox 252 1269 1343 1361; baseline -0.003 -22"><span class='ocrx_word' id='word_1_74' title='bbox 252 1272 457 1361; x_wconf 75' lang='lat' dir='ltr'><strong>cogitatione,</strong></span> <span class='ocrx_word' id='word_1_75' title='bbox 481 1283 518 1336; x_wconf 90' lang='lat' dir='ltr'><strong>ut</strong></span> <span class='ocrx_word' id='word_1_76' title='bbox 540 1270 605 1360; x_wconf 88' lang='lat' dir='ltr'><strong>ipse</strong></span> <span class='ocrx_word' id='word_1_77' title='bbox 627 1270 744 1360; x_wconf 90' lang='lat' dir='ltr'><strong>inquis,</strong></span> <span class='ocrx_word' id='word_1_78' title='bbox 769 1269 972 1359; x_wconf 71' lang='lat' dir='ltr'><strong>prestantius</strong></span> <span class='ocrx_word' id='word_1_79' title='bbox 994 1271 1243 1358; x_wconf 78' lang='lat' dir='ltr'><strong>exponentem?</strong></span> <span class='ocrx_word' id='word_1_80' title='bbox 1263 1271 1293 1336; x_wconf 76' lang='lat' dir='ltr'><strong>Fa</strong></span> <span class='ocrx_word' id='word_1_81' title='bbox 1342 1295 1343 1302; x_wconf 51' lang='lat'>¹</span> 
     </span>
     <span class='ocr_line' id='line_1_12' title="bbox 253 1379 1343 1472; baseline 0 -26"><span class='ocrx_word' id='word_1_82' title='bbox 253 1404 350 1472; x_wconf 91' lang='lat' dir='ltr'><strong>quem</strong></span> <span class='ocrx_word' id='word_1_83' title='bbox 361 1391 432 1448; x_wconf 94' lang='lat' dir='ltr'><strong>tum</strong></span> <span class='ocrx_word' id='word_1_84' title='bbox 441 1381 596 1470; x_wconf 87' lang='lat' dir='ltr'><strong>corporis,</strong></span> <span class='ocrx_word' id='word_1_85' title='bbox 608 1391 679 1446; x_wconf 94' lang='lat' dir='ltr'><strong>tum</strong></span> <span class='ocrx_word' id='word_1_86' title='bbox 690 1379 875 1470; x_wconf 75' lang='lat' dir='ltr'><strong>substantia</strong></span> <span class='ocrx_word' id='word_1_87' title='bbox 885 1389 1049 1469; x_wconf 88' lang='lat' dir='ltr'><strong>expertem</strong></span> <span class='ocrx_word' id='word_1_88' title='bbox 1060 1379 1223 1470; x_wconf 85' lang='lat' dir='ltr'><strong>appellas,</strong></span> <span class='ocrx_word' id='word_1_89' title='bbox 1233 1381 1293 1468; x_wconf 86' lang='lat' dir='ltr'><strong>eju</strong></span> <span class='ocrx_word' id='word_1_90' title='bbox 1342 1395 1343 1404; x_wconf 76' lang='grc'>’</span> 
     </span>
     <span class='ocr_line' id='line_1_13' title="bbox 253 1486 1343 1576; baseline 0 -20"><span class='ocrx_word' id='word_1_91' title='bbox 253 1501 402 1556; x_wconf 89' lang='lat' dir='ltr'><strong>naturam</strong></span> <span class='ocrx_word' id='word_1_92' title='bbox 420 1512 459 1555; x_wconf 88' lang='lat' dir='ltr'><strong>ac</strong></span> <span class='ocrx_word' id='word_1_93' title='bbox 473 1489 683 1556; x_wconf 88' lang='lat' dir='ltr'><strong>substantiam</strong></span> <span class='ocrx_word' id='word_1_94' title='bbox 700 1512 739 1554; x_wconf 89' lang='lat' dir='ltr'><strong>ex</strong></span> <span class='ocrx_word' id='word_1_95' title='bbox 754 1486 863 1556; x_wconf 89' lang='lat' dir='ltr'><strong>multis</strong></span> <span class='ocrx_word' id='word_1_96' title='bbox 880 1487 1005 1566; x_wconf 86' lang='lat' dir='ltr'><strong>litteris,</strong></span> <span class='ocrx_word' id='word_1_97' title='bbox 1018 1511 1162 1576; x_wconf 87' lang='lat' dir='ltr'><strong>quarum</strong></span> <span class='ocrx_word' id='word_1_98' title='bbox 1174 1488 1245 1556; x_wconf 75' lang='lat' dir='ltr'><strong>aliar</strong></span> <span class='ocrx_word' id='word_1_99' title='bbox 1262 1515 1297 1556; x_wconf 80' lang='lat' dir='ltr'><strong>ea</strong></span> <span class='ocrx_word' id='word_1_100' title='bbox 1342 1487 1343 1536; x_wconf 70' lang='lat' dir='ltr'>f</span> 
     </span>
     <span class='ocr_line' id='line_1_14' title="bbox 254 1597 1296 1689; baseline 0.002 -24"><span class='ocrx_word' id='word_1_101' title='bbox 254 1598 323 1667; x_wconf 88' lang='lat' dir='ltr'><strong>aliis</strong></span> <span class='ocrx_word' id='word_1_102' title='bbox 334 1601 515 1689; x_wconf 77' lang='lat' dir='ltr'><strong>gignantur,</strong></span> <span class='ocrx_word' id='word_1_103' title='bbox 528 1599 662 1666; x_wconf 85' lang='lat' dir='ltr'><strong>exstruis</strong></span> <span class='ocrx_word' id='word_1_104' title='bbox 674 1599 754 1688; x_wconf 91' lang='lat' dir='ltr'><strong>ipse,</strong></span> <span class='ocrx_word' id='word_1_105' title='bbox 767 1597 882 1666; x_wconf 77' lang='lat' dir='ltr'><strong>falsum</strong></span> <span class='ocrx_word' id='word_1_106' title='bbox 893 1598 1072 1678; x_wconf 72' lang='lat' dir='ltr'><strong>cadalum,</strong></span> <span class='ocrx_word' id='word_1_107' title='bbox 1086 1623 1128 1667; x_wconf 91' lang='lat' dir='ltr'><strong>ac</strong></span> <span class='ocrx_word' id='word_1_108' title='bbox 1139 1600 1296 1667; x_wconf 71' lang='lat' dir='ltr'><strong>mffium</strong></span> 
     </span>
     <span class='ocr_line' id='line_1_15' title="bbox 254 1709 1295 1799; baseline 0.002 -25"><span class='ocrx_word' id='word_1_109' title='bbox 254 1731 410 1799; x_wconf 71' lang='lat' dir='ltr'><strong>supremae</strong></span> <span class='ocrx_word' id='word_1_110' title='bbox 422 1710 545 1776; x_wconf 84' lang='lat' dir='ltr'><strong>virtutis</strong></span> <span class='ocrx_word' id='word_1_111' title='bbox 556 1709 682 1776; x_wconf 81' lang='lat' dir='ltr'><strong>fabrum</strong></span> <span class='ocrx_word' id='word_1_112' title='bbox 693 1719 725 1775; x_wconf 92' lang='lat' dir='ltr'><strong>te</strong></span> <span class='ocrx_word' id='word_1_113' title='bbox 736 1710 903 1797; x_wconf 70' lang='lat' dir='ltr'><strong>prebens:</strong></span> <span class='ocrx_word' id='word_1_114' title='bbox 918 1732 1080 1799; x_wconf 88' lang='lat' dir='ltr'><strong>quamque</strong></span> <span class='ocrx_word' id='word_1_115' title='bbox 1091 1711 1136 1776; x_wconf 87' lang='lat' dir='ltr'><strong>ab</strong></span> <span class='ocrx_word' id='word_1_116' title='bbox 1151 1711 1243 1778; x_wconf 88' lang='lat' dir='ltr'><strong>omni</strong></span> <span class='ocrx_word' id='word_1_117' title='bbox 1254 1711 1295 1776; x_wconf 80' lang='lat' dir='ltr'><strong>di</strong></span> 
     </span>
     <span class='ocr_line' id='line_1_16' title="bbox 253 1807 1293 1894; baseline 0.003 -12"><span class='ocrx_word' id='word_1_118' title='bbox 253 1816 374 1883; x_wconf 84' lang='lat' dir='ltr'><strong>visione</strong></span> <span class='ocrx_word' id='word_1_119' title='bbox 393 1829 550 1884; x_wconf 77' lang='lat' dir='ltr'><strong>mmotam</strong></span> <span class='ocrx_word' id='word_1_120' title='bbox 568 1807 637 1882; x_wconf 87' lang='lat' dir='ltr'><strong>esse</strong></span> <span class='ocrx_word' id='word_1_121' title='bbox 654 1817 712 1894; x_wconf 88' lang='lat' dir='ltr'><strong>ais,</strong></span> <span class='ocrx_word' id='word_1_122' title='bbox 733 1817 766 1884; x_wconf 88' lang='lat' dir='ltr'><strong>in</strong></span> <span class='ocrx_word' id='word_1_123' title='bbox 778 1829 898 1894; x_wconf 86' lang='lat' dir='ltr'><strong>mutos,</strong></span> <span class='ocrx_word' id='word_1_124' title='bbox 910 1829 943 1888; x_wconf 89' lang='lat' dir='ltr'><strong>et</strong></span> <span class='ocrx_word' id='word_1_125' title='bbox 954 1815 1092 1894; x_wconf 86' lang='lat' dir='ltr'><strong>vocales,</strong></span> <span class='ocrx_word' id='word_1_126' title='bbox 1106 1841 1149 1885; x_wconf 89' lang='lat' dir='ltr'><strong>ac</strong></span> <span class='ocrx_word' id='word_1_127' title='bbox 1161 1822 1293 1886; x_wconf 84' lang='lat' dir='ltr'><strong>semiro-</strong></span> 
     </span>
     <span class='ocr_line' id='line_1_17' title="bbox 254 1925 1292 2016; baseline 0 -22"><span class='ocrx_word' id='word_1_128' title='bbox 254 1925 339 1994; x_wconf 87' lang='lat' dir='ltr'><strong>cales</strong></span> <span class='ocrx_word' id='word_1_129' title='bbox 362 1949 456 1994; x_wconf 87' lang='lat' dir='ltr'><strong>sonos</strong></span> <span class='ocrx_word' id='word_1_130' title='bbox 477 1926 681 2004; x_wconf 82' lang='lat' dir='ltr'><strong>distribuens,</strong></span> <span class='ocrx_word' id='word_1_131' title='bbox 704 1927 800 2016; x_wconf 87' lang='lat' dir='ltr'><strong>idque</strong></span> <span class='ocrx_word' id='word_1_132' title='bbox 819 1927 905 2016; x_wconf 87' lang='lat' dir='ltr'><strong>quod</strong></span> <span class='ocrx_word' id='word_1_133' title='bbox 927 1927 960 1994; x_wconf 89' lang='lat' dir='ltr'><strong>in</strong></span> <span class='ocrx_word' id='word_1_134' title='bbox 986 1927 1061 2016; x_wconf 86' lang='lat' dir='ltr'><strong>ipsis</strong></span> <span class='ocrx_word' id='word_1_135' title='bbox 1082 1939 1220 1996; x_wconf 91' lang='lat' dir='ltr'><strong>mutum</strong></span> <span class='ocrx_word' id='word_1_136' title='bbox 1241 1942 1292 2006; x_wconf 88' lang='lat' dir='ltr'><strong>est,</strong></span> 
     </span>
     <span class='ocr_line' id='line_1_18' title="bbox 255 2034 1292 2126; baseline 0.001 -24"><span class='ocrx_word' id='word_1_137' title='bbox 255 2059 365 2102; x_wconf 88' lang='lat' dir='ltr'><strong>rerum</strong></span> <span class='ocrx_word' id='word_1_138' title='bbox 380 2036 525 2102; x_wconf 90' lang='lat' dir='ltr'><strong>omnium</strong></span> <span class='ocrx_word' id='word_1_139' title='bbox 543 2034 683 2112; x_wconf 90' lang='lat' dir='ltr'><strong>Parenti,</strong></span> <span class='ocrx_word' id='word_1_140' title='bbox 704 2036 865 2125; x_wconf 86' lang='lat' dir='ltr'><strong>ipsiusque</strong></span> <span class='ocrx_word' id='word_1_141' title='bbox 886 2035 1079 2126; x_wconf 79' lang='lat' dir='ltr'><strong>Cogitationi</strong></span> <span class='ocrx_word' id='word_1_142' title='bbox 1104 2035 1192 2104; x_wconf 83' lang='lat' dir='ltr'><strong>salso</strong></span> <span class='ocrx_word' id='word_1_143' title='bbox 1212 2040 1292 2106; x_wconf 84' lang='lat' dir='ltr'><strong>attri-</strong></span> 
     </span>
     <span class='ocr_line' id='line_1_19' title="bbox 256 2142 1291 2240; baseline 0.002 -28"><span class='ocrx_word' id='word_1_144' title='bbox 256 2147 373 2221; x_wconf 86' lang='lat' dir='ltr'><strong>buens,</strong></span> <span class='ocrx_word' id='word_1_145' title='bbox 384 2144 418 2210; x_wconf 93' lang='lat' dir='ltr'><strong>in</strong></span> <span class='ocrx_word' id='word_1_146' title='bbox 429 2167 587 2210; x_wconf 88' lang='lat' dir='ltr'><strong>summam</strong></span> <span class='ocrx_word' id='word_1_147' title='bbox 603 2142 835 2234; x_wconf 86' lang='lat' dir='ltr'><strong>blasphemiam</strong></span> <span class='ocrx_word' id='word_1_148' title='bbox 852 2146 1137 2234; x_wconf 78' lang='lat' dir='ltr'><strong>gravissimamque</strong></span> <span class='ocrx_word' id='word_1_149' title='bbox 1158 2149 1291 2240; x_wconf 74' lang='lat' dir='ltr'><strong>impieta</strong></span> 
     </span>
     <span class='ocr_line' id='line_1_20' title="bbox 258 2252 1125 2343; baseline 0 -23"><span class='ocrx_word' id='word_1_150' title='bbox 258 2264 324 2320; x_wconf 82' lang='lat' dir='ltr'><strong>tam</strong></span> <span class='ocrx_word' id='word_1_151' title='bbox 337 2275 392 2319; x_wconf 86' lang='lat' dir='ltr'><strong>eos</strong></span> <span class='ocrx_word' id='word_1_152' title='bbox 408 2274 519 2320; x_wconf 86' lang='lat' dir='ltr'><strong>omnes</strong></span> <span class='ocrx_word' id='word_1_153' title='bbox 533 2254 589 2343; x_wconf 92' lang='lat' dir='ltr'><strong>qui</strong></span> <span class='ocrx_word' id='word_1_154' title='bbox 601 2252 660 2320; x_wconf 88' lang='lat' dir='ltr'><strong>tibi</strong></span> <span class='ocrx_word' id='word_1_155' title='bbox 672 2253 770 2320; x_wconf 85' lang='lat' dir='ltr'><strong>fidem</strong></span> <span class='ocrx_word' id='word_1_156' title='bbox 781 2253 935 2322; x_wconf 89' lang='lat' dir='ltr'><strong>adhihent</strong></span> <span class='ocrx_word' id='word_1_157' title='bbox 946 2254 1125 2342; x_wconf 89' lang='lat' dir='ltr'><strong>conjecisti.</strong></span> 
     </span>
    </p>

    <p class='ocr_par' dir='ltr' id='par_1_3' title="bbox 258 2361 1298 2652">
     <span class='ocr_line' id='line_1_21' title="bbox 303 2361 1290 2454; baseline 0.005 -28"><span class='ocrx_word' id='word_1_158' title='bbox 303 2361 464 2442; x_wconf 81' lang='lat' dir='ltr'><strong>Quocirca</strong></span> <span class='ocrx_word' id='word_1_159' title='bbox 476 2363 572 2429; x_wconf 89' lang='lat' dir='ltr'><strong>ctiam</strong></span> <span class='ocrx_word' id='word_1_160' title='bbox 584 2364 706 2453; x_wconf 91' lang='lat' dir='ltr'><strong>optimo</strong></span> <span class='ocrx_word' id='word_1_161' title='bbox 721 2365 805 2452; x_wconf 86' lang='lat' dir='ltr'><strong>jure,</strong></span> <span class='ocrx_word' id='word_1_162' title='bbox 818 2373 915 2454; x_wconf 89' lang='lat' dir='ltr'><strong>atque</strong></span> <span class='ocrx_word' id='word_1_163' title='bbox 931 2363 972 2430; x_wconf 87' lang='lat' dir='ltr'><strong>ad</strong></span> <span class='ocrx_word' id='word_1_164' title='bbox 988 2376 1112 2432; x_wconf 79' lang='lat' dir='ltr'><strong>unum</strong></span> <span class='ocrx_word' id='word_1_165' title='bbox 1133 2367 1290 2434; x_wconf 85' lang='lat' dir='ltr'><strong>temerita-</strong></span> 
     </span>
     <span class='ocr_line' id='line_1_22' title="bbox 258 2475 1298 2568; baseline 0.007 -31"><span class='ocrx_word' id='word_1_166' title='bbox 258 2485 325 2538; x_wconf 89' lang='lat' dir='ltr'><strong>tem</strong></span> <span class='ocrx_word' id='word_1_167' title='bbox 347 2486 436 2540; x_wconf 90' lang='lat' dir='ltr'><strong>tuam</strong></span> <span class='ocrx_word' id='word_1_168' title='bbox 460 2476 672 2564; x_wconf 87' lang='lat' dir='ltr'><strong>perapposite,</strong></span> <span class='ocrx_word' id='word_1_169' title='bbox 698 2475 822 2541; x_wconf 85' lang='lat' dir='ltr'><strong>divinus</strong></span> <span class='ocrx_word' id='word_1_170' title='bbox 845 2497 941 2542; x_wconf 83' lang='lat' dir='ltr'><strong>senex</strong></span> <span class='ocrx_word' id='word_1_171' title='bbox 964 2497 1003 2542; x_wconf 91' lang='lat' dir='ltr'><strong>ac</strong></span> <span class='ocrx_word' id='word_1_172' title='bbox 1025 2476 1172 2544; x_wconf 85' lang='lat' dir='ltr'><strong>veritatis</strong></span> <span class='ocrx_word' id='word_1_173' title='bbox 1192 2499 1298 2568; x_wconf 77' lang='lat' dir='ltr'><strong>praeec</strong></span> 
     </span>
     <span class='ocr_line' id='line_1_23' title="bbox 259 2583 788 2652; baseline 0.002 -4"><span class='ocrx_word' id='word_1_174' title='bbox 259 2583 402 2650; x_wconf 81' lang='lat' dir='ltr'><strong>versibus</strong></span> <span class='ocrx_word' id='word_1_175' title='bbox 419 2585 462 2652; x_wconf 86' lang='lat' dir='ltr'><strong>ita</strong></span> <span class='ocrx_word' id='word_1_176' title='bbox 480 2585 513 2652; x_wconf 90' lang='lat' dir='ltr'><strong>in</strong></span> <span class='ocrx_word' id='word_1_177' title='bbox 533 2597 565 2652; x_wconf 93' lang='lat' dir='ltr'><strong>te</strong></span> <span class='ocrx_word' id='word_1_178' title='bbox 578 2583 788 2652; x_wconf 83' lang='lat' dir='ltr'><strong>exclamavit:</strong></span> 
     </span>
    </p>
   </div>
   <div class='ocr_carea' id='block_1_3' title="bbox 337 2745 1297 3228">
    <p class='ocr_par' dir='ltr' id='par_1_4' title="bbox 337 2745 1249 2929">
     <span class='ocr_line' id='line_1_24' title="bbox 337 2745 1249 2829; baseline 0.001 -22"><span class='ocrx_word' id='word_1_179' title='bbox 337 2751 451 2822; x_wconf 84' lang='lat' dir='ltr'><strong>Marce,</strong></span> <span class='ocrx_word' id='word_1_180' title='bbox 463 2748 609 2808; x_wconf 91' lang='lat' dir='ltr'><strong>idolorum</strong></span> <span class='ocrx_word' id='word_1_181' title='bbox 621 2747 791 2822; x_wconf 84' lang='lat' dir='ltr'><strong>architecte,</strong></span> <span class='ocrx_word' id='word_1_182' title='bbox 803 2761 833 2807; x_wconf 85' lang='lat' dir='ltr'><strong>et</strong></span> <span class='ocrx_word' id='word_1_183' title='bbox 844 2759 1046 2829; x_wconf 87' lang='lat' dir='ltr'><strong>portentorum</strong></span> <span class='ocrx_word' id='word_1_184' title='bbox 1057 2745 1249 2822; x_wconf 79' lang='lat' dir='ltr'><strong>observator,</strong></span> 
     </span>
     <span class='ocr_line' id='line_1_25' title="bbox 338 2849 920 2929; baseline 0.005 -24"><span class='ocrx_word' id='word_1_185' title='bbox 338 2849 538 2926; x_wconf 67' lang='lat' dir='ltr'><strong>astrologicae,</strong></span> <span class='ocrx_word' id='word_1_186' title='bbox 551 2862 580 2908; x_wconf 88' lang='lat' dir='ltr'><strong>et</strong></span> <span class='ocrx_word' id='word_1_187' title='bbox 593 2850 712 2928; x_wconf 68' lang='lat' dir='ltr'><strong>magica</strong></span> <span class='ocrx_word' id='word_1_188' title='bbox 727 2849 797 2908; x_wconf 86' lang='lat' dir='ltr'><strong>artis</strong></span> <span class='ocrx_word' id='word_1_189' title='bbox 813 2849 920 2929; x_wconf 83' lang='lat' dir='ltr'><strong>perite,</strong></span> 
     </span>
    </p>

    <p class='ocr_par' dir='ltr' id='par_1_5' title="bbox 339 2945 1297 3228">
     <span class='ocr_line' id='line_1_26' title="bbox 339 2945 1297 3026; baseline 0.003 -24"><span class='ocrx_word' id='word_1_190' title='bbox 339 2947 472 3024; x_wconf 76' lang='lat' dir='ltr'><strong>Per-quas</strong></span> <span class='ocrx_word' id='word_1_191' title='bbox 483 2947 561 3006; x_wconf 83' lang='lat' dir='ltr'><strong>falsis</strong></span> <span class='ocrx_word' id='word_1_192' title='bbox 572 2959 676 3006; x_wconf 88' lang='lat' dir='ltr'><strong>etcum</strong></span> <span class='ocrx_word' id='word_1_193' title='bbox 686 2965 787 3006; x_wconf 86' lang='lat' dir='ltr'><strong>errore</strong></span> <span class='ocrx_word' id='word_1_194' title='bbox 799 2946 960 3026; x_wconf 73' lang='lat' dir='ltr'><strong>conjunctu</strong></span> <span class='ocrx_word' id='word_1_195' title='bbox 972 2947 1112 3008; x_wconf 84' lang='lat' dir='ltr'><strong>doctrinis</strong></span> <span class='ocrx_word' id='word_1_196' title='bbox 1126 2945 1297 3006; x_wconf 86' lang='lat' dir='ltr'><strong>robureon-</strong></span> 
     </span>
     <span class='ocr_line' id='line_1_27' title="bbox 339 3045 1297 3126; baseline 0.013 -22"><span class='ocrx_word' id='word_1_197' title='bbox 339 3045 391 3104; x_wconf 77' lang='lat' dir='ltr'><strong>nis</strong></span> <span class='ocrx_word' id='word_1_198' title='bbox 408 3047 460 3124; x_wconf 92' lang='lat' dir='ltr'><strong>qui</strong></span> <span class='ocrx_word' id='word_1_199' title='bbox 471 3068 489 3106; x_wconf 88' lang='lat' dir='ltr'><strong>a</strong></span> <span class='ocrx_word' id='word_1_200' title='bbox 500 3059 528 3106; x_wconf 88' lang='lat' dir='ltr'><strong>te</strong></span> <span class='ocrx_word' id='word_1_201' title='bbox 541 3049 721 3110; x_wconf 86' lang='lat' dir='ltr'><strong>seducuntur</strong></span> <span class='ocrx_word' id='word_1_202' title='bbox 734 3049 862 3110; x_wconf 83' lang='lat' dir='ltr'><strong>facinora</strong></span> <span class='ocrx_word' id='word_1_203' title='bbox 1196 3048 1297 3126; x_wconf 57' lang='lat' dir='ltr'><strong>[ellim</strong></span> 
     </span>
     <span class='ocr_line' id='line_1_28' title="bbox 339 3146 1045 3228; baseline 0.006 -26"><span class='ocrx_word' id='word_1_204' title='bbox 339 3146 513 3224; x_wconf 79' lang='lat' dir='ltr'><strong>Apostaticae</strong></span> <span class='ocrx_word' id='word_1_205' title='bbox 525 3149 642 3208; x_wconf 87' lang='lat' dir='ltr'><strong>virtutis</strong></span> <span class='ocrx_word' id='word_1_206' title='bbox 652 3169 708 3228; x_wconf 88' lang='lat' dir='ltr'><strong>pro</strong></span> <span class='ocrx_word' id='word_1_207' title='bbox 718 3149 865 3208; x_wconf 85' lang='lat' dir='ltr'><strong>miraculis</strong></span> <span class='ocrx_word' id='word_1_208' title='bbox 876 3147 1045 3220; x_wconf 86' lang='lat' dir='ltr'><strong>ostendens,</strong></span> 
     </span>
    </p>
   </div>
   <div class='ocr_carea' id='block_1_4' title="bbox 340 3247 1301 3424">
    <p class='ocr_par' dir='ltr' id='par_1_6' title="bbox 340 3247 1301 3424">
     <span class='ocr_line' id='line_1_29' title="bbox 342 3247 1301 3330; baseline 0.001 -25"><span class='ocrx_word' id='word_1_209' title='bbox 342 3247 474 3318; x_wconf 88' lang='lat' dir='ltr'><strong>Quorum</strong></span> <span class='ocrx_word' id='word_1_210' title='bbox 482 3247 662 3308; x_wconf 86' lang='lat' dir='ltr'><strong>edendorum</strong></span> <span class='ocrx_word' id='word_1_211' title='bbox 674 3251 840 3310; x_wconf 83' lang='lat' dir='ltr'><strong>facultatem</strong></span> <span class='ocrx_word' id='word_1_212' title='bbox 853 3261 938 3330; x_wconf 87' lang='lat' dir='ltr'><strong>pater</strong></span> <span class='ocrx_word' id='word_1_213' title='bbox 952 3261 1018 3308; x_wconf 88' lang='lat' dir='ltr'><strong>tuus</strong></span> <span class='ocrx_word' id='word_1_214' title='bbox 1029 3251 1151 3306; x_wconf 86' lang='lat' dir='ltr'><strong>Satanas</strong></span> <span class='ocrx_word' id='word_1_215' title='bbox 1164 3247 1226 3308; x_wconf 86' lang='lat' dir='ltr'><strong>tibi</strong></span> <span class='ocrx_word' id='word_1_216' title='bbox 1238 3268 1301 3326; x_wconf 85' lang='lat' dir='ltr'><strong>sup</strong></span> 
     </span>
     <span class='ocr_line' id='line_1_30' title="bbox 340 3343 1301 3424; baseline -0.001 -24"><span class='ocrx_word' id='word_1_217' title='bbox 340 3343 397 3400; x_wconf 87' lang='lat' dir='ltr'><strong>Per</strong></span> <span class='ocrx_word' id='word_1_218' title='bbox 408 3343 572 3422; x_wconf 81' lang='lat' dir='ltr'><strong>Angelicam</strong></span> <span class='ocrx_word' id='word_1_219' title='bbox 584 3345 723 3406; x_wconf 86' lang='lat' dir='ltr'><strong>virtutem</strong></span> <span class='ocrx_word' id='word_1_220' title='bbox 733 3346 872 3419; x_wconf 67' lang='lat' dir='ltr'><strong>nauelis,</strong></span> <span class='ocrx_word' id='word_1_221' title='bbox 1176 3343 1301 3424; x_wconf 86' lang='lat' dir='ltr'><strong>[peditat</strong></span> 
     </span>
    </p>
   </div>
   <div class='ocr_carea' id='block_1_5' title="bbox 340 3444 1301 3628">
    <p class='ocr_par' dir='ltr' id='par_1_7' title="bbox 340 3444 1301 3628">
     <span class='ocr_line' id='line_1_31' title="bbox 340 3444 1301 3528; baseline 0 -26"><span class='ocrx_word' id='word_1_222' title='bbox 340 3445 382 3502; x_wconf 89' lang='lat' dir='ltr'><strong>Ut</strong></span> <span class='ocrx_word' id='word_1_223' title='bbox 394 3444 484 3523; x_wconf 89' lang='lat' dir='ltr'><strong>quite</strong></span> <span class='ocrx_word' id='word_1_224' title='bbox 496 3447 613 3506; x_wconf 83' lang='lat' dir='ltr'><strong>nelariae</strong></span> <span class='ocrx_word' id='word_1_225' title='bbox 626 3460 713 3526; x_wconf 89' lang='lat' dir='ltr'><strong>atque</strong></span> <span class='ocrx_word' id='word_1_226' title='bbox 721 3447 818 3528; x_wconf 74' lang='lat' dir='ltr'><strong>impiae</strong></span> <span class='ocrx_word' id='word_1_227' title='bbox 827 3447 963 3508; x_wconf 80' lang='lat' dir='ltr'><strong>versutiae</strong></span> <span class='ocrx_word' id='word_1_228' title='bbox 976 3465 1192 3528; x_wconf 72' lang='lat' dir='ltr'><strong>praecursorem</strong></span> <span class='ocrx_word' id='word_1_229' title='bbox 1202 3458 1301 3504; x_wconf 88' lang='lat' dir='ltr'><strong>nactus</strong></span> 
     </span>
     <span class='ocr_line' id='line_1_32' title="bbox 1241 3549 1301 3628; baseline 0.017 -23"><span class='ocrx_word' id='word_1_230' title='bbox 1241 3549 1301 3628; x_wconf 85' lang='lat' dir='ltr'><strong>[sit.</strong></span> 
     </span>
    </p>
   </div>
   <div class='ocr_carea' id='block_1_6' title="bbox 261 3686 1302 3890">
    <p class='ocr_par' dir='ltr' id='par_1_8' title="bbox 261 3657 1343 3890">
     <span class='ocr_line' id='line_1_33' title="bbox 262 3686 1302 3779; baseline -0.006 -25"><span class='ocrx_word' id='word_1_231' title='bbox 262 3689 367 3776; x_wconf 71' lang='lat' dir='ltr'><strong>Atque</strong></span> <span class='ocrx_word' id='word_1_232' title='bbox 384 3689 454 3756; x_wconf 75' lang='lat' dir='ltr'><strong>hec</strong></span> <span class='ocrx_word' id='word_1_233' title='bbox 472 3690 603 3777; x_wconf 85' lang='lat' dir='ltr'><strong>quidem</strong></span> <span class='ocrx_word' id='word_1_234' title='bbox 619 3691 714 3757; x_wconf 82' lang='lat' dir='ltr'><strong>rerba</strong></span> <span class='ocrx_word' id='word_1_235' title='bbox 729 3691 761 3756; x_wconf 91' lang='lat' dir='ltr'><strong>in</strong></span> <span class='ocrx_word' id='word_1_236' title='bbox 782 3702 813 3756; x_wconf 89' lang='lat' dir='ltr'><strong>te</strong></span> <span class='ocrx_word' id='word_1_237' title='bbox 828 3690 920 3756; x_wconf 83' lang='lat' dir='ltr'><strong>torsit</strong></span> <span class='ocrx_word' id='word_1_238' title='bbox 938 3689 1008 3779; x_wconf 88' lang='lat' dir='ltr'><strong>pius</strong></span> <span class='ocrx_word' id='word_1_239' title='bbox 1023 3710 1129 3756; x_wconf 78' lang='lat' dir='ltr'><strong>senex.</strong></span> <span class='ocrx_word' id='word_1_240' title='bbox 1146 3686 1215 3756; x_wconf 84' lang='lat' dir='ltr'><strong>Nos</strong></span> <span class='ocrx_word' id='word_1_241' title='bbox 1227 3709 1302 3752; x_wconf 81' lang='lat' dir='ltr'><strong>vero</strong></span> 
     </span>
     <span class='ocr_line' id='line_1_34' title="bbox 261 3795 1302 3890; baseline -0.004 -26"><span class='ocrx_word' id='word_1_242' title='bbox 261 3795 381 3886; x_wconf 90' lang='lat' dir='ltr'><strong>reliqua</strong></span> <span class='ocrx_word' id='word_1_243' title='bbox 405 3823 517 3868; x_wconf 89' lang='lat' dir='ltr'><strong>eorum</strong></span> <span class='ocrx_word' id='word_1_244' title='bbox 541 3803 704 3889; x_wconf 83' lang='lat' dir='ltr'><strong>mysterio,</strong></span> <span class='ocrx_word' id='word_1_245' title='bbox 729 3823 800 3890; x_wconf 73' lang='lat' dir='ltr'><strong>qum</strong></span> <span class='ocrx_word' id='word_1_246' title='bbox 823 3800 916 3889; x_wconf 76' lang='lat' dir='ltr'><strong>longo</strong></span> <span class='ocrx_word' id='word_1_247' title='bbox 938 3810 1023 3876; x_wconf 85' lang='lat' dir='ltr'><strong>aunt,</strong></span> <span class='ocrx_word' id='word_1_248' title='bbox 1045 3798 1133 3888; x_wconf 65' lang='lat' dir='ltr'><strong>previ</strong></span> <span class='ocrx_word' id='word_1_249' title='bbox 1154 3797 1302 3864; x_wconf 86' lang='lat' dir='ltr'><strong>oratione</strong></span> 
     </span>
    </p>
   </div>
   <div class='ocr_carea' id='block_1_7' title="bbox 0 0 1388 4632">
    <p class='ocr_par' dir='ltr' id='par_1_9' title="bbox 0 0 1388 4632">
     <span class='ocr_line' id='line_1_35' title="bbox 0 0 1388 4632; baseline 0 0"><span class='ocrx_word' id='word_1_250' title='bbox 0 0 1388 4632; x_wconf 95' lang='lat' dir='ltr'><strong> </strong></span> 
     </span>
    </p>
   </div>
  </div>
 </body>
</html>
