2646 4628
371 321 495 371 carras
519 323 669 367 annaeus.
798 327 808 344 ·
977 307 1037 392 287

29 407 277 496 'cmadmodum
291 427 405 496 eadem
421 430 561 497 cumbis
577 432 631 520 qui
649 432 814 500 veritatem
830 455 895 500 non
911 457 1042 525 cognos-

36 547 121 601 ›ant
138 536 292 612 dicentes,
310 534 393 602 solos
407 537 615 625 vosmetipsos
629 561 700 604 eam
716 561 785 627 quse
801 551 959 631 estsuper
975 564 1042 608 om-

29 657 40 708 t
63 645 225 734 cognitio,
242 645 361 712 hahere
376 643 568 733 gloriamini,
584 669 681 734 quam
700 648 796 713 etiam
818 650 871 737 qui
894 649 1041 739 ignorant

28 739 108 816 ¹'um
125 751 267 817 hahent?
283 750 470 818 Secundum
485 752 681 841 antiphrasin
693 777 781 844 orgo,
797 756 937 823 veritatis
954 757 1042 846 igno-

28 861 142 928 '1tium
156 859 351 950 agnitionem
366 872 504 926 vocant:
524 873 556 927 et
575 862 659 926 hene
678 861 793 928 Paulus
815 865 871 942 ait,
888 891 901 924 ι
917 863 1041 934 Vocum

28 967 189 1038 levitates
204 971 288 1037 salsae
300 971 495 1060 agnitionis¹.
516 970 621 1038 »Vere
639 972 725 1038 enim
742 970 815 1044 salsa
828 976 946 1064 agnitio
962 978 1042 1066 ipso-

33 1105 70 1145 m
97 1081 225 1146 inventa
244 1093 301 1146 est.
319 1079 353 1145 Si
369 1091 477 1146 autem
495 1079 697 1168 impudenter
712 1093 840 1169 agentes
859 1105 955 1173 super
973 1083 1042 1152 haec

28 1195 126 1266 ¹rent,
142 1191 287 1256 homines
303 1190 434 1278 quidem
445 1214 509 1256 non
522 1191 706 1280 cognovisse
719 1192 896 1268 veritatem,
909 1193 1041 1262 Matrem

28 1307 113 1364 tom
128 1299 281 1388 ipsorum,
301 1297 390 1388 (vel)
410 1323 518 1365 semen
534 1297 708 1388 paternale‚
725 1323 784 1388 per
794 1300 872 1367 tales
884 1301 1040 1382 homines,

29 1406 278 1474 ›emadmodum
289 1417 322 1472 ct
331 1431 390 1496 per
401 1407 587 1497 Prophetas,
601 1408 781 1474 enuntiasse
797 1411 947 1498 mysteria
959 1414 1043 1479 veri-

30 1519 90 1594 tis,
109 1519 274 1606 ignorante
288 1518 463 1608 Demiurgo
482 1541 489 1584 ι
508 1519 759 1608 primoquidem
774 1543 840 1585 non
858 1518 933 1586 talia
954 1534 1044 1588 erant

27 1645 70 1694 τε
86 1639 162 1694 sunt
172 1627 338 1716 praedicta,
352 1638 387 1694 ut
398 1651 463 1694 non
482 1651 498 1693 a
519 1627 660 1716 quolibet
674 1627 905 1717 intelligentam
925 1632 1044 1698 etenim

27 1737 54 1802 si
75 1735 225 1802 homines
241 1736 383 1801 sciebant
401 1759 470 1824 quae
490 1736 652 1811 dicebant,
671 1747 704 1802 et
723 1736 869 1826 discipuli
887 1737 1041 1827 ipsorum,

27 1847 163 1912 thorum
176 1865 383 1910 successores.
399 1843 474 1910 Post
486 1844 614 1920 deinde,
628 1843 677 1910 vel
688 1844 802 1921 Meter,
813 1845 862 1912 vel
877 1871 1000 1926 semen,
1017 1851 1042 1914 si

27 1956 257 2046 :gnoscebant,
270 1964 303 2019 et
321 1955 513 2020 enarrabant
524 1976 561 2018 ea
573 1977 644 2042 quae
655 1963 747 2020 erent
757 1953 914 2030 veritatis;
929 1958 1043 2024 veritas

27 2080 115 2132 :tem
129 2065 223 2132 Pater
238 2087 245 2130 ι
260 2063 405 2131 Salvator
420 2087 509 2154 ergo,
525 2065 702 2130 secundum
716 2087 783 2140 eos,
796 2065 857 2130 erit
875 2069 1041 2145 mentitus,

26 2200 136 2266 icens:
153 2175 259 2244 Nemo
272 2178 425 2266 cognouit
436 2177 586 2252 Patrem,
601 2176 669 2240 nisi
680 2174 822 2241 Fttteat
838 2176 871 2242 Si
883 2177 969 2244 enim
987 2203 1043 2247 co-

26 2288 112 2356 nitus
123 2297 172 2353 est
183 2284 232 2353 rel
245 2310 262 2352 a
273 2285 388 2363 Matre,
399 2283 479 2352 vela
494 2283 614 2352 semine
630 2285 712 2373 ejus,
732 2281 872 2350 solutum
883 2299 931 2352 est
949 2286 1040 2366 illud,

26 2397 94 2468 aod
109 2419 207 2462 cerno
228 2396 381 2488 cognovit
400 2395 550 2470 Patrem,
567 2394 635 2459 nisi
648 2393 762 2460 Filias
779 2417 791 2458 .·
811 2393 871 2460 nisi
890 2395 915 2460 si
933 2419 1043 2464 semen

26 2531 162 2583 sorum,
182 2505 232 2573 vel
246 2506 382 2572 Matrem
400 2507 568 2570 neminem
585 2526 654 2570 esse
672 2503 792 2570 dicunt.

26 2681 28 2688 .
43 2615 91 2680 Et
104 2639 204 2704 usque
215 2615 278 2682 hoc
289 2614 419 2703 quidem
433 2613 658 2703 perhumanae
676 2611 874 2689 affectiones,
886 2625 919 2679 et
935 2639 993 2704 per
1009 2617 1043 2682 id

26 2725 91 2790 rod
111 2721 223 2790 similia
242 2725 350 2791 dicant
364 2723 472 2790 multis
492 2722 710 2812 ignorantibus
730 2722 848 2798 Deum,
865 2723 1044 2791 verisimili-

26 2859 49 2900 ιι·
66 2835 126 2900 visi
148 2844 223 2900 sunt
240 2833 425 2900 abstrahere
445 2833 618 2921 quosdam
641 2829 835 2897 attrahentes
849 2854 908 2919 per
921 2855 958 2898 ea
973 2857 1044 2922 quae

26 2945 122 3011 rsueti
138 2955 224 3020 sunt,
241 2944 274 3009 in
289 2965 365 3008 eum
380 2941 435 3029 qui
453 2952 502 3008 est
516 2940 557 3005 de
572 2940 721 3005 omnibus
736 2961 930 3017 sermonem,
946 2939 1044 3010 Verbi

29 3055 62 3118 ei
86 3053 216 3141 genesin
235 3061 443 3140 exponentes,
463 3061 497 3114 et
515 3048 607 3123 Vitae,
630 3047 736 3114 adhuc
750 3049 847 3115 etiam
863 3049 993 3128 Sensus,
1013 3066 1047 3120 et

29 3163 63 3228 ei
80 3162 266 3227 omissiones
282 3160 534 3227 obstetricantes.
555 3159 636 3240 Quae
651 3169 758 3224 autem
773 3183 813 3226 ex
827 3159 875 3226 his
891 3185 956 3228 non
969 3166 1048 3231 veri-

29 3268 153 3336 militer
164 3282 196 3334 et
207 3269 274 3334 sine
286 3269 478 3344 ostensione,
492 3267 598 3334 omnia
609 3291 649 3333 ex
660 3268 808 3334 omnibus
820 3272 944 3338 mentiti
956 3287 1043 3352 sunt,

26 3377 280 3446 uemadmodum
295 3378 350 3466 qui
366 3388 505 3443 assuetas
521 3399 622 3454 escas,
642 3386 676 3442 et
694 3388 730 3441 ut
746 3375 890 3454 illiciant,
910 3383 1046 3468 premit·

26 3502 92 3568 snt,
107 3490 154 3555 uti
169 3489 297 3578 capiant
308 3487 436 3576 aliquod
447 3487 576 3564 animal,
594 3487 710 3554 sensim
722 3485 922 3556 blandientes
933 3492 978 3558 eis
989 3517 1047 3582 per

26 3611 132 3668 ssuetn
155 3598 284 3689 pabula,
307 3621 472 3688 quousque
494 3599 669 3688 accipiant;
698 3610 859 3666 sumentes
881 3611 988 3669 summ
1009 3626 1046 3670 ea

26 3710 145 3798 optiva,
161 3707 291 3798 alligant
302 3707 510 3783 amarissime,
527 3719 559 3774 et
574 3708 698 3776 ducunt
711 3731 770 3797 per
785 3708 848 3776 vim
863 3707 1046 3781 abstrahen-

26 3841 50 3888 ει
70 3840 274 3908 quocumque
290 3817 349 3908 ipsi
365 3813 531 3884 voluerint.

41 3947 50 3980 ¹
68 3965 76 3996 ι
93 3947 159 3997 Tim.
174 3963 208 4008 ιι,
223 3963 262 3998 ιε.
273 3975 304 3986 -
315 3945 326 3981 ²
338 3947 430 3998 Marah.
441 3963 477 4006 ιι,
489 3962 527 4010 ²7·
561 4021 580 4056 J
