2710 4662
225 230 285 293 108
609 249 723 292 sircrr
746 247 869 292 rorrru

219 368 352 428 aternu
372 355 413 420 de
427 377 488 442 qua
504 367 537 420 et
555 367 590 420 tu
605 377 772 442 persuasus
789 377 833 418 es.
854 353 1039 420 Secundum
1063 353 1186 418 omnia
1207 352 1273 416 rice

221 461 334 528 animm
349 473 410 527 tuae
426 462 485 526 sim
499 483 571 550 ego,
587 472 620 525 et
634 459 759 526 vincula
774 483 844 526 meu
860 485 931 549 quae
946 459 1094 526 dilexisti.

264 570 320 634 lll.
340 569 403 648 Qui
421 569 569 634 videntur
586 568 650 634 fide
670 568 757 657 digni
776 591 857 644 esse,
874 581 906 634 ct
921 569 1021 634 aliene
1044 569 1192 643 docent,
1211 591 1270 632 non

222 691 253 744 to
274 679 544 766 perterrefaciunt.
570 677 623 743 Sta
647 677 771 754 lirmus,
791 691 826 743 ut
841 679 931 745 incus
951 703 1021 767 quae
1044 676 1268 768 percutitur'.

221 785 327 876 lllagni
345 785 472 852 athletae
492 798 552 862 est,
572 787 651 852 cedi
672 799 705 852 et
723 787 860 854 vincere.
884 787 1019 852 Maxime
1040 810 1122 853 vero
1138 799 1272 875 propter

223 895 329 960 Deum
340 897 447 962 omnia
459 897 613 963 sustinere
625 919 683 962 nos
695 883 839 985 oportet:
853 908 888 962 ut
899 883 932 962 et
944 898 1009 986 ipse
1022 921 1082 962 nos
1096 898 1267 962 sustineat.

223 1003 403 1070 Studiosior
414 1005 484 1081 lias,
497 1029 593 1096 quom
604 1029 648 1070 es.
663 1004 821 1094 Tempora
833 1007 1005 1096 perpende.
1016 1005 1104 1072 Eum
1117 1007 1177 1094 qui
1191 1005 1269 1070 ultra

224 1125 350 1203 tempus
370 1126 430 1189 est,
447 1127 609 1203 exspecta:
627 1114 892 1203 intemporalem
910 1113 1120 1190 invisibilem,
1138 1127 1267 1205 propter

224 1246 282 1288 nos
304 1222 478 1297 visibilem
508 1223 761 1313 impalpabilemr
781 1223 1007 1314 impetibilem,
1035 1238 1149 1292 nostra
1175 1249 1263 1292 causa

223 1331 403 1422 patibilem:
423 1334 476 1422 qui
491 1334 682 1400 omnimodis
696 1347 828 1424 propter
841 1359 899 1400 nos
914 1335 1075 1400 sustinuit.

162 1458 166 1463 ·
269 1440 322 1506 lV.
343 1441 454 1508 Viduae
477 1467 542 1510 non
565 1442 774 1533 negligantur.
800 1443 874 1510 Post
894 1444 1070 1510 Dominum
1095 1455 1137 1508 tu
1157 1465 1260 1509 eurum

226 1565 355 1626 curator
368 1564 446 1619 esto.
466 1552 550 1620 Nihil
566 1555 633 1620 sine
649 1567 703 1619 tua
719 1554 879 1621 voluntate
895 1553 951 1619 liat
970 1579 978 1619 ι
997 1577 1106 1642 neque
1124 1565 1160 1618 tu
1174 1551 1262 1642 qnid-

228 1685 324 1752 quam
336 1663 402 1728 sine
413 1662 472 1728 Dei
484 1661 645 1730 voluntate
657 1686 729 1752 agas
737 1687 747 1736 ;
763 1664 850 1751 quod
860 1686 921 1729 nec
935 1663 1027 1739 lacis,
1040 1685 1123 1729 cum
1136 1663 1174 1728 sis
1185 1685 1255 1728 oon-

228 1783 324 1837 stans.
342 1771 493 1838 Crebrius
505 1784 681 1839 conventus
693 1771 780 1840 liunt.
797 1772 990 1838 Nominetim
1004 1796 1123 1838 omnes
1135 1771 1247 1858 inquire

230 1879 344 1946 Servos
359 1893 392 1946 et
405 1879 535 1971 ancillas
552 1904 592 1947 ne
607 1883 744 1970 superbe
759 1894 944 1948 contemnas
965 1905 973 1946 :
991 1881 1049 1948 sed
1065 1904 1130 1947 nec
1148 1881 1201 1969 ipsi
1209 1880 1258 1944 in-

231 1987 363 2066 llenturt
382 2012 493 2054 verum
516 1989 556 2054 ud
575 1987 707 2078 gloriam
725 1989 784 2055 Dei
803 1988 873 2077 plus
891 1989 1042 2065 servient,
1059 2002 1095 2054 ut
1109 1991 1264 2078 potiorem

233 2092 413 2160 libertatem
431 2118 449 2159 a
465 2094 533 2160 Deo
551 2107 803 2184 consequantur..
822 2094 893 2160 Non
912 2095 1043 2183 cupiant
1064 2118 1082 2160 a
1101 2093 1268 2161 communi

234 2203 343 2268 donari
359 2201 517 2278 libertate,
533 2226 573 2268 ne
590 2204 671 2269 servi
686 2203 889 2268 inveniuntur
902 2203 1084 2290 cupiditatis.

275 2311 314 2377 V.
332 2309 429 2376 Malas
444 2323 526 2376 artes
541 2309 614 2399 suge
628 2334 636 2374 ι
652 2311 716 2376 imo
731 2333 806 2376 vero
821 2309 862 2374 de
876 2310 914 2374 iis
929 2312 1069 2377 verbane
1080 2307 1184 2374 facito.
1201 2307 1273 2372 So·

233 2421 358 2486 roribus
370 2421 448 2486 meis
460 2421 570 2495 dicito,
579 2420 794 2486 utDominum
803 2431 923 2494 ament,
938 2431 971 2484 et
983 2419 1098 2484 maritis
1106 2429 1268 2483 contente

235 2531 299 2596 sint
313 2553 408 2598 carne
425 2553 466 2596 ac
480 2531 601 2618 spiritu.
622 2528 775 2597 Similiter
787 2541 820 2594 et
835 2529 986 2594 fratribus
1001 2530 1079 2594 meis
1094 2527 1225 2603 manda,
1238 2527 1268 2590 in

237 2637 365 2704 nomino
376 2637 452 2703 Jesu
469 2637 599 2711 Christi,
614 2637 745 2726 diligant
759 2639 911 2725 conjuges
922 2659 1007 2712 suas,
1020 2637 1104 2702 siout
1114 2635 1266 2701 Dominus

236 2744 442 2813 Ecclesiam².
458 2746 491 2812 Si
507 2747 576 2834 quis
591 2758 695 2835 potest
706 2748 739 2811 in
751 2746 894 2814 castitate
905 2769 1049 2820 manere,
1061 2744 1103 2809 ad
1115 2745 1266 2812 honorem

238 2853 340 2918 cernis
351 2854 539 2930 Dominicte,
552 2855 585 2920 in
598 2853 775 2920 humilitate
786 2865 924 2920 maneat.
940 2852 974 2918 Si
985 2851 1153 2942 glorietur,
1167 2855 1267 2942 periit.

238 2958 323 3024 Etsi
344 2984 377 3026 se
398 2962 554 3048 majorem
573 2963 722 3051 episcopo
744 2974 865 3036 censet,
882 2961 1011 3040 interiit.
1030 2961 1133 3028 Decet
1148 2986 1224 3028 rem
1239 2973 1270 3026 ut

239 3068 346 3158 sponsi
360 3081 393 3133 et
408 3091 542 3156 sponsae,
559 3071 600 3135 de
614 3071 768 3136 sententia
783 3070 922 3160 episcopi
935 3071 1123 3159 conjugium
1139 3071 1268 3141 saciantt

240 3201 304 3268 quo
315 3179 433 3266 nuptiae
445 3177 507 3242 sint
517 3179 695 3243 secundum
707 3178 891 3253 Dominum,
904 3201 936 3244 es
948 3201 1012 3246 non
1024 3180 1206 3246 secundum
1217 3205 1272 3246 cu-

239 3287 414 3380 piditatem.
433 3285 548 3354 Omnia
563 3288 605 3352 ad
619 3288 773 3356 honorem
788 3288 846 3354 Dei
862 3287 950 3354 liant.

284 3397 337 3464 Vl.
356 3399 513 3487 Episcopo
534 3398 699 3474 attendite,
715 3411 799 3466 utet
815 3399 900 3468 Deus
916 3401 1014 3465 vobis.
1033 3399 1204 3468 Devovear
1216 3425 1271 3492 ego

242 3528 300 3595 pro
315 3507 352 3571 iis
367 3509 421 3596 qui
436 3509 552 3575 subditi
568 3520 643 3574 sunt
656 3509 819 3599 episcopo,
834 3508 1040 3596 presbyteris,
1053 3508 1209 3576 diaconis.
1224 3511 1275 3576 At-

243 3637 306 3702 que
320 3614 399 3679 mihi
414 3617 577 3706 contingat
592 3619 709 3684 habere
723 3641 799 3684 cum
814 3617 873 3684 illis
889 3629 1012 3708 partem
1030 3616 1064 3692 in
1078 3617 1158 3684 Deo.
1177 3618 1276 3700 Colla

241 3725 354 3814 borate
366 3724 454 3788 vobis
466 3737 591 3801 mutuo,
605 3750 667 3793 una
679 3739 811 3804 certate,
823 3751 885 3794 una
898 3729 1028 3802 currite,
1041 3728 1274 3816 compatimini,

280 3853 358 3904 ¹Job.
374 3855 725 3922 xm,15.-²Eplrrs.v‚a.5.
787 3815 801 3828 ἱ
