2710 4662
302 235 360 314 rte
541 251 687 297 rrrsronn
713 251 865 296 necessse
890 251 1074 295 suranensrs

297 359 478 449 impulerat,
493 373 530 426 ut
544 358 628 424 ultro
641 360 842 425 accederent.
861 358 944 423 Huic
959 353 1132 444 proconsul
1152 352 1273 420 multis
1284 357 1322 418 ob

296 469 525 536 sectationibus
543 467 698 556 persuasit
715 467 822 555 jurare
841 489 880 532 ac
899 464 1087 532 sacrificare.
1111 463 1262 550 Propter
1281 461 1322 526 b«

297 579 405 667 igitur,
424 577 549 652 fratres,
562 598 626 641 non
641 577 816 663 probamus
826 596 881 639 eos
896 574 950 661 qui
966 584 1080 662 sponte
1095 594 1171 637 sese
1188 569 1319 637 offerunt

298 684 565 771 Quandoquidem
580 705 645 748 non
660 683 703 747 ita
719 682 814 748 docet
828 678 1046 770 Evangelium.

339 792 378 860 V.
400 791 595 880 Polycarpus
614 802 721 856 autern
740 791 789 857 vir
808 789 944 854 maxime
962 789 1181 864 admirabilis,
1202 791 1318 878 primm

296 900 439 988 quidem,
460 923 494 964 re
508 900 628 975 audita,
649 900 795 970 turbatus
814 909 958 969 nonest:
981 898 1038 963 sed
1052 895 1192 962 volebas
1210 899 1244 962 in
1265 901 1318 962 urbs

296 1031 492 1097 permanere.
518 1008 628 1075 Plures
652 1020 759 1075 tamen
782 1009 811 1072 ei
832 1019 1070 1095 persuaserunt,
1097 1017 1137 1072 ut
1159 1009 1316 1074 secedere

297 1117 338 1182 Et
352 1118 480 1184 secessit
494 1116 527 1183 in
539 1115 676 1208 agellum
688 1139 753 1182 non
765 1113 902 1184 multum
918 1115 1063 1181 dissitum
1074 1138 1096 1179 a
1112 1116 1261 1188 civitat&
1278 1117 1316 1180 ubi

297 1248 373 1292 cum
393 1225 502 1313 paucis
523 1225 651 1300 mansit,
674 1223 728 1288 diu
747 1234 909 1311 noctuque
930 1221 1008 1288 nibil
1029 1221 1124 1288 aliud
1144 1245 1254 1312 agens,
1270 1225 1314 1288 nisi

297 1334 383 1422 quod
398 1333 508 1398 orabat
521 1355 579 1421 pro
596 1331 765 1404 universis,
782 1343 814 1395 et
831 1352 890 1418 pro
905 1330 1055 1396 omnibus
1070 1353 1136 1418 per
1151 1333 1259 1397 orbem
1271 1353 1311 1394 er·

297 1439 399 1508 clesiis
412 1463 420 1504 ε
432 1439 518 1526 quod
528 1439 588 1528 ipsi
598 1451 667 1505 erat
677 1437 828 1505 solemne.
847 1439 887 1503 Et
901 1463 975 1506 cum
986 1449 1110 1514 oraret,
1125 1440 1234 1506 triduo
1245 1453 1312 1504 snts

297 1572 393 1638 quam
408 1547 746 1636 comprehenderetur,
762 1549 840 1615 visio
855 1551 884 1616 ei
898 1548 1004 1616 oblate
1018 1560 1084 1623 est;
1107 1550 1247 1640 viditque
1259 1573 1307 1614 ter·

229 1679 242 1702 ·
298 1657 379 1726 vioal
394 1681 487 1724 suum
502 1657 650 1738 incendio
665 1657 870 1746 conflagrare.
890 1657 973 1724 Tum
984 1679 1165 1724 conversus
1177 1657 1216 1723 ed
1226 1657 1309 1723 comi·

296 1780 345 1834 tes
359 1757 448 1842 suos,
464 1764 650 1858 prophetice
668 1765 746 1830 dixit
761 1789 769 1830 ε
792 1767 926 1854 Oportet
940 1788 992 1830 me
1005 1767 1135 1831 vinum
1149 1763 1282 1830 mei.

339 1873 394 1942 Vl.
416 1874 608 1940 Instantibus
623 1885 730 1939 eutem
745 1875 800 1961 qui
818 1875 1002 1961 querebant
1020 1895 1119 1949 eum,
1139 1873 1304 1963 m'qrsritin

295 1984 390 2052 aliem
401 1981 507 2048 villam
519 2005 527 2046 ε
543 2005 607 2071 quo
620 1983 727 2047 statim
738 1994 988 2069 supervenerunt
999 1981 1207 2069 inquisitores
1219 2006 1226 2046 :
1238 2003 1306 2046 cem

291 2114 358 2180 que
379 2089 468 2157 ilium
489 2113 554 2157 non
576 2090 780 2177 reperissent,
805 2089 884 2156 duos
907 2088 1046 2156 servulos
1071 2089 1307 2180 comprehende

295 2211 370 2265 runt
376 2223 385 2272 ;
405 2221 540 2288 quorum
555 2197 634 2264 alter
649 2200 815 2266 tormentis
830 2199 987 2276 subditus,
1003 2199 1174 2266 confessus
1189 2213 1242 2266 est
1256 2199 1304 2263 bu

294 2306 441 2397 possibile
464 2307 619 2396 siquidem
641 2321 709 2375 erat
731 2306 828 2375 latere
850 2310 967 2397 ipsum,
990 2307 1301 2398 quandoquidemqu'

293 2416 501 2507 prodiderunt
516 2415 605 2483 illum
622 2417 787 2485 domestici
802 2432 902 2485 erant.
926 2418 1097 2485 irenarcha
1113 2442 1206 2494 vero,
1224 2417 1304 2506 quiet

293 2523 502 2592 Cleronomus
520 2526 590 2614 ipso
610 2525 752 2602 nomine,
775 2525 878 2592 dictus
902 2525 1054 2602 Herodes,
1077 2525 1304 2616 properabatis

291 2635 428 2700 stadium
442 2655 517 2698 eum
531 2635 756 2701 introducere:
778 2658 842 2722 quo
861 2635 914 2702 hic
929 2635 1057 2722 quidem
1075 2637 1227 2723 propriam
1240 2656 1303 2698 sor-

290 2759 356 2811 tem
381 2741 539 2832 impleret,
567 2767 696 2810 consors
724 2744 842 2814 Christi
865 2745 982 2821 factusr
1008 2743 1187 2832 proditores
1208 2756 1303 2809 antem

204 2869 220 2934 f
289 2851 385 2925 illius,
400 2850 493 2916 Judae
508 2853 604 2940 ipsius
618 2876 727 2941 poenas
741 2856 893 2921 subirent.

329 2959 399 3024 Vll.
425 2960 583 3026 Habentes
606 2986 681 3048 ergo
702 2959 889 3047 puerulum,
912 2962 987 3027 feria
1009 2975 1097 3029 sexta
1122 2969 1187 3031 sub
1210 2965 1302 3032 hoen

288 3087 386 3132 coense
402 3067 517 3152 egressi
533 3078 606 3130 sunt
623 3066 781 3154 diogmitae
797 3078 829 3130 et
851 3067 985 3155 equites,
1002 3091 1077 3135 cum
1094 3075 1260 3138 consuetis
1271 3095 1308 3136 ar

288 3175 359 3248 mis,
376 3185 525 3259 tanquam
541 3171 583 3235 ad
595 3171 750 3237 latronem
766 3173 959 3239 currentes¹.
980 3177 1021 3240 Et
1031 3178 1090 3242 sub
1104 3183 1309 3269 vespertinum

288 3287 413 3370 tempus
425 3278 692 3368 supervenientes,
704 3280 808 3368 ipsum
819 3295 1005 3369 repererunt
1019 3284 1052 3350 in
1068 3287 1216 3372 quodem
1234 3312 1310 3376 supe-

288 3393 371 3458 riore
379 3387 528 3458 cubiculo
540 3388 801 3455 discumbentem.
815 3391 905 3457 Unde
918 3403 1042 3479 poterat
1049 3394 1186 3479 quidem
1198 3399 1233 3464 in
1243 3397 1311 3463 aliud

285 3499 440 3588 predium
452 3499 552 3572 abire3
567 3497 622 3563 sed
633 3494 747 3571 noluit,
762 3498 871 3565 dicens
885 3500 1154 3570 :Fiotooloutos
1164 3507 1308 3574 Domini.

287 3607 371 3671 Cum
385 3629 461 3694 ergo
475 3606 633 3672 adstantes
649 3605 829 3682 audivisset,
846 3619 878 3673 et
894 3608 1120 3688 descendisset,
1139 3613 1312 3682 collocem

286 3727 335 3782 est
355 3735 430 3779 cum
451 3713 506 3780 eis.
532 3713 717 3781 Mirantibus
737 3727 843 3781 autem
863 3713 922 3781 iilis
945 3717 1040 3804 ipsius
1065 3729 1200 3790 aetatem
1226 3737 1311 3810 atque

315 3845 325 3881 ¹
338 3844 428 3896 Mattio.
442 3860 510 3905 srvi,
522 3847 560 3895 ⁵5.
