<?xml version="1.0" encoding="UTF-8"?>
<!DOCTYPE html PUBLIC "-//W3C//DTD XHTML 1.0 Transitional//EN"
    "http://www.w3.org/TR/xhtml1/DTD/xhtml1-transitional.dtd">
<html xmlns="http://www.w3.org/1999/xhtml" xml:lang="en" lang="en">
 <head>
  <title>
</title>
<meta http-equiv="Content-Type" content="text/html;charset=utf-8" />
  <meta name='ocr-system' content='tesseract 3.04.00' />
  <meta name='ocr-capabilities' content='ocr_page ocr_carea ocr_par ocr_line ocrx_word'/>
</head>
<body>
  <div class='ocr_page' id='page_1' title='image "./collectioselect02guilgoog_0797.png"; bbox 0 0 2684 4638; ppageno 0'>
   <div class='ocr_carea' id='block_1_1' title="bbox 228 195 938 285">
    <p class='ocr_par' dir='ltr' id='par_1_1' title="bbox 228 195 938 285">
     <span class='ocr_line' id='line_1_1' title="bbox 228 195 938 285; baseline 0.004 -23"><span class='ocrx_word' id='word_1_1' title='bbox 228 195 290 285; x_wconf 73' lang='lat'><strong>296</strong></span> <span class='ocrx_word' id='word_1_2' title='bbox 548 213 804 267; x_wconf 79' lang='lat' dir='ltr'><strong>sarcm&#39;raernr</strong></span> <span class='ocrx_word' id='word_1_3' title='bbox 825 221 886 268; x_wconf 80' lang='lat' dir='ltr'><strong>ere.</strong></span> <span class='ocrx_word' id='word_1_4' title='bbox 913 221 938 266; x_wconf 89' lang='lat' dir='ltr'><strong>u</strong></span> 
     </span>
    </p>
   </div>
   <div class='ocr_carea' id='block_1_2' title="bbox 139 322 1319 3780">
    <p class='ocr_par' dir='ltr' id='par_1_2' title="bbox 139 322 1319 3780">
     <span class='ocr_line' id='line_1_2' title="bbox 224 322 1280 419; baseline -0.009 -23"><span class='ocrx_word' id='word_1_5' title='bbox 224 325 327 418; x_wconf 85' lang='lat' dir='ltr'><strong>cipele</strong></span> <span class='ocrx_word' id='word_1_6' title='bbox 340 327 429 419; x_wconf 89' lang='lat' dir='ltr'><strong>quod</strong></span> <span class='ocrx_word' id='word_1_7' title='bbox 443 327 617 418; x_wconf 66' lang='lat' dir='ltr'><strong>excogitan</strong></span> <span class='ocrx_word' id='word_1_8' title='bbox 641 327 741 406; x_wconf 86' lang='lat' dir='ltr'><strong>eliud,</strong></span> <span class='ocrx_word' id='word_1_9' title='bbox 758 349 914 418; x_wconf 75' lang='lat' dir='ltr'><strong>organum</strong></span> <span class='ocrx_word' id='word_1_10' title='bbox 931 349 992 417; x_wconf 90' lang='lat' dir='ltr'><strong>per</strong></span> <span class='ocrx_word' id='word_1_11' title='bbox 1009 325 1104 416; x_wconf 89' lang='lat' dir='ltr'><strong>quod</strong></span> <span class='ocrx_word' id='word_1_12' title='bbox 1118 322 1280 390; x_wconf 82' lang='lat' dir='ltr'><strong>emittitur</strong></span> 
     </span>
     <span class='ocr_line' id='line_1_3' title="bbox 230 433 1282 527; baseline -0.007 -25"><span class='ocrx_word' id='word_1_13' title='bbox 230 433 355 527; x_wconf 82' lang='lat' dir='ltr'><strong>logos);</strong></span> <span class='ocrx_word' id='word_1_14' title='bbox 374 449 407 508; x_wconf 90' lang='lat' dir='ltr'><strong>et</strong></span> <span class='ocrx_word' id='word_1_15' title='bbox 418 435 589 525; x_wconf 87' lang='lat' dir='ltr'><strong>aliquando</strong></span> <span class='ocrx_word' id='word_1_16' title='bbox 604 435 734 526; x_wconf 89' lang='lat' dir='ltr'><strong>quidem</strong></span> <span class='ocrx_word' id='word_1_17' title='bbox 745 437 909 525; x_wconf 78' lang='lat' dir='ltr'><strong>quiescere</strong></span> <span class='ocrx_word' id='word_1_18' title='bbox 924 446 957 502; x_wconf 88' lang='lat' dir='ltr'><strong>et</strong></span> <span class='ocrx_word' id='word_1_19' title='bbox 969 447 1082 501; x_wconf 75' lang='lat' dir='ltr'><strong>tenere</strong></span> <span class='ocrx_word' id='word_1_20' title='bbox 1096 433 1282 506; x_wconf 85' lang='lat' dir='ltr'><strong>hominem,</strong></span> 
     </span>
     <span class='ocr_line' id='line_1_4' title="bbox 226 539 1283 635; baseline -0.008 -24"><span class='ocrx_word' id='word_1_21' title='bbox 226 543 401 635; x_wconf 78' lang='lat' dir='ltr'><strong>aliquando</strong></span> <span class='ocrx_word' id='word_1_22' title='bbox 421 555 529 612; x_wconf 87' lang='lat' dir='ltr'><strong>eutem</strong></span> <span class='ocrx_word' id='word_1_23' title='bbox 543 539 631 634; x_wconf 94' lang='lat' dir='ltr'><strong>loqui</strong></span> <span class='ocrx_word' id='word_1_24' title='bbox 646 557 679 610; x_wconf 91' lang='lat' dir='ltr'><strong>et</strong></span> <span class='ocrx_word' id='word_1_25' title='bbox 693 543 827 635; x_wconf 86' lang='lat' dir='ltr'><strong>opereri.</strong></span> <span class='ocrx_word' id='word_1_26' title='bbox 851 543 939 612; x_wconf 90' lang='lat' dir='ltr'><strong>Deus</strong></span> <span class='ocrx_word' id='word_1_27' title='bbox 958 553 1069 608; x_wconf 89' lang='lat' dir='ltr'><strong>eutem</strong></span> <span class='ocrx_word' id='word_1_28' title='bbox 1087 563 1174 610; x_wconf 88' lang='lat' dir='ltr'><strong>eum</strong></span> <span class='ocrx_word' id='word_1_29' title='bbox 1189 541 1233 604; x_wconf 85' lang='lat' dir='ltr'><strong>sit</strong></span> <span class='ocrx_word' id='word_1_30' title='bbox 1243 550 1283 603; x_wconf 77' lang='lat' dir='ltr'><strong>to</strong></span> 
     </span>
     <span class='ocr_line' id='line_1_5' title="bbox 228 647 1279 744; baseline -0.006 -24"><span class='ocrx_word' id='word_1_31' title='bbox 228 666 280 722; x_wconf 90' lang='lat' dir='ltr'><strong>tus</strong></span> <span class='ocrx_word' id='word_1_32' title='bbox 291 677 395 731; x_wconf 87' lang='lat' dir='ltr'><strong>mens,</strong></span> <span class='ocrx_word' id='word_1_33' title='bbox 409 666 494 721; x_wconf 89' lang='lat' dir='ltr'><strong>totus</strong></span> <span class='ocrx_word' id='word_1_34' title='bbox 505 653 599 731; x_wconf 88' lang='lat' dir='ltr'><strong>ratio,</strong></span> <span class='ocrx_word' id='word_1_35' title='bbox 611 665 644 720; x_wconf 88' lang='lat' dir='ltr'><strong>et</strong></span> <span class='ocrx_word' id='word_1_36' title='bbox 656 665 742 722; x_wconf 91' lang='lat' dir='ltr'><strong>totus</strong></span> <span class='ocrx_word' id='word_1_37' title='bbox 753 654 881 743; x_wconf 87' lang='lat' dir='ltr'><strong>spiritus</strong></span> <span class='ocrx_word' id='word_1_38' title='bbox 894 675 1046 744; x_wconf 84' lang='lat' dir='ltr'><strong>operans,</strong></span> <span class='ocrx_word' id='word_1_39' title='bbox 1063 663 1102 718; x_wconf 88' lang='lat' dir='ltr'><strong>et</strong></span> <span class='ocrx_word' id='word_1_40' title='bbox 1113 662 1209 716; x_wconf 85' lang='lat' dir='ltr'><strong>totus</strong></span> <span class='ocrx_word' id='word_1_41' title='bbox 1219 647 1279 724; x_wconf 76' lang='lat' dir='ltr'><strong>lux,</strong></span> 
     </span>
     <span class='ocr_line' id='line_1_6' title="bbox 227 759 1279 854; baseline -0.007 -22"><span class='ocrx_word' id='word_1_42' title='bbox 227 776 260 832; x_wconf 88' lang='lat' dir='ltr'><strong>et</strong></span> <span class='ocrx_word' id='word_1_43' title='bbox 277 788 404 854; x_wconf 83' lang='lat' dir='ltr'><strong>semper</strong></span> <span class='ocrx_word' id='word_1_44' title='bbox 421 764 507 830; x_wconf 89' lang='lat' dir='ltr'><strong>idem</strong></span> <span class='ocrx_word' id='word_1_45' title='bbox 525 776 559 830; x_wconf 88' lang='lat' dir='ltr'><strong>et</strong></span> <span class='ocrx_word' id='word_1_46' title='bbox 574 762 719 830; x_wconf 87' lang='lat' dir='ltr'><strong>similiter</strong></span> <span class='ocrx_word' id='word_1_47' title='bbox 733 763 882 842; x_wconf 81' lang='lat' dir='ltr'><strong>existens,</strong></span> <span class='ocrx_word' id='word_1_48' title='bbox 903 762 987 831; x_wconf 87' lang='lat' dir='ltr'><strong>sieut</strong></span> <span class='ocrx_word' id='word_1_49' title='bbox 1005 775 1041 829; x_wconf 89' lang='lat' dir='ltr'><strong>et</strong></span> <span class='ocrx_word' id='word_1_50' title='bbox 1056 759 1146 828; x_wconf 85' lang='lat' dir='ltr'><strong>utile</strong></span> <span class='ocrx_word' id='word_1_51' title='bbox 1163 773 1279 826; x_wconf 76' lang='lat' dir='ltr'><strong>estne</strong></span> 
     </span>
     <span class='ocr_line' id='line_1_7' title="bbox 226 870 1280 964; baseline -0.006 -22"><span class='ocrx_word' id='word_1_52' title='bbox 226 874 276 942; x_wconf 91' lang='lat' dir='ltr'><strong>bis</strong></span> <span class='ocrx_word' id='word_1_53' title='bbox 287 897 397 964; x_wconf 87' lang='lat' dir='ltr'><strong>sapere</strong></span> <span class='ocrx_word' id='word_1_54' title='bbox 409 874 449 942; x_wconf 90' lang='lat' dir='ltr'><strong>de</strong></span> <span class='ocrx_word' id='word_1_55' title='bbox 459 873 542 951; x_wconf 88' lang='lat' dir='ltr'><strong>Deo,</strong></span> <span class='ocrx_word' id='word_1_56' title='bbox 558 885 591 940; x_wconf 89' lang='lat' dir='ltr'><strong>et</strong></span> <span class='ocrx_word' id='word_1_57' title='bbox 607 874 694 941; x_wconf 88' lang='lat' dir='ltr'><strong>siout</strong></span> <span class='ocrx_word' id='word_1_58' title='bbox 704 897 744 940; x_wconf 84' lang='lat' dir='ltr'><strong>en</strong></span> <span class='ocrx_word' id='word_1_59' title='bbox 755 873 928 964; x_wconf 79' lang='lat' dir='ltr'><strong>seripturis</strong></span> <span class='ocrx_word' id='word_1_60' title='bbox 940 873 1119 946; x_wconf 80' lang='lat' dir='ltr'><strong>discimus3</strong></span> <span class='ocrx_word' id='word_1_61' title='bbox 1141 894 1213 943; x_wconf 86' lang='lat' dir='ltr'><strong>nou</strong></span> <span class='ocrx_word' id='word_1_62' title='bbox 1223 870 1280 959; x_wconf 77' lang='lat' dir='ltr'><strong>jen</strong></span> 
     </span>
     <span class='ocr_line' id='line_1_8' title="bbox 226 981 1280 1072; baseline -0.004 -22"><span class='ocrx_word' id='word_1_63' title='bbox 226 981 411 1072; x_wconf 82' lang='lat' dir='ltr'><strong>lmjusmodi</strong></span> <span class='ocrx_word' id='word_1_64' title='bbox 425 981 561 1049; x_wconf 81' lang='lat' dir='ltr'><strong>effeetus</strong></span> <span class='ocrx_word' id='word_1_65' title='bbox 577 994 609 1049; x_wconf 86' lang='lat' dir='ltr'><strong>et</strong></span> <span class='ocrx_word' id='word_1_66' title='bbox 625 983 793 1050; x_wconf 83' lang='lat' dir='ltr'><strong>divisiones</strong></span> <span class='ocrx_word' id='word_1_67' title='bbox 809 983 961 1050; x_wconf 80' lang='lat' dir='ltr'><strong>decenter</strong></span> <span class='ocrx_word' id='word_1_68' title='bbox 976 1003 1053 1072; x_wconf 79' lang='lat' dir='ltr'><strong>erge</strong></span> <span class='ocrx_word' id='word_1_69' title='bbox 1070 1002 1161 1048; x_wconf 89' lang='lat' dir='ltr'><strong>eum</strong></span> <span class='ocrx_word' id='word_1_70' title='bbox 1176 981 1280 1047; x_wconf 84' lang='lat' dir='ltr'><strong>subse-</strong></span> 
     </span>
     <span class='ocr_line' id='line_1_9' title="bbox 227 1089 1279 1180; baseline -0.002 -23"><span class='ocrx_word' id='word_1_71' title='bbox 227 1103 377 1180; x_wconf 85' lang='lat' dir='ltr'><strong>quentur.</strong></span> <span class='ocrx_word' id='word_1_72' title='bbox 403 1089 573 1160; x_wconf 88' lang='lat' dir='ltr'><strong>Velociteti</strong></span> <span class='ocrx_word' id='word_1_73' title='bbox 594 1091 680 1158; x_wconf 90' lang='lat' dir='ltr'><strong>enim</strong></span> <span class='ocrx_word' id='word_1_74' title='bbox 700 1115 811 1160; x_wconf 89' lang='lat' dir='ltr'><strong>sensus</strong></span> <span class='ocrx_word' id='word_1_75' title='bbox 832 1091 1003 1160; x_wconf 89' lang='lat' dir='ltr'><strong>hominum</strong></span> <span class='ocrx_word' id='word_1_76' title='bbox 1022 1101 1172 1180; x_wconf 87' lang='lat' dir='ltr'><strong>propter</strong></span> <span class='ocrx_word' id='word_1_77' title='bbox 1197 1090 1279 1179; x_wconf 84' lang='lat' dir='ltr'><strong>spiri-</strong></span> 
     </span>
     <span class='ocr_line' id='line_1_10' title="bbox 227 1197 1279 1290; baseline 0 -26"><span class='ocrx_word' id='word_1_78' title='bbox 227 1198 315 1266; x_wconf 89' lang='lat' dir='ltr'><strong>tuele</strong></span> <span class='ocrx_word' id='word_1_79' title='bbox 326 1201 398 1290; x_wconf 90' lang='lat' dir='ltr'><strong>ejus</strong></span> <span class='ocrx_word' id='word_1_80' title='bbox 411 1223 476 1267; x_wconf 95' lang='lat' dir='ltr'><strong>non</strong></span> <span class='ocrx_word' id='word_1_81' title='bbox 489 1199 606 1267; x_wconf 86' lang='lat' dir='ltr'><strong>suffieit</strong></span> <span class='ocrx_word' id='word_1_82' title='bbox 616 1197 722 1290; x_wconf 79' lang='lat' dir='ltr'><strong>lingue</strong></span> <span class='ocrx_word' id='word_1_83' title='bbox 735 1199 905 1278; x_wconf 85' lang='lat' dir='ltr'><strong>deservire,</strong></span> <span class='ocrx_word' id='word_1_84' title='bbox 918 1199 1037 1290; x_wconf 82' lang='lat' dir='ltr'><strong>quippe</strong></span> <span class='ocrx_word' id='word_1_85' title='bbox 1049 1197 1206 1267; x_wconf 85' lang='lat' dir='ltr'><strong>oernelis</strong></span> <span class='ocrx_word' id='word_1_86' title='bbox 1215 1200 1279 1264; x_wconf 72' lang='lat' dir='ltr'><strong>exis</strong></span> 
     </span>
     <span class='ocr_line' id='line_1_11' title="bbox 228 1296 1278 1400; baseline -0.003 -23"><span class='ocrx_word' id='word_1_87' title='bbox 228 1323 322 1378; x_wconf 89' lang='lat' dir='ltr'><strong>teus:</strong></span> <span class='ocrx_word' id='word_1_88' title='bbox 343 1311 474 1378; x_wconf 86' lang='lat' dir='ltr'><strong>undeet</strong></span> <span class='ocrx_word' id='word_1_89' title='bbox 489 1311 574 1379; x_wconf 88' lang='lat' dir='ltr'><strong>intus</strong></span> <span class='ocrx_word' id='word_1_90' title='bbox 591 1310 766 1378; x_wconf 83' lang='lat' dir='ltr'><strong>suffocetur</strong></span> <span class='ocrx_word' id='word_1_91' title='bbox 780 1296 913 1379; x_wconf 81' lang='lat' dir='ltr'><strong>verbum</strong></span> <span class='ocrx_word' id='word_1_92' title='bbox 928 1323 1096 1386; x_wconf 86' lang='lat' dir='ltr'><strong>nostrum,</strong></span> <span class='ocrx_word' id='word_1_93' title='bbox 1116 1321 1154 1376; x_wconf 91' lang='lat' dir='ltr'><strong>et</strong></span> <span class='ocrx_word' id='word_1_94' title='bbox 1172 1309 1278 1400; x_wconf 75' lang='lat' dir='ltr'><strong>probe</strong></span> 
     </span>
     <span class='ocr_line' id='line_1_12' title="bbox 230 1417 1277 1508; baseline -0.001 -23"><span class='ocrx_word' id='word_1_95' title='bbox 230 1432 284 1486; x_wconf 91' lang='lat' dir='ltr'><strong>tur</strong></span> <span class='ocrx_word' id='word_1_96' title='bbox 305 1441 371 1485; x_wconf 90' lang='lat' dir='ltr'><strong>non</strong></span> <span class='ocrx_word' id='word_1_97' title='bbox 393 1418 433 1484; x_wconf 93' lang='lat' dir='ltr'><strong>de</strong></span> <span class='ocrx_word' id='word_1_98' title='bbox 452 1417 563 1494; x_wconf 87' lang='lat' dir='ltr'><strong>semel,</strong></span> <span class='ocrx_word' id='word_1_99' title='bbox 585 1418 667 1485; x_wconf 89' lang='lat' dir='ltr'><strong>siout</strong></span> <span class='ocrx_word' id='word_1_100' title='bbox 687 1432 880 1508; x_wconf 80' lang='lat' dir='ltr'><strong>conceptum</strong></span> <span class='ocrx_word' id='word_1_101' title='bbox 900 1430 949 1484; x_wconf 91' lang='lat' dir='ltr'><strong>est</strong></span> <span class='ocrx_word' id='word_1_102' title='bbox 968 1441 988 1483; x_wconf 89' lang='lat' dir='ltr'><strong>e</strong></span> <span class='ocrx_word' id='word_1_103' title='bbox 1009 1441 1134 1494; x_wconf 81' lang='lat' dir='ltr'><strong>sensu3</strong></span> <span class='ocrx_word' id='word_1_104' title='bbox 1163 1417 1224 1484; x_wconf 88' lang='lat' dir='ltr'><strong>sed</strong></span> <span class='ocrx_word' id='word_1_105' title='bbox 1236 1442 1277 1507; x_wconf 84' lang='lat' dir='ltr'><strong>pu</strong></span> 
     </span>
     <span class='ocr_line' id='line_1_13' title="bbox 229 1527 1226 1621; baseline -0.001 -26"><span class='ocrx_word' id='word_1_106' title='bbox 229 1540 352 1621; x_wconf 78' lang='lat' dir='ltr'><strong>partes,</strong></span> <span class='ocrx_word' id='word_1_107' title='bbox 370 1527 548 1596; x_wconf 86' lang='lat' dir='ltr'><strong>secundum</strong></span> <span class='ocrx_word' id='word_1_108' title='bbox 564 1528 651 1618; x_wconf 90' lang='lat' dir='ltr'><strong>quod</strong></span> <span class='ocrx_word' id='word_1_109' title='bbox 666 1527 773 1619; x_wconf 85' lang='lat' dir='ltr'><strong>lingua</strong></span> <span class='ocrx_word' id='word_1_110' title='bbox 788 1529 1029 1596; x_wconf 75' lang='lat' dir='ltr'><strong>subministrem</strong></span> <span class='ocrx_word' id='word_1_111' title='bbox 1044 1527 1226 1618; x_wconf 69' lang='lat' dir='ltr'><strong>praevalet.</strong></span> 
     </span>
     <span class='ocr_line' id='line_1_14' title="bbox 277 1639 1276 1734; baseline 0 -28"><span class='ocrx_word' id='word_1_112' title='bbox 277 1639 365 1707; x_wconf 88' lang='lat' dir='ltr'><strong>Deus</strong></span> <span class='ocrx_word' id='word_1_113' title='bbox 376 1652 485 1706; x_wconf 89' lang='lat' dir='ltr'><strong>eutem</strong></span> <span class='ocrx_word' id='word_1_114' title='bbox 499 1651 585 1706; x_wconf 90' lang='lat' dir='ltr'><strong>totus</strong></span> <span class='ocrx_word' id='word_1_115' title='bbox 601 1640 737 1708; x_wconf 81' lang='lat' dir='ltr'><strong>existens</strong></span> <span class='ocrx_word' id='word_1_116' title='bbox 749 1664 853 1717; x_wconf 88' lang='lat' dir='ltr'><strong>mens,</strong></span> <span class='ocrx_word' id='word_1_117' title='bbox 866 1652 898 1707; x_wconf 87' lang='lat' dir='ltr'><strong>et</strong></span> <span class='ocrx_word' id='word_1_118' title='bbox 910 1653 995 1707; x_wconf 88' lang='lat' dir='ltr'><strong>totus</strong></span> <span class='ocrx_word' id='word_1_119' title='bbox 1007 1640 1162 1734; x_wconf 83' lang='lat' dir='ltr'><strong>existens</strong></span> <span class='ocrx_word' id='word_1_120' title='bbox 1175 1639 1276 1730; x_wconf 75' lang='lat' dir='ltr'><strong>Leges,</strong></span> 
     </span>
     <span class='ocr_line' id='line_1_15' title="bbox 139 1745 1278 1840; baseline 0.001 -27"><span class='ocrx_word' id='word_1_121' title='bbox 139 1795 142 1800; x_wconf 90' lang='lat'>-</span> <span class='ocrx_word' id='word_1_122' title='bbox 232 1747 468 1838; x_wconf 78' lang='lat' dir='ltr'><strong>quodeogitat,</strong></span> <span class='ocrx_word' id='word_1_123' title='bbox 484 1747 548 1815; x_wconf 89' lang='lat' dir='ltr'><strong>boo</strong></span> <span class='ocrx_word' id='word_1_124' title='bbox 563 1759 595 1813; x_wconf 92' lang='lat' dir='ltr'><strong>et</strong></span> <span class='ocrx_word' id='word_1_125' title='bbox 607 1745 765 1838; x_wconf 87' lang='lat' dir='ltr'><strong>loquitur;</strong></span> <span class='ocrx_word' id='word_1_126' title='bbox 784 1761 817 1816; x_wconf 88' lang='lat' dir='ltr'><strong>et</strong></span> <span class='ocrx_word' id='word_1_127' title='bbox 829 1749 917 1840; x_wconf 93' lang='lat' dir='ltr'><strong>quod</strong></span> <span class='ocrx_word' id='word_1_128' title='bbox 926 1748 1084 1839; x_wconf 88' lang='lat' dir='ltr'><strong>loquitur,</strong></span> <span class='ocrx_word' id='word_1_129' title='bbox 1104 1749 1179 1818; x_wconf 86' lang='lat' dir='ltr'><strong>hoc</strong></span> <span class='ocrx_word' id='word_1_130' title='bbox 1194 1759 1229 1815; x_wconf 88' lang='lat' dir='ltr'><strong>et</strong></span> <span class='ocrx_word' id='word_1_131' title='bbox 1241 1773 1278 1815; x_wconf 78' lang='lat' dir='ltr'><strong>co</strong></span> 
     </span>
     <span class='ocr_line' id='line_1_16' title="bbox 232 1856 1277 1948; baseline 0.002 -26"><span class='ocrx_word' id='word_1_132' title='bbox 232 1858 321 1948; x_wconf 80' lang='lat' dir='ltr'><strong>gitat.</strong></span> <span class='ocrx_word' id='word_1_133' title='bbox 342 1856 499 1947; x_wconf 79' lang='lat' dir='ltr'><strong>Cogitatio</strong></span> <span class='ocrx_word' id='word_1_134' title='bbox 515 1857 601 1923; x_wconf 90' lang='lat' dir='ltr'><strong>enim</strong></span> <span class='ocrx_word' id='word_1_135' title='bbox 616 1858 687 1946; x_wconf 86' lang='lat' dir='ltr'><strong>ejus</strong></span> <span class='ocrx_word' id='word_1_136' title='bbox 701 1857 817 1947; x_wconf 81' lang='lat' dir='ltr'><strong>Logos,</strong></span> <span class='ocrx_word' id='word_1_137' title='bbox 837 1868 869 1924; x_wconf 87' lang='lat' dir='ltr'><strong>et</strong></span> <span class='ocrx_word' id='word_1_138' title='bbox 884 1857 987 1948; x_wconf 78' lang='lat' dir='ltr'><strong>Logos</strong></span> <span class='ocrx_word' id='word_1_139' title='bbox 998 1881 1111 1931; x_wconf 89' lang='lat' dir='ltr'><strong>mens.</strong></span> <span class='ocrx_word' id='word_1_140' title='bbox 1131 1870 1169 1924; x_wconf 83' lang='lat' dir='ltr'><strong>et</strong></span> <span class='ocrx_word' id='word_1_141' title='bbox 1185 1859 1277 1925; x_wconf 80' lang='lat' dir='ltr'><strong>omnir</strong></span> 
     </span>
     <span class='ocr_line' id='line_1_17' title="bbox 232 1962 1277 2053; baseline 0.001 -22"><span class='ocrx_word' id='word_1_142' title='bbox 232 1962 429 2032; x_wconf 80' lang='lat' dir='ltr'><strong>concludens</strong></span> <span class='ocrx_word' id='word_1_143' title='bbox 447 1986 551 2040; x_wconf 85' lang='lat' dir='ltr'><strong>mens,</strong></span> <span class='ocrx_word' id='word_1_144' title='bbox 572 1963 639 2053; x_wconf 89' lang='lat' dir='ltr'><strong>ipse</strong></span> <span class='ocrx_word' id='word_1_145' title='bbox 659 1975 707 2029; x_wconf 89' lang='lat' dir='ltr'><strong>est</strong></span> <span class='ocrx_word' id='word_1_146' title='bbox 724 1963 828 2030; x_wconf 90' lang='lat' dir='ltr'><strong>Peter.</strong></span> <span class='ocrx_word' id='word_1_147' title='bbox 853 1963 917 2045; x_wconf 91' lang='lat' dir='ltr'><strong>Qui</strong></span> <span class='ocrx_word' id='word_1_148' title='bbox 937 1987 1013 2053; x_wconf 81' lang='lat' dir='ltr'><strong>ergo</strong></span> <span class='ocrx_word' id='word_1_149' title='bbox 1032 1965 1122 2031; x_wconf 89' lang='lat' dir='ltr'><strong>dicit</strong></span> <span class='ocrx_word' id='word_1_150' title='bbox 1146 1981 1277 2032; x_wconf 83' lang='lat' dir='ltr'><strong>mentem</strong></span> 
     </span>
     <span class='ocr_line' id='line_1_18' title="bbox 234 2070 1276 2163; baseline -0.006 -21"><span class='ocrx_word' id='word_1_151' title='bbox 234 2073 307 2151; x_wconf 89' lang='lat' dir='ltr'><strong>Dei,</strong></span> <span class='ocrx_word' id='word_1_152' title='bbox 331 2084 364 2138; x_wconf 89' lang='lat' dir='ltr'><strong>et</strong></span> <span class='ocrx_word' id='word_1_153' title='bbox 386 2070 598 2161; x_wconf 78' lang='lat' dir='ltr'><strong>prolationem</strong></span> <span class='ocrx_word' id='word_1_154' title='bbox 621 2072 782 2161; x_wconf 81' lang='lat' dir='ltr'><strong>propriam</strong></span> <span class='ocrx_word' id='word_1_155' title='bbox 804 2073 905 2140; x_wconf 90' lang='lat' dir='ltr'><strong>menti</strong></span> <span class='ocrx_word' id='word_1_156' title='bbox 928 2072 1038 2149; x_wconf 85' lang='lat' dir='ltr'><strong>donat,</strong></span> <span class='ocrx_word' id='word_1_157' title='bbox 1064 2075 1276 2163; x_wconf 84' lang='lat' dir='ltr'><strong>compositum</strong></span> 
     </span>
     <span class='ocr_line' id='line_1_19' title="bbox 235 2178 1275 2271; baseline -0.001 -23"><span class='ocrx_word' id='word_1_158' title='bbox 235 2205 312 2248; x_wconf 88' lang='lat' dir='ltr'><strong>eum</strong></span> <span class='ocrx_word' id='word_1_159' title='bbox 331 2180 536 2271; x_wconf 86' lang='lat' dir='ltr'><strong>pronuntiat,¹</strong></span> <span class='ocrx_word' id='word_1_160' title='bbox 554 2191 706 2270; x_wconf 88' lang='lat' dir='ltr'><strong>tanquam</strong></span> <span class='ocrx_word' id='word_1_161' title='bbox 726 2178 813 2246; x_wconf 91' lang='lat' dir='ltr'><strong>eliud</strong></span> <span class='ocrx_word' id='word_1_162' title='bbox 833 2180 987 2269; x_wconf 85' lang='lat' dir='ltr'><strong>quiddam</strong></span> <span class='ocrx_word' id='word_1_163' title='bbox 1009 2181 1049 2247; x_wconf 85' lang='lat' dir='ltr'><strong>sit</strong></span> <span class='ocrx_word' id='word_1_164' title='bbox 1071 2181 1184 2260; x_wconf 88' lang='lat' dir='ltr'><strong>Deus,</strong></span> <span class='ocrx_word' id='word_1_165' title='bbox 1203 2182 1275 2248; x_wconf 82' lang='lat' dir='ltr'><strong>eliud</strong></span> 
     </span>
     <span class='ocr_line' id='line_1_20' title="bbox 236 2277 1273 2378; baseline -0.003 -21"><span class='ocrx_word' id='word_1_166' title='bbox 236 2302 345 2358; x_wconf 89' lang='lat' dir='ltr'><strong>autem</strong></span> <span class='ocrx_word' id='word_1_167' title='bbox 360 2285 542 2378; x_wconf 85' lang='lat' dir='ltr'><strong>principalis</strong></span> <span class='ocrx_word' id='word_1_168' title='bbox 557 2311 647 2356; x_wconf 89' lang='lat' dir='ltr'><strong>mens</strong></span> <span class='ocrx_word' id='word_1_169' title='bbox 662 2289 808 2356; x_wconf 86' lang='lat' dir='ltr'><strong>existens.</strong></span> <span class='ocrx_word' id='word_1_170' title='bbox 828 2289 980 2357; x_wconf 86' lang='lat' dir='ltr'><strong>Similiter</strong></span> <span class='ocrx_word' id='word_1_171' title='bbox 994 2277 1109 2358; x_wconf 85' lang='lat' dir='ltr'><strong>eutem</strong></span> <span class='ocrx_word' id='word_1_172' title='bbox 1128 2316 1231 2362; x_wconf 84' lang='lat' dir='ltr'><strong>rursus</strong></span> <span class='ocrx_word' id='word_1_173' title='bbox 1243 2305 1273 2355; x_wconf 84' lang='lat' dir='ltr'><strong>et</strong></span> 
     </span>
     <span class='ocr_line' id='line_1_21' title="bbox 238 2393 1276 2487; baseline -0.003 -21"><span class='ocrx_word' id='word_1_174' title='bbox 238 2398 279 2466; x_wconf 91' lang='lat' dir='ltr'><strong>de</strong></span> <span class='ocrx_word' id='word_1_175' title='bbox 297 2395 385 2487; x_wconf 82' lang='lat' dir='ltr'><strong>Logo</strong></span> <span class='ocrx_word' id='word_1_176' title='bbox 404 2396 531 2462; x_wconf 84' lang='lat' dir='ltr'><strong>tertiam</strong></span> <span class='ocrx_word' id='word_1_177' title='bbox 549 2393 760 2485; x_wconf 89' lang='lat' dir='ltr'><strong>prolationem</strong></span> <span class='ocrx_word' id='word_1_178' title='bbox 779 2397 810 2464; x_wconf 89' lang='lat' dir='ltr'><strong>ei</strong></span> <span class='ocrx_word' id='word_1_179' title='bbox 828 2421 846 2462; x_wconf 91' lang='lat' dir='ltr'><strong>e</strong></span> <span class='ocrx_word' id='word_1_180' title='bbox 862 2398 955 2464; x_wconf 86' lang='lat' dir='ltr'><strong>Patre</strong></span> <span class='ocrx_word' id='word_1_181' title='bbox 975 2398 1101 2466; x_wconf 91' lang='lat' dir='ltr'><strong>donens</strong></span> <span class='ocrx_word' id='word_1_182' title='bbox 1128 2401 1276 2487; x_wconf 77' lang='lat' dir='ltr'><strong>(undeet</strong></span> 
     </span>
     <span class='ocr_line' id='line_1_22' title="bbox 237 2504 1276 2600; baseline 0.001 -25"><span class='ocrx_word' id='word_1_183' title='bbox 237 2510 363 2600; x_wconf 83' lang='lat' dir='ltr'><strong>ignoret</strong></span> <span class='ocrx_word' id='word_1_184' title='bbox 382 2504 634 2596; x_wconf 78' lang='lat' dir='ltr'><strong>magnitudinem</strong></span> <span class='ocrx_word' id='word_1_185' title='bbox 654 2506 760 2597; x_wconf 83' lang='lat' dir='ltr'><strong>ejus),</strong></span> <span class='ocrx_word' id='word_1_186' title='bbox 780 2531 876 2598; x_wconf 88' lang='lat' dir='ltr'><strong>porro</strong></span> <span class='ocrx_word' id='word_1_187' title='bbox 895 2517 928 2574; x_wconf 90' lang='lat' dir='ltr'><strong>et</strong></span> <span class='ocrx_word' id='word_1_188' title='bbox 941 2505 1035 2598; x_wconf 70' lang='lat' dir='ltr'><strong>longe</strong></span> <span class='ocrx_word' id='word_1_189' title='bbox 1049 2507 1170 2599; x_wconf 84' lang='lat' dir='ltr'><strong>Logon</strong></span> <span class='ocrx_word' id='word_1_190' title='bbox 1185 2533 1206 2576; x_wconf 87' lang='lat' dir='ltr'><strong>e</strong></span> <span class='ocrx_word' id='word_1_191' title='bbox 1220 2509 1276 2576; x_wconf 84' lang='lat' dir='ltr'><strong>Deo</strong></span> 
     </span>
     <span class='ocr_line' id='line_1_23' title="bbox 239 2614 1276 2708; baseline 0.002 -24"><span class='ocrx_word' id='word_1_192' title='bbox 239 2617 407 2708; x_wconf 86' lang='lat' dir='ltr'><strong>separavit.</strong></span> <span class='ocrx_word' id='word_1_193' title='bbox 429 2617 468 2681; x_wconf 89' lang='lat' dir='ltr'><strong>Et</strong></span> <span class='ocrx_word' id='word_1_194' title='bbox 482 2614 641 2704; x_wconf 86' lang='lat' dir='ltr'><strong>Propheta</strong></span> <span class='ocrx_word' id='word_1_195' title='bbox 657 2616 786 2704; x_wconf 91' lang='lat' dir='ltr'><strong>quidem</strong></span> <span class='ocrx_word' id='word_1_196' title='bbox 800 2617 844 2682; x_wconf 91' lang='lat' dir='ltr'><strong>ait</strong></span> <span class='ocrx_word' id='word_1_197' title='bbox 860 2615 900 2684; x_wconf 90' lang='lat' dir='ltr'><strong>de</strong></span> <span class='ocrx_word' id='word_1_198' title='bbox 914 2640 953 2683; x_wconf 89' lang='lat' dir='ltr'><strong>eo</strong></span> <span class='ocrx_word' id='word_1_199' title='bbox 971 2640 981 2683; x_wconf 76' lang='lat' dir='ltr'><strong>a</strong></span> <span class='ocrx_word' id='word_1_200' title='bbox 1005 2616 1276 2686; x_wconf 78' lang='lat' dir='ltr'><strong>«Generationem</strong></span> 
     </span>
     <span class='ocr_line' id='line_1_24' title="bbox 240 2723 1319 2819; baseline -0.002 -25"><span class='ocrx_word' id='word_1_201' title='bbox 240 2729 340 2819; x_wconf 78' lang='lat' dir='ltr'><strong>»ejus</strong></span> <span class='ocrx_word' id='word_1_202' title='bbox 358 2725 428 2818; x_wconf 88' lang='lat' dir='ltr'><strong>quis</strong></span> <span class='ocrx_word' id='word_1_203' title='bbox 448 2723 676 2794; x_wconf 77' lang='lat' dir='ltr'><strong>enarrabit¹is</strong></span> <span class='ocrx_word' id='word_1_204' title='bbox 698 2723 761 2793; x_wconf 90' lang='lat' dir='ltr'><strong>Vos</strong></span> <span class='ocrx_word' id='word_1_205' title='bbox 780 2738 888 2794; x_wconf 89' lang='lat' dir='ltr'><strong>eutem</strong></span> <span class='ocrx_word' id='word_1_206' title='bbox 903 2728 1147 2817; x_wconf 82' lang='lat' dir='ltr'><strong>generationem</strong></span> <span class='ocrx_word' id='word_1_207' title='bbox 1163 2730 1236 2818; x_wconf 88' lang='lat' dir='ltr'><strong>ejus</strong></span> <span class='ocrx_word' id='word_1_208' title='bbox 1248 2751 1277 2793; x_wconf 79' lang='lat' dir='ltr'><strong>ex</strong></span> <span class='ocrx_word' id='word_1_209' title='bbox 1318 2767 1319 2792; x_wconf 49' lang='lat' dir='ltr'><strong>r</strong></span> 
     </span>
     <span class='ocr_line' id='line_1_25' title="bbox 239 2815 1319 2928; baseline -0.002 -21"><span class='ocrx_word' id='word_1_210' title='bbox 239 2839 334 2907; x_wconf 86' lang='lat' dir='ltr'><strong>Patre</strong></span> <span class='ocrx_word' id='word_1_211' title='bbox 358 2835 546 2913; x_wconf 83' lang='lat' dir='ltr'><strong>divinantes,</strong></span> <span class='ocrx_word' id='word_1_212' title='bbox 568 2848 601 2903; x_wconf 87' lang='lat' dir='ltr'><strong>et</strong></span> <span class='ocrx_word' id='word_1_213' title='bbox 621 2837 709 2904; x_wconf 85' lang='lat' dir='ltr'><strong>verbi</strong></span> <span class='ocrx_word' id='word_1_214' title='bbox 730 2837 898 2905; x_wconf 91' lang='lat' dir='ltr'><strong>hominum</strong></span> <span class='ocrx_word' id='word_1_215' title='bbox 919 2861 976 2928; x_wconf 88' lang='lat' dir='ltr'><strong>per</strong></span> <span class='ocrx_word' id='word_1_216' title='bbox 996 2835 1144 2928; x_wconf 79' lang='lat' dir='ltr'><strong>linguam</strong></span> <span class='ocrx_word' id='word_1_217' title='bbox 1167 2839 1277 2907; x_wconf 78' lang='lat' dir='ltr'><strong>fecum</strong></span> <span class='ocrx_word' id='word_1_218' title='bbox 1318 2815 1319 2836; x_wconf 13' lang='grc' dir='ltr'><strong>Χ</strong></span> 
     </span>
     <span class='ocr_line' id='line_1_26' title="bbox 240 2943 1279 3040; baseline -0.002 -27"><span class='ocrx_word' id='word_1_219' title='bbox 240 2945 453 3040; x_wconf 86' lang='lat' dir='ltr'><strong>prolationem</strong></span> <span class='ocrx_word' id='word_1_220' title='bbox 468 2944 692 3012; x_wconf 83' lang='lat' dir='ltr'><strong>transferentes</strong></span> <span class='ocrx_word' id='word_1_221' title='bbox 707 2945 740 3011; x_wconf 95' lang='lat' dir='ltr'><strong>in</strong></span> <span class='ocrx_word' id='word_1_222' title='bbox 752 2943 896 3014; x_wconf 89' lang='lat' dir='ltr'><strong>Verbum</strong></span> <span class='ocrx_word' id='word_1_223' title='bbox 907 2946 979 3025; x_wconf 87' lang='lat' dir='ltr'><strong>Dei,</strong></span> <span class='ocrx_word' id='word_1_224' title='bbox 995 2948 1080 3037; x_wconf 87' lang='lat' dir='ltr'><strong>juste</strong></span> <span class='ocrx_word' id='word_1_225' title='bbox 1096 2947 1279 3039; x_wconf 77' lang='lat' dir='ltr'><strong>detegimini</strong></span> 
     </span>
     <span class='ocr_line' id='line_1_27' title="bbox 242 3055 1319 3150; baseline 0 -25"><span class='ocrx_word' id='word_1_226' title='bbox 242 3055 364 3125; x_wconf 77' lang='lat' dir='ltr'><strong>euobis</strong></span> <span class='ocrx_word' id='word_1_227' title='bbox 380 3055 469 3146; x_wconf 88' lang='lat' dir='ltr'><strong>ipsis,</strong></span> <span class='ocrx_word' id='word_1_228' title='bbox 485 3055 572 3144; x_wconf 90' lang='lat' dir='ltr'><strong>quod</strong></span> <span class='ocrx_word' id='word_1_229' title='bbox 586 3077 690 3144; x_wconf 88' lang='lat' dir='ltr'><strong>neque</strong></span> <span class='ocrx_word' id='word_1_230' title='bbox 705 3055 845 3122; x_wconf 85' lang='lat' dir='ltr'><strong>humane</strong></span> <span class='ocrx_word' id='word_1_231' title='bbox 861 3079 923 3124; x_wconf 87' lang='lat' dir='ltr'><strong>neo</strong></span> <span class='ocrx_word' id='word_1_232' title='bbox 937 3056 1042 3124; x_wconf 82' lang='lat' dir='ltr'><strong>divine</strong></span> <span class='ocrx_word' id='word_1_233' title='bbox 1058 3060 1226 3126; x_wconf 85' lang='lat' dir='ltr'><strong>noveritis.</strong></span> <span class='ocrx_word' id='word_1_234' title='bbox 1318 3099 1319 3150; x_wconf 62' lang='lat' dir='ltr'><strong>q</strong></span> 
     </span>
     <span class='ocr_line' id='line_1_28' title="bbox 288 3163 1281 3243; baseline 0 -9"><span class='ocrx_word' id='word_1_235' title='bbox 288 3163 549 3234; x_wconf 85' lang='lat' dir='ltr'><strong>lrratienebiliter</strong></span> <span class='ocrx_word' id='word_1_236' title='bbox 581 3176 689 3232; x_wconf 89' lang='lat' dir='ltr'><strong>eutem</strong></span> <span class='ocrx_word' id='word_1_237' title='bbox 719 3164 833 3243; x_wconf 88' lang='lat' dir='ltr'><strong>inllati,</strong></span> <span class='ocrx_word' id='word_1_238' title='bbox 867 3165 1032 3236; x_wconf 82' lang='lat' dir='ltr'><strong>audaciter</strong></span> <span class='ocrx_word' id='word_1_239' title='bbox 1058 3168 1281 3236; x_wconf 81' lang='lat' dir='ltr'><strong>inenarrabilis</strong></span> 
     </span>
     <span class='ocr_line' id='line_1_29' title="bbox 243 3269 1282 3362; baseline -0.002 -20"><span class='ocrx_word' id='word_1_240' title='bbox 243 3273 303 3343; x_wconf 91' lang='lat' dir='ltr'><strong>Dei</strong></span> <span class='ocrx_word' id='word_1_241' title='bbox 318 3271 469 3361; x_wconf 80' lang='lat' dir='ltr'><strong>mysteria</strong></span> <span class='ocrx_word' id='word_1_242' title='bbox 481 3271 562 3337; x_wconf 80' lang='lat' dir='ltr'><strong>seire</strong></span> <span class='ocrx_word' id='word_1_243' title='bbox 578 3291 632 3336; x_wconf 82' lang='lat' dir='ltr'><strong>vos</strong></span> <span class='ocrx_word' id='word_1_244' title='bbox 647 3269 771 3338; x_wconf 89' lang='lat' dir='ltr'><strong>dicitis:</strong></span> <span class='ocrx_word' id='word_1_245' title='bbox 791 3271 1050 3362; x_wconf 85' lang='lat' dir='ltr'><strong>quandoquidem</strong></span> <span class='ocrx_word' id='word_1_246' title='bbox 1065 3287 1099 3340; x_wconf 88' lang='lat' dir='ltr'><strong>et</strong></span> <span class='ocrx_word' id='word_1_247' title='bbox 1111 3275 1282 3350; x_wconf 85' lang='lat' dir='ltr'><strong>Dominus,</strong></span> 
     </span>
     <span class='ocr_line' id='line_1_30' title="bbox 245 3379 1281 3475; baseline -0.001 -23"><span class='ocrx_word' id='word_1_248' title='bbox 245 3387 313 3475; x_wconf 89' lang='lat' dir='ltr'><strong>ipse</strong></span> <span class='ocrx_word' id='word_1_249' title='bbox 327 3379 426 3448; x_wconf 86' lang='lat' dir='ltr'><strong>Filius</strong></span> <span class='ocrx_word' id='word_1_250' title='bbox 437 3379 510 3460; x_wconf 85' lang='lat' dir='ltr'><strong>Dei,</strong></span> <span class='ocrx_word' id='word_1_251' title='bbox 526 3380 631 3469; x_wconf 90' lang='lat' dir='ltr'><strong>ipsum</strong></span> <span class='ocrx_word' id='word_1_252' title='bbox 642 3380 753 3469; x_wconf 87' lang='lat' dir='ltr'><strong>judicii</strong></span> <span class='ocrx_word' id='word_1_253' title='bbox 768 3381 854 3448; x_wconf 92' lang='lat' dir='ltr'><strong>diem</strong></span> <span class='ocrx_word' id='word_1_254' title='bbox 865 3394 898 3447; x_wconf 88' lang='lat' dir='ltr'><strong>et</strong></span> <span class='ocrx_word' id='word_1_255' title='bbox 909 3383 1022 3451; x_wconf 88' lang='lat' dir='ltr'><strong>horum</strong></span> <span class='ocrx_word' id='word_1_256' title='bbox 1034 3385 1192 3452; x_wconf 80' lang='lat' dir='ltr'><strong>concessit</strong></span> <span class='ocrx_word' id='word_1_257' title='bbox 1202 3387 1281 3453; x_wconf 80' lang='lat' dir='ltr'><strong>scire</strong></span> 
     </span>
     <span class='ocr_line' id='line_1_31' title="bbox 247 3489 1284 3570; baseline 0.001 -10"><span class='ocrx_word' id='word_1_258' title='bbox 247 3492 351 3560; x_wconf 90' lang='lat' dir='ltr'><strong>solum</strong></span> <span class='ocrx_word' id='word_1_259' title='bbox 375 3490 515 3570; x_wconf 81' lang='lat' dir='ltr'><strong>Patrem,</strong></span> <span class='ocrx_word' id='word_1_260' title='bbox 542 3489 709 3556; x_wconf 79' lang='lat' dir='ltr'><strong>manifeste</strong></span> <span class='ocrx_word' id='word_1_261' title='bbox 729 3489 858 3558; x_wconf 80' lang='lat' dir='ltr'><strong>dicens:</strong></span> <span class='ocrx_word' id='word_1_262' title='bbox 887 3491 957 3559; x_wconf 79' lang='lat' dir='ltr'><strong>«De</strong></span> <span class='ocrx_word' id='word_1_263' title='bbox 978 3491 1029 3559; x_wconf 87' lang='lat' dir='ltr'><strong>die</strong></span> <span class='ocrx_word' id='word_1_264' title='bbox 1050 3505 1160 3560; x_wconf 89' lang='lat' dir='ltr'><strong>autem</strong></span> <span class='ocrx_word' id='word_1_265' title='bbox 1179 3493 1235 3561; x_wconf 90' lang='lat' dir='ltr'><strong>illa</strong></span> <span class='ocrx_word' id='word_1_266' title='bbox 1254 3511 1284 3561; x_wconf 89' lang='lat' dir='ltr'><strong>et</strong></span> 
     </span>
     <span class='ocr_line' id='line_1_32' title="bbox 247 3597 1283 3694; baseline 0.002 -28"><span class='ocrx_word' id='word_1_267' title='bbox 247 3602 353 3668; x_wconf 77' lang='lat' dir='ltr'><strong>»hora</strong></span> <span class='ocrx_word' id='word_1_268' title='bbox 370 3623 465 3666; x_wconf 89' lang='lat' dir='ltr'><strong>nemo</strong></span> <span class='ocrx_word' id='word_1_269' title='bbox 482 3599 556 3675; x_wconf 89' lang='lat' dir='ltr'><strong>scit,</strong></span> <span class='ocrx_word' id='word_1_270' title='bbox 576 3620 680 3687; x_wconf 88' lang='lat' dir='ltr'><strong>neque</strong></span> <span class='ocrx_word' id='word_1_271' title='bbox 697 3597 810 3677; x_wconf 85' lang='lat' dir='ltr'><strong>Filius,</strong></span> <span class='ocrx_word' id='word_1_272' title='bbox 827 3601 885 3671; x_wconf 89' lang='lat' dir='ltr'><strong>nisi</strong></span> <span class='ocrx_word' id='word_1_273' title='bbox 901 3599 996 3668; x_wconf 88' lang='lat' dir='ltr'><strong>Peter</strong></span> <span class='ocrx_word' id='word_1_274' title='bbox 1011 3601 1096 3670; x_wconf 91' lang='lat' dir='ltr'><strong>solus</strong></span> <span class='ocrx_word' id='word_1_275' title='bbox 1108 3603 1131 3670; x_wconf 91' lang='lat'><strong>¹.</strong></span> <span class='ocrx_word' id='word_1_276' title='bbox 1146 3631 1160 3666; x_wconf 76' lang='lat' dir='ltr'><strong>s</strong></span> <span class='ocrx_word' id='word_1_277' title='bbox 1176 3604 1209 3672; x_wconf 89' lang='lat' dir='ltr'><strong>Si</strong></span> <span class='ocrx_word' id='word_1_278' title='bbox 1227 3607 1283 3694; x_wconf 85' lang='lat' dir='ltr'><strong>igi-</strong></span> 
     </span>
     <span class='ocr_line' id='line_1_33' title="bbox 249 3706 1284 3780; baseline 0.002 -4"><span class='ocrx_word' id='word_1_279' title='bbox 249 3724 302 3776; x_wconf 86' lang='lat' dir='ltr'><strong>tur</strong></span> <span class='ocrx_word' id='word_1_280' title='bbox 321 3708 486 3776; x_wconf 86' lang='lat' dir='ltr'><strong>scientiam</strong></span> <span class='ocrx_word' id='word_1_281' title='bbox 501 3708 563 3774; x_wconf 92' lang='lat' dir='ltr'><strong>diei</strong></span> <span class='ocrx_word' id='word_1_282' title='bbox 582 3707 665 3776; x_wconf 90' lang='lat' dir='ltr'><strong>illius</strong></span> <span class='ocrx_word' id='word_1_283' title='bbox 685 3706 783 3776; x_wconf 86' lang='lat' dir='ltr'><strong>Filius</strong></span> <span class='ocrx_word' id='word_1_284' title='bbox 802 3734 867 3778; x_wconf 89' lang='lat' dir='ltr'><strong>non</strong></span> <span class='ocrx_word' id='word_1_285' title='bbox 886 3713 1014 3780; x_wconf 77' lang='lat' dir='ltr'><strong>errabuit</strong></span> <span class='ocrx_word' id='word_1_286' title='bbox 1033 3712 1150 3780; x_wconf 80' lang='lat' dir='ltr'><strong>referre</strong></span> <span class='ocrx_word' id='word_1_287' title='bbox 1169 3714 1211 3780; x_wconf 93' lang='lat' dir='ltr'><strong>ad</strong></span> <span class='ocrx_word' id='word_1_288' title='bbox 1231 3715 1284 3778; x_wconf 87' lang='lat' dir='ltr'><strong>Pa-</strong></span> 
     </span>
    </p>
   </div>
   <div class='ocr_carea' id='block_1_3' title="bbox 284 3836 743 3898">
    <p class='ocr_par' dir='ltr' id='par_1_3' title="bbox 284 3836 743 3898">
     <span class='ocr_line' id='line_1_34' title="bbox 284 3836 743 3898; baseline 0 -11"><span class='ocrx_word' id='word_1_289' title='bbox 284 3837 367 3887; x_wconf 62' lang='lat' dir='ltr'><strong>*Essa</strong></span> <span class='ocrx_word' id='word_1_290' title='bbox 382 3837 466 3898; x_wconf 79' lang='lat' dir='ltr'><strong>trrr,8.</strong></span> <span class='ocrx_word' id='word_1_291' title='bbox 479 3836 531 3876; x_wconf 73' lang='lat'><strong>-2</strong></span> <span class='ocrx_word' id='word_1_292' title='bbox 545 3837 624 3887; x_wconf 80' lang='lat' dir='ltr'><strong>Marc.</strong></span> <span class='ocrx_word' id='word_1_293' title='bbox 637 3837 743 3898; x_wconf 55' lang='lat' dir='ltr'><strong>tunde.</strong></span> 
     </span>
    </p>
   </div>
   <div class='ocr_carea' id='block_1_4' title="bbox 0 0 1372 4628">
    <p class='ocr_par' dir='ltr' id='par_1_4' title="bbox 0 0 1372 4628">
     <span class='ocr_line' id='line_1_35' title="bbox 0 0 1372 4628; baseline 0 0"><span class='ocrx_word' id='word_1_294' title='bbox 0 0 1372 4628; x_wconf 95' lang='lat' dir='ltr'><strong> </strong></span> 
     </span>
    </p>
   </div>
  </div>
 </body>
</html>
