<?xml version="1.0" encoding="UTF-8"?>
<!DOCTYPE html PUBLIC "-//W3C//DTD XHTML 1.0 Transitional//EN"
    "http://www.w3.org/TR/xhtml1/DTD/xhtml1-transitional.dtd">
<html xmlns="http://www.w3.org/1999/xhtml" xml:lang="en" lang="en">
 <head>
  <title>
</title>
<meta http-equiv="Content-Type" content="text/html;charset=utf-8" />
  <meta name='ocr-system' content='tesseract 3.04.00' />
  <meta name='ocr-capabilities' content='ocr_page ocr_carea ocr_par ocr_line ocrx_word'/>
</head>
<body>
  <div class='ocr_page' id='page_1' title='image "./collectioselect02guilgoog_0443.png"; bbox 0 0 2640 4622; ppageno 0'>
   <div class='ocr_carea' id='block_1_1' title="bbox 283 206 1024 282">
    <p class='ocr_par' dir='ltr' id='par_1_1' title="bbox 283 206 1024 282">
     <span class='ocr_line' id='line_1_1' title="bbox 283 206 1024 282; baseline -0.03 1"><span class='ocrx_word' id='word_1_1' title='bbox 283 206 348 282; x_wconf 93' lang='grc'>444</span> <span class='ocrx_word' id='word_1_2' title='bbox 581 221 695 266; x_wconf 76' lang='lat' dir='ltr'>sarton</span> <span class='ocrx_word' id='word_1_3' title='bbox 718 217 837 263; x_wconf 82' lang='lat' dir='ltr'>rosrrar</span> <span class='ocrx_word' id='word_1_4' title='bbox 862 217 1024 262; x_wconf 75' lang='lat' dir='ltr'>aramis</span> 
     </span>
    </p>
   </div>
   <div class='ocr_carea' id='block_1_2' title="bbox 208 325 1299 3852">
    <p class='ocr_par' dir='ltr' id='par_1_2' title="bbox 282 325 1299 504">
     <span class='ocr_line' id='line_1_2' title="bbox 283 325 1299 458; baseline -0.01 -61"><span class='ocrx_word' id='word_1_5' title='bbox 283 344 316 397; x_wconf 87' lang='lat' dir='ltr'>et</span> <span class='ocrx_word' id='word_1_6' title='bbox 336 330 448 406; x_wconf 76' lang='lat' dir='ltr'>David,</span> <span class='ocrx_word' id='word_1_7' title='bbox 464 329 507 394; x_wconf 86' lang='lat' dir='ltr'>ita</span> <span class='ocrx_word' id='word_1_8' title='bbox 524 329 621 394; x_wconf 82' lang='lat' dir='ltr'>etiam</span> <span class='ocrx_word' id='word_1_9' title='bbox 640 349 707 394; x_wconf 78' lang='lat' dir='ltr'>verr</span> <span class='ocrx_word' id='word_1_10' title='bbox 697 325 779 392; x_wconf 83' lang='lat' dir='ltr'>iiiii</span> <span class='ocrx_word' id='word_1_11' title='bbox 792 325 851 392; x_wconf 85' lang='lat' dir='ltr'>Dei</span> <span class='ocrx_word' id='word_1_12' title='bbox 869 347 1030 392; x_wconf 75' lang='lat' dir='ltr'>reamur</span> <span class='ocrx_word' id='word_1_13' title='bbox 1044 335 1084 390; x_wconf 80' lang='lat' dir='ltr'>et</span> <span class='ocrx_word' id='word_1_14' title='bbox 1100 342 1233 396; x_wconf 71' lang='lat' dir='ltr'>umus,</span> <span class='ocrx_word' id='word_1_15' title='bbox 1246 343 1299 458; x_wconf 91' lang='lat' dir='ltr'><em>Q</em></span> 
     </span>
     <span class='ocr_line' id='line_1_3' title="bbox 282 438 671 504; baseline 0 0"><span class='ocrx_word' id='word_1_16' title='bbox 282 439 354 504; x_wconf 83' lang='lat' dir='ltr'>data</span> <span class='ocrx_word' id='word_1_17' title='bbox 370 438 486 504; x_wconf 75' lang='lat' dir='ltr'>Christi</span> <span class='ocrx_word' id='word_1_18' title='bbox 501 448 671 504; x_wconf 80' lang='lat' dir='ltr'>servantes</span> 
     </span>
    </p>

    <p class='ocr_par' dir='ltr' id='par_1_3' title="bbox 208 539 1296 3762">
     <span class='ocr_line' id='line_1_4' title="bbox 327 539 1296 630; baseline -0.007 -21"><span class='ocrx_word' id='word_1_19' title='bbox 327 541 472 610; x_wconf 83' lang='lat' dir='ltr'>CXXIV.</span> <span class='ocrx_word' id='word_1_20' title='bbox 491 541 636 630; x_wconf 84' lang='lat' dir='ltr'>Cumque</span> <span class='ocrx_word' id='word_1_21' title='bbox 656 563 711 608; x_wconf 85' lang='lat' dir='ltr'>eos</span> <span class='ocrx_word' id='word_1_22' title='bbox 727 539 869 606; x_wconf 85' lang='lat' dir='ltr'>viderem</span> <span class='ocrx_word' id='word_1_23' title='bbox 889 539 1122 627; x_wconf 75' lang='lat' dir='ltr'>portu-batos,</span> <span class='ocrx_word' id='word_1_24' title='bbox 1147 539 1226 626; x_wconf 73' lang='lat' dir='ltr'>qui·</span> <span class='ocrx_word' id='word_1_25' title='bbox 1242 541 1296 602; x_wconf 61' lang='grc' dir='ltr'><strong>ὣ</strong></span> 
     </span>
     <span class='ocr_line' id='line_1_5' title="bbox 282 645 1293 734; baseline -0.006 -18"><span class='ocrx_word' id='word_1_26' title='bbox 282 673 351 716; x_wconf 86' lang='lat' dir='ltr'>ram</span> <span class='ocrx_word' id='word_1_27' title='bbox 364 671 422 716; x_wconf 88' lang='lat' dir='ltr'>noa</span> <span class='ocrx_word' id='word_1_28' title='bbox 441 649 536 714; x_wconf 84' lang='lat' dir='ltr'>etiam</span> <span class='ocrx_word' id='word_1_29' title='bbox 549 645 608 714; x_wconf 85' lang='lat' dir='ltr'>Dei</span> <span class='ocrx_word' id='word_1_30' title='bbox 623 645 705 714; x_wconf 82' lang='lat' dir='ltr'>iiiios</span> <span class='ocrx_word' id='word_1_31' title='bbox 719 668 800 720; x_wconf 87' lang='lat' dir='ltr'>esse,</span> <span class='ocrx_word' id='word_1_32' title='bbox 818 645 1071 734; x_wconf 76' lang='lat' dir='ltr'>interrogationi</span> <span class='ocrx_word' id='word_1_33' title='bbox 1088 667 1212 711; x_wconf 81' lang='lat' dir='ltr'>eornm</span> <span class='ocrx_word' id='word_1_34' title='bbox 1225 669 1293 710; x_wconf 80' lang='lat' dir='ltr'>otte</span> 
     </span>
     <span class='ocr_line' id='line_1_6' title="bbox 283 751 1289 842; baseline -0.006 -20"><span class='ocrx_word' id='word_1_35' title='bbox 283 777 355 822; x_wconf 84' lang='lat' dir='ltr'>rens</span> <span class='ocrx_word' id='word_1_36' title='bbox 370 779 378 820; x_wconf 74' lang='grc' dir='ltr'><strong>ε</strong></span> <span class='ocrx_word' id='word_1_37' title='bbox 393 755 547 831; x_wconf 56' lang='lat' dir='ltr'>Audires</span> <span class='ocrx_word' id='word_1_38' title='bbox 538 776 681 842; x_wconf 80' lang='lat' dir='ltr'>inquam,</span> <span class='ocrx_word' id='word_1_39' title='bbox 693 776 713 820; x_wconf 88' lang='lat' dir='ltr'>o</span> <span class='ocrx_word' id='word_1_40' title='bbox 723 753 794 828; x_wconf 80' lang='lat' dir='ltr'>viri.</span> <span class='ocrx_word' id='word_1_41' title='bbox 810 751 975 840; x_wconf 87' lang='lat' dir='ltr'>quomodo</span> <span class='ocrx_word' id='word_1_42' title='bbox 988 751 1145 840; x_wconf 77' lang='lat' dir='ltr'>Spiritus</span> <span class='ocrx_word' id='word_1_43' title='bbox 1155 757 1289 818; x_wconf 70' lang='lat' dir='ltr'>unrtmi</span> 
     </span>
     <span class='ocr_line' id='line_1_7' title="bbox 282 860 1289 952; baseline 0 -25"><span class='ocrx_word' id='word_1_44' title='bbox 282 862 401 952; x_wconf 88' lang='lat' dir='ltr'>populo</span> <span class='ocrx_word' id='word_1_45' title='bbox 421 863 481 928; x_wconf 86' lang='lat' dir='ltr'>isto</span> <span class='ocrx_word' id='word_1_46' title='bbox 503 863 593 928; x_wconf 82' lang='lat' dir='ltr'>dieat</span> <span class='ocrx_word' id='word_1_47' title='bbox 610 861 691 928; x_wconf 83' lang='lat' dir='ltr'>iiiios</span> <span class='ocrx_word' id='word_1_48' title='bbox 706 860 856 930; x_wconf 78' lang='lat' dir='ltr'>Altissimi</span> <span class='ocrx_word' id='word_1_49' title='bbox 878 881 994 928; x_wconf 84' lang='lat' dir='ltr'>omnes</span> <span class='ocrx_word' id='word_1_50' title='bbox 1015 883 1108 939; x_wconf 80' lang='lat' dir='ltr'>esse,</span> <span class='ocrx_word' id='word_1_51' title='bbox 1124 873 1165 928; x_wconf 81' lang='lat' dir='ltr'>et</span> <span class='ocrx_word' id='word_1_52' title='bbox 1179 862 1210 928; x_wconf 90' lang='lat' dir='ltr'>in</span> <span class='ocrx_word' id='word_1_53' title='bbox 1223 885 1289 926; x_wconf 76' lang='lat' dir='ltr'>essa</span> 
     </span>
     <span class='ocr_line' id='line_1_8' title="bbox 283 967 1287 1058; baseline -0.003 -22"><span class='ocrx_word' id='word_1_54' title='bbox 283 981 442 1036; x_wconf 79' lang='lat' dir='ltr'>conventu</span> <span class='ocrx_word' id='word_1_55' title='bbox 461 969 646 1036; x_wconf 79' lang='lat' dir='ltr'>adiuturum</span> <span class='ocrx_word' id='word_1_56' title='bbox 661 969 764 1058; x_wconf 83' lang='lat' dir='ltr'>ipsum</span> <span class='ocrx_word' id='word_1_57' title='bbox 779 967 869 1036; x_wconf 88' lang='lat' dir='ltr'>illum</span> <span class='ocrx_word' id='word_1_58' title='bbox 888 968 1081 1045; x_wconf 77' lang='lat' dir='ltr'>Cbn&#39;stum,</span> <span class='ocrx_word' id='word_1_59' title='bbox 1100 979 1141 1034; x_wconf 85' lang='lat' dir='ltr'>ut</span> <span class='ocrx_word' id='word_1_60' title='bbox 1162 991 1247 1034; x_wconf 79' lang='lat' dir='ltr'>eamr</span> <span class='ocrx_word' id='word_1_61' title='bbox 1257 971 1287 1033; x_wconf 71' lang='lat' dir='ltr'>b</span> 
     </span>
     <span class='ocr_line' id='line_1_9' title="bbox 285 1077 1284 1166; baseline -0.003 -23"><span class='ocrx_word' id='word_1_62' title='bbox 285 1079 406 1143; x_wconf 88' lang='lat' dir='ltr'>minum</span> <span class='ocrx_word' id='word_1_63' title='bbox 420 1099 519 1166; x_wconf 75' lang='lat' dir='ltr'>genus</span> <span class='ocrx_word' id='word_1_64' title='bbox 532 1077 663 1166; x_wconf 87' lang='lat' dir='ltr'>judieet.</span> <span class='ocrx_word' id='word_1_65' title='bbox 677 1077 753 1144; x_wconf 84' lang='lat' dir='ltr'>Haee</span> <span class='ocrx_word' id='word_1_66' title='bbox 763 1077 859 1144; x_wconf 79' lang='lat' dir='ltr'>rerba</span> <span class='ocrx_word' id='word_1_67' title='bbox 873 1099 933 1164; x_wconf 91' lang='lat' dir='ltr'>per</span> <span class='ocrx_word' id='word_1_68' title='bbox 945 1077 1135 1152; x_wconf 77' lang='lat' dir='ltr'>Davidem,</span> <span class='ocrx_word' id='word_1_69' title='bbox 1149 1087 1188 1142; x_wconf 76' lang='lat' dir='ltr'>at</span> <span class='ocrx_word' id='word_1_70' title='bbox 1202 1085 1284 1162; x_wconf 53' lang='lat' dir='ltr'>repr</span> 
     </span>
     <span class='ocr_line' id='line_1_10' title="bbox 286 1181 1284 1273; baseline 0 -25"><span class='ocrx_word' id='word_1_71' title='bbox 286 1185 358 1249; x_wconf 84' lang='lat' dir='ltr'>dem</span> <span class='ocrx_word' id='word_1_72' title='bbox 378 1184 641 1273; x_wconf 74' lang='lat' dir='ltr'>interpretamini,</span> <span class='ocrx_word' id='word_1_73' title='bbox 663 1184 709 1252; x_wconf 87' lang='lat' dir='ltr'>sie</span> <span class='ocrx_word' id='word_1_74' title='bbox 726 1181 812 1249; x_wconf 85' lang='lat' dir='ltr'>dieta</span> <span class='ocrx_word' id='word_1_75' title='bbox 828 1195 924 1249; x_wconf 82' lang='lat' dir='ltr'>sant:</span> <span class='ocrx_word' id='word_1_76' title='bbox 942 1183 1068 1250; x_wconf 78' lang='lat' dir='ltr'>rDens</span> <span class='ocrx_word' id='word_1_77' title='bbox 1091 1185 1190 1250; x_wconf 81' lang='lat' dir='ltr'>stetit</span> <span class='ocrx_word' id='word_1_78' title='bbox 1206 1185 1284 1266; x_wconf 69' lang='lat' dir='ltr'>iare</span> 
     </span>
     <span class='ocr_line' id='line_1_11' title="bbox 286 1289 1281 1380; baseline 0.003 -27"><span class='ocrx_word' id='word_1_79' title='bbox 286 1320 300 1353; x_wconf 78' lang='lat' dir='ltr'>s</span> <span class='ocrx_word' id='word_1_80' title='bbox 314 1315 411 1380; x_wconf 81' lang='lat' dir='ltr'>agoge</span> <span class='ocrx_word' id='word_1_81' title='bbox 422 1292 555 1358; x_wconf 89' lang='lat' dir='ltr'>deorum</span> <span class='ocrx_word' id='word_1_82' title='bbox 568 1313 576 1355; x_wconf 76' lang='grc' dir='ltr'><em>τ</em></span> <span class='ocrx_word' id='word_1_83' title='bbox 591 1291 624 1358; x_wconf 87' lang='lat' dir='ltr'>in</span> <span class='ocrx_word' id='word_1_84' title='bbox 635 1291 740 1358; x_wconf 85' lang='lat' dir='ltr'>medio</span> <span class='ocrx_word' id='word_1_85' title='bbox 752 1300 859 1356; x_wconf 83' lang='lat' dir='ltr'>autem</span> <span class='ocrx_word' id='word_1_86' title='bbox 869 1289 947 1354; x_wconf 83' lang='lat' dir='ltr'>deos</span> <span class='ocrx_word' id='word_1_87' title='bbox 958 1289 1145 1378; x_wconf 71' lang='lat' dir='ltr'>dijudicat</span> <span class='ocrx_word' id='word_1_88' title='bbox 1165 1289 1281 1378; x_wconf 62' lang='lat' dir='ltr'>caper·</span> 
     </span>
     <span class='ocr_line' id='line_1_12' title="bbox 287 1397 1282 1489; baseline -0.003 -27"><span class='ocrx_word' id='word_1_89' title='bbox 287 1400 461 1489; x_wconf 70' lang='lat' dir='ltr'>»judicatis</span> <span class='ocrx_word' id='word_1_90' title='bbox 474 1401 684 1488; x_wconf 78' lang='lat' dir='ltr'>iniquitatem,</span> <span class='ocrx_word' id='word_1_91' title='bbox 699 1410 732 1464; x_wconf 84' lang='lat' dir='ltr'>et</span> <span class='ocrx_word' id='word_1_92' title='bbox 750 1397 844 1466; x_wconf 77' lang='lat' dir='ltr'>troies</span> <span class='ocrx_word' id='word_1_93' title='bbox 864 1409 1086 1486; x_wconf 70' lang='lat' dir='ltr'>peccatoram</span> <span class='ocrx_word' id='word_1_94' title='bbox 1109 1397 1282 1464; x_wconf 74' lang='lat' dir='ltr'>sumitisiis-</span> 
     </span>
     <span class='ocr_line' id='line_1_13' title="bbox 287 1505 1281 1598; baseline 0.001 -29"><span class='ocrx_word' id='word_1_95' title='bbox 287 1536 300 1569; x_wconf 75' lang='grc' dir='ltr'>ι</span> <span class='ocrx_word' id='word_1_96' title='bbox 316 1509 417 1574; x_wconf 85' lang='lat' dir='ltr'>dicate</span> <span class='ocrx_word' id='word_1_97' title='bbox 432 1531 532 1598; x_wconf 83' lang='lat' dir='ltr'>egeno</span> <span class='ocrx_word' id='word_1_98' title='bbox 546 1519 579 1576; x_wconf 83' lang='lat' dir='ltr'>et</span> <span class='ocrx_word' id='word_1_99' title='bbox 592 1505 725 1597; x_wconf 87' lang='lat' dir='ltr'>pupillo,</span> <span class='ocrx_word' id='word_1_100' title='bbox 741 1519 773 1572; x_wconf 85' lang='lat' dir='ltr'>et</span> <span class='ocrx_word' id='word_1_101' title='bbox 788 1505 941 1572; x_wconf 87' lang='lat' dir='ltr'>humilem</span> <span class='ocrx_word' id='word_1_102' title='bbox 956 1517 989 1571; x_wconf 86' lang='lat' dir='ltr'>et</span> <span class='ocrx_word' id='word_1_103' title='bbox 1006 1529 1198 1596; x_wconf 78' lang='lat' dir='ltr'>pauperem</span> <span class='ocrx_word' id='word_1_104' title='bbox 1213 1507 1281 1592; x_wconf 58' lang='lat' dir='ltr'>jar}</span> 
     </span>
     <span class='ocr_line' id='line_1_14' title="bbox 288 1614 1278 1704; baseline 0 -26"><span class='ocrx_word' id='word_1_105' title='bbox 288 1627 391 1680; x_wconf 74' lang='lat' dir='ltr'>»eate</span> <span class='ocrx_word' id='word_1_106' title='bbox 415 1616 534 1704; x_wconf 81' lang='lat' dir='ltr'>Eripite</span> <span class='ocrx_word' id='word_1_107' title='bbox 553 1633 726 1702; x_wconf 85' lang='lat' dir='ltr'>pauperem</span> <span class='ocrx_word' id='word_1_108' title='bbox 746 1626 780 1678; x_wconf 84' lang='lat' dir='ltr'>et</span> <span class='ocrx_word' id='word_1_109' title='bbox 797 1633 933 1704; x_wconf 71' lang='lat' dir='ltr'>egenum</span> <span class='ocrx_word' id='word_1_110' title='bbox 955 1614 997 1678; x_wconf 88' lang='lat' dir='ltr'>de</span> <span class='ocrx_word' id='word_1_111' title='bbox 1022 1635 1134 1680; x_wconf 80' lang='lat' dir='ltr'>mann</span> <span class='ocrx_word' id='word_1_112' title='bbox 1155 1629 1278 1702; x_wconf 68' lang='lat' dir='ltr'>petates</span> 
     </span>
     <span class='ocr_line' id='line_1_15' title="bbox 288 1717 1277 1806; baseline 0 -24"><span class='ocrx_word' id='word_1_113' title='bbox 288 1719 454 1786; x_wconf 74' lang='lat' dir='ltr'>»liberate</span> <span class='ocrx_word' id='word_1_114' title='bbox 474 1719 661 1786; x_wconf 77' lang='lat' dir='ltr'>Nescierunt</span> <span class='ocrx_word' id='word_1_115' title='bbox 675 1741 779 1806; x_wconf 87' lang='lat' dir='ltr'>neque</span> <span class='ocrx_word' id='word_1_116' title='bbox 792 1717 1033 1794; x_wconf 86' lang='lat' dir='ltr'>intellexerunt,</span> <span class='ocrx_word' id='word_1_117' title='bbox 1051 1719 1091 1786; x_wconf 86' lang='lat' dir='ltr'>in</span> <span class='ocrx_word' id='word_1_118' title='bbox 1109 1721 1277 1785; x_wconf 69' lang='lat' dir='ltr'>tenebrisse</span> 
     </span>
     <span class='ocr_line' id='line_1_16' title="bbox 287 1822 1276 1913; baseline 0 -28"><span class='ocrx_word' id='word_1_119' title='bbox 287 1852 300 1885; x_wconf 79' lang='grc' dir='ltr'>ι</span> <span class='ocrx_word' id='word_1_120' title='bbox 315 1822 446 1892; x_wconf 83' lang='lat' dir='ltr'>belant:</span> <span class='ocrx_word' id='word_1_121' title='bbox 461 1825 672 1890; x_wconf 82' lang='lat' dir='ltr'>movebuntur</span> <span class='ocrx_word' id='word_1_122' title='bbox 682 1824 787 1890; x_wconf 86' lang='lat' dir='ltr'>omnia</span> <span class='ocrx_word' id='word_1_123' title='bbox 802 1823 1009 1890; x_wconf 78' lang='lat' dir='ltr'>fundamenta</span> <span class='ocrx_word' id='word_1_124' title='bbox 1027 1835 1143 1890; x_wconf 71' lang='lat' dir='ltr'>terras.</span> <span class='ocrx_word' id='word_1_125' title='bbox 1162 1827 1276 1913; x_wconf 57' lang='lat' dir='ltr'>figam:</span> 
     </span>
     <span class='ocr_line' id='line_1_17' title="bbox 287 1930 1276 2000; baseline 0.006 -6"><span class='ocrx_word' id='word_1_126' title='bbox 287 1932 367 1998; x_wconf 80' lang='lat' dir='ltr'>»Dii</span> <span class='ocrx_word' id='word_1_127' title='bbox 381 1932 455 1998; x_wconf 84' lang='lat' dir='ltr'>estis</span> <span class='ocrx_word' id='word_1_128' title='bbox 474 1945 508 1997; x_wconf 89' lang='lat' dir='ltr'>et</span> <span class='ocrx_word' id='word_1_129' title='bbox 524 1931 581 1998; x_wconf 86' lang='lat' dir='ltr'>filii</span> <span class='ocrx_word' id='word_1_130' title='bbox 596 1931 718 1998; x_wconf 82' lang='lat' dir='ltr'>Eaeolsi</span> <span class='ocrx_word' id='word_1_131' title='bbox 733 1955 854 1998; x_wconf 83' lang='lat' dir='ltr'>omnes.</span> <span class='ocrx_word' id='word_1_132' title='bbox 871 1930 935 1998; x_wconf 84' lang='lat' dir='ltr'>Vos</span> <span class='ocrx_word' id='word_1_133' title='bbox 949 1943 1065 1998; x_wconf 84' lang='lat' dir='ltr'>autem</span> <span class='ocrx_word' id='word_1_134' title='bbox 1083 1935 1276 2000; x_wconf 73' lang='lat' dir='ltr'>sieatbeninr</span> 
     </span>
     <span class='ocr_line' id='line_1_18' title="bbox 288 2037 1276 2128; baseline 0.006 -26"><span class='ocrx_word' id='word_1_135' title='bbox 288 2038 486 2114; x_wconf 72' lang='lat' dir='ltr'>morimini,</span> <span class='ocrx_word' id='word_1_136' title='bbox 502 2051 535 2103; x_wconf 87' lang='lat' dir='ltr'>et</span> <span class='ocrx_word' id='word_1_137' title='bbox 554 2039 636 2106; x_wconf 86' lang='lat' dir='ltr'>siout</span> <span class='ocrx_word' id='word_1_138' title='bbox 657 2061 738 2103; x_wconf 87' lang='lat' dir='ltr'>nnus</span> <span class='ocrx_word' id='word_1_139' title='bbox 756 2037 796 2104; x_wconf 86' lang='lat' dir='ltr'>de</span> <span class='ocrx_word' id='word_1_140' title='bbox 813 2039 1010 2126; x_wconf 82' lang='lat' dir='ltr'>principibus</span> <span class='ocrx_word' id='word_1_141' title='bbox 1029 2040 1167 2106; x_wconf 84' lang='lat' dir='ltr'>oaditis.</span> <span class='ocrx_word' id='word_1_142' title='bbox 1187 2045 1276 2128; x_wconf 64' lang='lat' dir='ltr'>Em.</span> 
     </span>
     <span class='ocr_line' id='line_1_19' title="bbox 289 2147 1276 2235; baseline 0.007 -23"><span class='ocrx_word' id='word_1_143' title='bbox 289 2148 414 2224; x_wconf 60' lang='lat' dir='ltr'>»Deus</span> <span class='ocrx_word' id='word_1_144' title='bbox 430 2148 536 2235; x_wconf 83' lang='lat' dir='ltr'>judica</span> <span class='ocrx_word' id='word_1_145' title='bbox 551 2159 680 2221; x_wconf 83' lang='lat' dir='ltr'>terram,</span> <span class='ocrx_word' id='word_1_146' title='bbox 693 2147 841 2232; x_wconf 85' lang='lat' dir='ltr'>qnoniam</span> <span class='ocrx_word' id='word_1_147' title='bbox 857 2159 891 2210; x_wconf 83' lang='lat' dir='ltr'>tn</span> <span class='ocrx_word' id='word_1_148' title='bbox 907 2147 1127 2216; x_wconf 70' lang='lat' dir='ltr'>haereditabis</span> <span class='ocrx_word' id='word_1_149' title='bbox 1137 2152 1276 2218; x_wconf 67' lang='lat' dir='ltr'>inmte</span> 
     </span>
     <span class='ocr_line' id='line_1_20' title="bbox 288 2255 1267 2344; baseline 0.002 -26"><span class='ocrx_word' id='word_1_150' title='bbox 288 2285 302 2318; x_wconf 74' lang='lat' dir='ltr'>s</span> <span class='ocrx_word' id='word_1_151' title='bbox 316 2257 462 2344; x_wconf 69' lang='lat' dir='ltr'>gentibus</span> <span class='ocrx_word' id='word_1_152' title='bbox 471 2255 493 2318; x_wconf 84' lang='lat'>¹.</span> <span class='ocrx_word' id='word_1_153' title='bbox 508 2279 522 2318; x_wconf 82' lang='grc' dir='ltr'>ι</span> <span class='ocrx_word' id='word_1_154' title='bbox 534 2257 573 2320; x_wconf 89' lang='lat' dir='ltr'>ln</span> <span class='ocrx_word' id='word_1_155' title='bbox 585 2255 788 2342; x_wconf 65' lang='lat' dir='ltr'>Septuaginta</span> <span class='ocrx_word' id='word_1_156' title='bbox 802 2266 908 2319; x_wconf 89' lang='lat' dir='ltr'>autem</span> <span class='ocrx_word' id='word_1_157' title='bbox 919 2255 1267 2344; x_wconf 54' lang='lat' dir='ltr'>interpretationem</span> 
     </span>
     <span class='ocr_line' id='line_1_21' title="bbox 287 2361 1272 2455; baseline 0.005 -25"><span class='ocrx_word' id='word_1_158' title='bbox 287 2375 356 2430; x_wconf 84' lang='lat' dir='ltr'>est:</span> <span class='ocrx_word' id='word_1_159' title='bbox 373 2389 386 2424; x_wconf 84' lang='grc' dir='ltr'>ι</span> <span class='ocrx_word' id='word_1_160' title='bbox 400 2365 483 2429; x_wconf 82' lang='lat' dir='ltr'>Eece</span> <span class='ocrx_word' id='word_1_161' title='bbox 497 2362 580 2428; x_wconf 83' lang='lat' dir='ltr'>siout</span> <span class='ocrx_word' id='word_1_162' title='bbox 594 2362 737 2428; x_wconf 86' lang='lat' dir='ltr'>homines</span> <span class='ocrx_word' id='word_1_163' title='bbox 751 2361 923 2435; x_wconf 88' lang='lat' dir='ltr'>morimini,</span> <span class='ocrx_word' id='word_1_164' title='bbox 938 2374 972 2430; x_wconf 87' lang='lat' dir='ltr'>et</span> <span class='ocrx_word' id='word_1_165' title='bbox 986 2364 1076 2430; x_wconf 86' lang='lat' dir='ltr'>siout</span> <span class='ocrx_word' id='word_1_166' title='bbox 1091 2369 1272 2455; x_wconf 73' lang='lat' dir='ltr'>unmitp&#39;o-</span> 
     </span>
     <span class='ocr_line' id='line_1_22' title="bbox 289 2469 1266 2558; baseline 0.009 -27"><span class='ocrx_word' id='word_1_167' title='bbox 289 2471 439 2558; x_wconf 75' lang='lat' dir='ltr'>»cipibus</span> <span class='ocrx_word' id='word_1_168' title='bbox 460 2470 587 2544; x_wconf 82' lang='lat' dir='ltr'>onditis3</span> <span class='ocrx_word' id='word_1_169' title='bbox 612 2498 625 2532; x_wconf 86' lang='grc' dir='ltr'>ι</span> <span class='ocrx_word' id='word_1_170' title='bbox 642 2482 676 2534; x_wconf 79' lang='lat' dir='ltr'>ut</span> <span class='ocrx_word' id='word_1_171' title='bbox 697 2469 942 2536; x_wconf 83' lang='lat' dir='ltr'>inobedientiam</span> <span class='ocrx_word' id='word_1_172' title='bbox 962 2471 1148 2543; x_wconf 87' lang='lat' dir='ltr'>bominum</span> <span class='ocrx_word' id='word_1_173' title='bbox 1169 2477 1266 2542; x_wconf 69' lang='lat' dir='ltr'>debe</span> 
     </span>
     <span class='ocr_line' id='line_1_23' title="bbox 288 2578 1278 2672; baseline 0.002 -27"><span class='ocrx_word' id='word_1_174' title='bbox 288 2579 321 2645; x_wconf 90' lang='lat' dir='ltr'>id</span> <span class='ocrx_word' id='word_1_175' title='bbox 336 2589 395 2656; x_wconf 84' lang='lat' dir='ltr'>est,</span> <span class='ocrx_word' id='word_1_176' title='bbox 412 2579 487 2645; x_wconf 78' lang='lat' dir='ltr'>Adae</span> <span class='ocrx_word' id='word_1_177' title='bbox 501 2590 534 2644; x_wconf 85' lang='lat' dir='ltr'>et</span> <span class='ocrx_word' id='word_1_178' title='bbox 547 2578 633 2654; x_wconf 72' lang='lat' dir='ltr'>Eva,</span> <span class='ocrx_word' id='word_1_179' title='bbox 644 2588 677 2643; x_wconf 82' lang='lat' dir='ltr'>et</span> <span class='ocrx_word' id='word_1_180' title='bbox 695 2599 804 2644; x_wconf 79' lang='lat' dir='ltr'>casum</span> <span class='ocrx_word' id='word_1_181' title='bbox 819 2579 911 2644; x_wconf 83' lang='lat' dir='ltr'>unius</span> <span class='ocrx_word' id='word_1_182' title='bbox 924 2601 964 2643; x_wconf 84' lang='lat' dir='ltr'>ex</span> <span class='ocrx_word' id='word_1_183' title='bbox 977 2581 1200 2672; x_wconf 85' lang='lat' dir='ltr'>prineipibas,</span> <span class='ocrx_word' id='word_1_184' title='bbox 1212 2587 1278 2650; x_wconf 71' lang='lat' dir='ltr'>ite.</span> 
     </span>
     <span class='ocr_line' id='line_1_24' title="bbox 287 2687 1280 2778; baseline 0.006 -26"><span class='ocrx_word' id='word_1_185' title='bbox 287 2687 370 2754; x_wconf 87' lang='lat' dir='ltr'>illius</span> <span class='ocrx_word' id='word_1_186' title='bbox 390 2689 444 2775; x_wconf 89' lang='lat' dir='ltr'>qui</span> <span class='ocrx_word' id='word_1_187' title='bbox 466 2687 602 2776; x_wconf 82' lang='lat' dir='ltr'>Serpens</span> <span class='ocrx_word' id='word_1_188' title='bbox 623 2688 800 2764; x_wconf 81' lang='lat' dir='ltr'>diotusest,</span> <span class='ocrx_word' id='word_1_189' title='bbox 822 2710 860 2754; x_wconf 88' lang='lat' dir='ltr'>ao</span> <span class='ocrx_word' id='word_1_190' title='bbox 877 2710 991 2778; x_wconf 75' lang='lat' dir='ltr'>magno</span> <span class='ocrx_word' id='word_1_191' title='bbox 1011 2711 1093 2758; x_wconf 81' lang='lat' dir='ltr'>onan</span> <span class='ocrx_word' id='word_1_192' title='bbox 1114 2698 1280 2769; x_wconf 61' lang='lat' dir='ltr'>concidito</span> 
     </span>
     <span class='ocr_line' id='line_1_25' title="bbox 208 2793 1280 2882; baseline 0.011 -23"><span class='ocrx_word' id='word_1_193' title='bbox 208 2851 219 2872; x_wconf 10' lang='grc' dir='ltr'>,χ</span> <span class='ocrx_word' id='word_1_194' title='bbox 289 2795 376 2882; x_wconf 87' lang='lat' dir='ltr'>quod</span> <span class='ocrx_word' id='word_1_195' title='bbox 390 2794 489 2861; x_wconf 87' lang='lat' dir='ltr'>Evam</span> <span class='ocrx_word' id='word_1_196' title='bbox 502 2794 689 2882; x_wconf 84' lang='lat' dir='ltr'>deeepisset.</span> <span class='ocrx_word' id='word_1_197' title='bbox 706 2793 771 2859; x_wconf 89' lang='lat' dir='ltr'>Sed</span> <span class='ocrx_word' id='word_1_198' title='bbox 785 2794 857 2882; x_wconf 81' lang='lat' dir='ltr'>quia</span> <span class='ocrx_word' id='word_1_199' title='bbox 873 2818 937 2861; x_wconf 92' lang='lat' dir='ltr'>non</span> <span class='ocrx_word' id='word_1_200' title='bbox 953 2795 985 2862; x_wconf 90' lang='lat' dir='ltr'>in</span> <span class='ocrx_word' id='word_1_201' title='bbox 1001 2797 1097 2866; x_wconf 80' lang='lat' dir='ltr'>buno</span> <span class='ocrx_word' id='word_1_202' title='bbox 1113 2825 1211 2870; x_wconf 77' lang='lat' dir='ltr'>usam</span> <span class='ocrx_word' id='word_1_203' title='bbox 1226 2805 1280 2869; x_wconf 76' lang='lat' dir='ltr'>reb</span> 
     </span>
     <span class='ocr_line' id='line_1_26' title="bbox 290 2901 1283 2996; baseline 0.006 -30"><span class='ocrx_word' id='word_1_204' title='bbox 290 2902 341 2982; x_wconf 80' lang='lat' dir='ltr'>illa</span> <span class='ocrx_word' id='word_1_205' title='bbox 356 2925 442 2970; x_wconf 89' lang='lat' dir='ltr'>nuno</span> <span class='ocrx_word' id='word_1_206' title='bbox 455 2902 593 2990; x_wconf 85' lang='lat' dir='ltr'>profero,</span> <span class='ocrx_word' id='word_1_207' title='bbox 606 2901 662 2968; x_wconf 86' lang='lat' dir='ltr'>sed</span> <span class='ocrx_word' id='word_1_208' title='bbox 673 2914 708 2966; x_wconf 90' lang='lat' dir='ltr'>ut</span> <span class='ocrx_word' id='word_1_209' title='bbox 723 2902 810 2970; x_wconf 79' lang='lat' dir='ltr'>robis</span> <span class='ocrx_word' id='word_1_210' title='bbox 826 2902 1041 2970; x_wconf 71' lang='lat' dir='ltr'>demonstrem</span> <span class='ocrx_word' id='word_1_211' title='bbox 1061 2905 1224 2996; x_wconf 79' lang='lat' dir='ltr'>Spiritum</span> <span class='ocrx_word' id='word_1_212' title='bbox 1232 2934 1283 2977; x_wconf 73' lang='lat' dir='ltr'>nae</span> 
     </span>
     <span class='ocr_line' id='line_1_27' title="bbox 288 3009 1282 3102; baseline 0.007 -22"><span class='ocrx_word' id='word_1_213' title='bbox 288 3023 358 3094; x_wconf 81' lang='lat' dir='ltr'>lum</span> <span class='ocrx_word' id='word_1_214' title='bbox 371 3013 560 3102; x_wconf 75' lang='lat' dir='ltr'>exprobrare</span> <span class='ocrx_word' id='word_1_215' title='bbox 570 3010 752 3076; x_wconf 87' lang='lat' dir='ltr'>hominibus</span> <span class='ocrx_word' id='word_1_216' title='bbox 764 3009 861 3097; x_wconf 85' lang='lat' dir='ltr'>quod,</span> <span class='ocrx_word' id='word_1_217' title='bbox 874 3033 948 3078; x_wconf 84' lang='lat' dir='ltr'>oum</span> <span class='ocrx_word' id='word_1_218' title='bbox 962 3012 1005 3076; x_wconf 87' lang='lat' dir='ltr'>ita</span> <span class='ocrx_word' id='word_1_219' title='bbox 1020 3011 1099 3080; x_wconf 83' lang='lat' dir='ltr'>faeti</span> <span class='ocrx_word' id='word_1_220' title='bbox 1115 3017 1197 3096; x_wconf 78' lang='lat' dir='ltr'>sint,</span> <span class='ocrx_word' id='word_1_221' title='bbox 1209 3021 1282 3086; x_wconf 72' lang='lat' dir='ltr'>urbe</span> 
     </span>
     <span class='ocr_line' id='line_1_28' title="bbox 287 3116 1284 3216; baseline 0.009 -30"><span class='ocrx_word' id='word_1_222' title='bbox 287 3119 404 3204; x_wconf 82' lang='lat' dir='ltr'>similes</span> <span class='ocrx_word' id='word_1_223' title='bbox 420 3142 457 3186; x_wconf 83' lang='lat' dir='ltr'>ac</span> <span class='ocrx_word' id='word_1_224' title='bbox 471 3119 678 3210; x_wconf 72' lang='lat' dir='ltr'>perpensioris</span> <span class='ocrx_word' id='word_1_225' title='bbox 691 3130 724 3183; x_wconf 85' lang='lat' dir='ltr'>et</span> <span class='ocrx_word' id='word_1_226' title='bbox 738 3117 848 3186; x_wconf 87' lang='lat' dir='ltr'>mortis</span> <span class='ocrx_word' id='word_1_227' title='bbox 862 3131 1017 3207; x_wconf 81' lang='lat' dir='ltr'>expertes,</span> <span class='ocrx_word' id='word_1_228' title='bbox 1035 3116 1060 3186; x_wconf 84' lang='lat' dir='ltr'>si</span> <span class='ocrx_word' id='word_1_229' title='bbox 1081 3129 1233 3194; x_wconf 79' lang='lat' dir='ltr'>mandata</span> <span class='ocrx_word' id='word_1_230' title='bbox 1246 3133 1284 3216; x_wconf 74' lang='lat' dir='ltr'>ria</span> 
     </span>
     <span class='ocr_line' id='line_1_29' title="bbox 288 3225 1284 3322; baseline 0.007 -27"><span class='ocrx_word' id='word_1_231' title='bbox 288 3239 425 3306; x_wconf 84' lang='lat' dir='ltr'>servent,</span> <span class='ocrx_word' id='word_1_232' title='bbox 442 3226 539 3294; x_wconf 79' lang='lat' dir='ltr'>saturi</span> <span class='ocrx_word' id='word_1_233' title='bbox 554 3227 627 3302; x_wconf 84' lang='lat' dir='ltr'>sint,</span> <span class='ocrx_word' id='word_1_234' title='bbox 645 3247 779 3314; x_wconf 88' lang='lat' dir='ltr'>eumque</span> <span class='ocrx_word' id='word_1_235' title='bbox 794 3247 834 3291; x_wconf 86' lang='lat' dir='ltr'>eo</span> <span class='ocrx_word' id='word_1_236' title='bbox 848 3225 967 3292; x_wconf 88' lang='lat' dir='ltr'>honore</span> <span class='ocrx_word' id='word_1_237' title='bbox 983 3228 1047 3294; x_wconf 85' lang='lat' dir='ltr'>sint</span> <span class='ocrx_word' id='word_1_238' title='bbox 1061 3227 1189 3320; x_wconf 78' lang='lat' dir='ltr'>dignati</span> <span class='ocrx_word' id='word_1_239' title='bbox 1202 3250 1234 3301; x_wconf 87' lang='lat' dir='ltr'>ut</span> <span class='ocrx_word' id='word_1_240' title='bbox 1244 3239 1284 3322; x_wconf 72' lang='lat' dir='ltr'>eje</span> 
     </span>
     <span class='ocr_line' id='line_1_30' title="bbox 287 3332 1284 3432; baseline 0.008 -29"><span class='ocrx_word' id='word_1_241' title='bbox 287 3335 343 3403; x_wconf 86' lang='lat' dir='ltr'>filii</span> <span class='ocrx_word' id='word_1_242' title='bbox 357 3346 523 3410; x_wconf 83' lang='lat' dir='ltr'>vocentur,</span> <span class='ocrx_word' id='word_1_243' title='bbox 539 3333 597 3421; x_wconf 90' lang='lat' dir='ltr'>ipsi</span> <span class='ocrx_word' id='word_1_244' title='bbox 620 3332 696 3400; x_wconf 76' lang='lat' dir='ltr'>Aeae</span> <span class='ocrx_word' id='word_1_245' title='bbox 713 3344 746 3400; x_wconf 82' lang='lat' dir='ltr'>et</span> <span class='ocrx_word' id='word_1_246' title='bbox 760 3335 833 3400; x_wconf 79' lang='lat' dir='ltr'>Eva</span> <span class='ocrx_word' id='word_1_247' title='bbox 847 3332 1008 3400; x_wconf 82' lang='lat' dir='ltr'>assimilati</span> <span class='ocrx_word' id='word_1_248' title='bbox 1023 3350 1169 3408; x_wconf 84' lang='lat' dir='ltr'>mertem</span> <span class='ocrx_word' id='word_1_249' title='bbox 1183 3345 1238 3410; x_wconf 85' lang='lat' dir='ltr'>sibi</span> <span class='ocrx_word' id='word_1_250' title='bbox 1251 3367 1284 3432; x_wconf 73' lang='lat' dir='ltr'>sps</span> 
     </span>
     <span class='ocr_line' id='line_1_31' title="bbox 288 3442 1282 3544; baseline 0.007 -30"><span class='ocrx_word' id='word_1_251' title='bbox 288 3445 474 3518; x_wconf 82' lang='lat' dir='ltr'>conficiant;</span> <span class='ocrx_word' id='word_1_252' title='bbox 497 3442 612 3509; x_wconf 85' lang='lat' dir='ltr'>babeat</span> <span class='ocrx_word' id='word_1_253' title='bbox 633 3465 720 3521; x_wconf 81' lang='lat' dir='ltr'>sane,</span> <span class='ocrx_word' id='word_1_254' title='bbox 736 3456 772 3510; x_wconf 89' lang='lat' dir='ltr'>ut</span> <span class='ocrx_word' id='word_1_255' title='bbox 789 3442 895 3520; x_wconf 80' lang='lat' dir='ltr'>valtis,</span> <span class='ocrx_word' id='word_1_256' title='bbox 912 3444 1009 3512; x_wconf 81' lang='lat' dir='ltr'>etiam</span> <span class='ocrx_word' id='word_1_257' title='bbox 1023 3447 1142 3536; x_wconf 78' lang='lat' dir='ltr'>psalmi</span> <span class='ocrx_word' id='word_1_258' title='bbox 1161 3453 1282 3544; x_wconf 65' lang='lat' dir='ltr'>interpr</span> 
     </span>
     <span class='ocr_line' id='line_1_32' title="bbox 287 3552 1282 3640; baseline 0.002 -18"><span class='ocrx_word' id='word_1_259' title='bbox 287 3557 381 3628; x_wconf 83' lang='lat' dir='ltr'>tatio;</span> <span class='ocrx_word' id='word_1_260' title='bbox 396 3555 442 3620; x_wconf 87' lang='lat' dir='ltr'>sio</span> <span class='ocrx_word' id='word_1_261' title='bbox 457 3563 564 3618; x_wconf 82' lang='lat' dir='ltr'>tamen</span> <span class='ocrx_word' id='word_1_262' title='bbox 578 3552 735 3619; x_wconf 84' lang='lat' dir='ltr'>constabit</span> <span class='ocrx_word' id='word_1_263' title='bbox 749 3553 896 3620; x_wconf 88' lang='lat' dir='ltr'>omnibus</span> <span class='ocrx_word' id='word_1_264' title='bbox 914 3575 1105 3624; x_wconf 81' lang='lat' dir='ltr'>conoessum</span> <span class='ocrx_word' id='word_1_265' title='bbox 1120 3585 1200 3640; x_wconf 81' lang='lat' dir='ltr'>esse,</span> <span class='ocrx_word' id='word_1_266' title='bbox 1218 3579 1248 3630; x_wconf 86' lang='grc' dir='ltr'>ιιι</span> <span class='ocrx_word' id='word_1_267' title='bbox 1259 3566 1282 3628; x_wconf 74' lang='lat' dir='ltr'>n}</span> 
     </span>
     <span class='ocr_line' id='line_1_33' title="bbox 288 3659 1282 3762; baseline 0.008 -32"><span class='ocrx_word' id='word_1_268' title='bbox 288 3687 326 3732; x_wconf 85' lang='lat' dir='ltr'>ao</span> <span class='ocrx_word' id='word_1_269' title='bbox 341 3661 397 3730; x_wconf 85' lang='lat' dir='ltr'>filii</span> <span class='ocrx_word' id='word_1_270' title='bbox 412 3660 561 3731; x_wconf 84' lang='lat' dir='ltr'>Altissimi</span> <span class='ocrx_word' id='word_1_271' title='bbox 580 3659 648 3728; x_wconf 88' lang='lat' dir='ltr'>fieri</span> <span class='ocrx_word' id='word_1_272' title='bbox 666 3663 798 3751; x_wconf 85' lang='lat' dir='ltr'>possint,</span> <span class='ocrx_word' id='word_1_273' title='bbox 815 3685 854 3731; x_wconf 85' lang='lat' dir='ltr'>ao</span> <span class='ocrx_word' id='word_1_274' title='bbox 866 3685 924 3752; x_wconf 92' lang='lat' dir='ltr'>pro</span> <span class='ocrx_word' id='word_1_275' title='bbox 945 3685 979 3730; x_wconf 88' lang='lat' dir='ltr'>se</span> <span class='ocrx_word' id='word_1_276' title='bbox 999 3687 1162 3757; x_wconf 83' lang='lat' dir='ltr'>quemquo</span> <span class='ocrx_word' id='word_1_277' title='bbox 1181 3685 1209 3740; x_wconf 78' lang='lat' dir='ltr'>et</span> <span class='ocrx_word' id='word_1_278' title='bbox 1224 3675 1282 3762; x_wconf 73' lang='lat' dir='ltr'>judi</span> 
     </span>
    </p>

    <p class='ocr_par' dir='ltr' id='par_1_4' title="bbox 322 3791 536 3852">
     <span class='ocr_line' id='line_1_34' title="bbox 322 3791 536 3852; baseline -0.023 -8"><span class='ocrx_word' id='word_1_279' title='bbox 322 3794 330 3831; x_wconf 81' lang='lat'>¹</span> <span class='ocrx_word' id='word_1_280' title='bbox 342 3791 407 3844; x_wconf 78' lang='lat' dir='ltr'>Ptol.</span> <span class='ocrx_word' id='word_1_281' title='bbox 420 3807 502 3852; x_wconf 81' lang='lat' dir='ltr'>nxxxr,</span> <span class='ocrx_word' id='word_1_282' title='bbox 517 3810 536 3840; x_wconf 85' lang='lat' dir='ltr'>r.</span> 
     </span>
    </p>
   </div>
   <div class='ocr_carea' id='block_1_3' title="bbox 0 0 1332 4622">
    <p class='ocr_par' dir='ltr' id='par_1_5' title="bbox 0 0 1332 4622">
     <span class='ocr_line' id='line_1_35' title="bbox 0 0 1332 4622; baseline 0 0"><span class='ocrx_word' id='word_1_283' title='bbox 0 0 1332 4622; x_wconf 95' lang='lat' dir='ltr'> </span> 
     </span>
    </p>
   </div>
  </div>
 </body>
</html>
