2616 4620
265 207 327 284 sod
409 225 434 270 s.
451 225 479 268 r.
497 223 526 269 s.
546 221 986 295 spumantemamnem,
1003 221 1066 265 urs.
1084 220 1135 266 ui.

264 311 370 400 nutent
395 344 515 422 spectat
540 333 579 398 ad
596 355 633 398 ea
652 327 727 420 quse¹
738 329 871 399 dicimus
888 342 1047 419 tempora,
1064 325 1226 416 ¹consentit
1239 342 1259 388 a

263 443 409 517 Berosus,
428 443 482 528 qui
500 441 585 530 apud
603 440 766 507 Chaldaees
784 440 1024 530 philosophatus
1039 449 1104 516 est,
1123 450 1157 503 et
1172 438 1250 504 (irre

264 549 496 638 cognoscendas
515 549 642 616 tradidit
660 547 778 615 litteras
796 548 992 615 Chaldaioss.
1012 549 1045 615 Is
1059 545 1145 612 lllosi
1159 569 1257 612 eonse-

137 693 142 704 ·
265 669 356 722 tanee
370 655 520 726 nonnulla
536 657 613 724 dixit
631 657 671 724 de
688 656 804 724 diluvio
821 669 853 722 et
868 655 1013 746 pluribus
1030 653 1103 720 eliis
1121 655 1256 720 historie:

265 777 359 854 utque
370 767 465 832 etiam
476 791 550 834 cum
560 767 720 856 prophetis
732 768 868 834 Jeremis
877 780 910 833 et
918 766 1254 856 Danieleexparteeoe-

264 875 368 942 sentit.
395 875 599 944 Nemeorum
614 899 684 964 quee
703 877 820 944 Judaeis
831 871 1005 943 evenerunt
1017 878 1081 942 sub
1098 899 1176 964 rege
1188 877 1255 960 ltus

265 980 434 1060 lemurum,
456 1008 551 1072 quem
571 985 637 1074 ipse
658 985 902 1062 Abobasssrum,
923 986 1049 1051 Hebraei
1071 984 1255 1052 Nabuchodo-

266 1112 361 1156 noser
378 1091 548 1180 appellant,
566 1093 760 1160 mentionem
775 1093 863 1169 lecit3
885 1094 990 1160 edlruo
1008 1094 1113 1158 etism
1132 1106 1167 1158 et
1183 1093 1256 1179 teupi

208 1235 213 1244 ·
265 1197 531 1287 torosotymtunt
550 1200 709 1288 quomodo
728 1209 746 1265 'a
765 1223 838 1288 rege
858 1197 1083 1272 Chaldaeorum
1101 1197 1174 1264 solo
1190 1222 1257 1284 eqn-

266 1316 336 1372 tum
354 1307 405 1385 sit,
426 1319 520 1397 atque
538 1321 574 1374 ut
590 1308 801 1375 fundamentis
820 1308 928 1396 ternpli
946 1331 1030 1375 anno
1050 1308 1196 1374 seeundo
1207 1309 1257 1394 repis

269 1412 344 1501 Cyri
360 1416 464 1504 jactis,
482 1439 589 1483 rursus
608 1438 690 1482 anno
706 1415 844 1486 seeundo
858 1414 945 1482 Darii
963 1415 1045 1504 regis
1065 1412 1259 1504 templumrl

266 1521 405 1594 solutum
418 1525 522 1595 suerit.

310 1631 418 1705 XXX.
432 1633 640 1702 Historiarum
649 1634 689 1701 ad
698 1634 862 1702 veritatem
871 1633 1102 1722 pertinentium
1114 1631 1261 1700 Graeeinor

268 1743 456 1819 meminere3
476 1744 615 1834 primum
633 1745 760 1834 quidem
778 1743 851 1831 quia
869 1756 1012 1810 neeentes
1029 1745 1093 1831 ipsi
1113 1741 1262 1808 litteren

268 1851 454 1938 cognitionis
470 1853 637 1940 participes
654 1852 728 1919 lecti
746 1865 840 1927 sunt3-
858 1850 944 1942 qnod
962 1851 1096 1940 quidem
1113 1851 1175 1940 ipsi
1195 1848 1262 1916 osui

268 1971 388 2037 tentur,
406 1961 486 2029 dum
500 1959 618 2028 litteras
636 1962 747 2029 dieunt
764 1962 918 2038 intentas,
937 1958 989 2028 elii
1008 1960 1144 2050 quidem
1161 1984 1178 2024 a
1199 1959 1264 2024 tut

268 2070 355 2146 deis.
381 2070 432 2138 alii
453 2095 528 2138 vero
553 2073 593 2138 ab
620 2069 788 2160 AEgyptiis,
811 2093 918 2136 rursus
939 2068 991 2136 elii
1015 2093 1034 2137 a
1058 2069 1263 2136 Phontauu:

269 2177 382 2242 deiude
396 2201 471 2244 vero
485 2181 557 2267 quis
571 2181 795 2244 aberraverunt
810 2191 843 2244 et
856 2181 1017 2253 aberrent,
1037 2178 1121 2244 dum
1133 2179 1185 2244 Dei
1195 2200 1267 2241 uren

267 2286 386 2351 tionem
403 2309 468 2352 non
484 2287 615 2362 lneiunt,
633 2286 690 2352 sed
709 2285 850 2352 insanium
867 2299 901 2353 et
916 2284 1081 2352 inutilium
1100 2309 1200 2352 reum.
1219 2283 1268 2348 sic

267 2393 352 2459 enim
373 2395 547 2460 Homerum
567 2403 599 2460 et
621 2393 793 2460 Hesiodum
813 2405 846 2461 et
864 2393 1002 2482 reliquos
1021 2407 1138 2484 poetas
1155 2394 1268 2460 litteram

269 2512 536 2575 commemoratum
564 2513 596 2572 at
619 2501 792 2590 incorrupti
821 2513 854 2567 et
876 2501 961 2568 unici
984 2502 1044 2568 Dei
1069 2503 1206 2593 gloriam
1224 2526 1267 2568 nte

268 2611 364 2681 modo
385 2609 534 2678 oblivioni
556 2608 766 2686 tradiderunt,
791 2607 848 2674 sed
868 2609 964 2675 etiam
984 2602 1172 2678 maledictis
1194 2613 1270 2698 impa-

268 2732 426 2810 gnnruntt
446 2719 552 2786 adhue
570 2719 666 2789 etiam
684 2729 716 2784 et
731 2717 790 2784 Dei
808 2711 944 2786 cultores
962 2723 1158 2808 persequuti
1177 2733 1272 2786 suntet

270 2829 410 2917 quotidie
436 2838 666 2916 persequuntur
685 2847 699 2890 s·
720 2826 795 2913 quin
817 2827 912 2892 etiam
939 2826 977 2893 iis
999 2828 1056 2914 qui
1077 2852 1204 2896 marera
1222 2853 1274 2894 rote

269 2937 485 3003 conviciantur
500 2936 581 3011 Deo,
600 2934 728 3023 praemia
746 2946 779 2999 et
796 2933 931 3001 honores
948 2951 1132 3024 posuerunt
1151 2943 1232 3030 :qui
1245 2965 1276 3003 aa·

268 3058 333 3111 tem
346 3056 517 3134 properent
531 3043 572 3108 ad
586 3042 737 3112 virtutem,
744 3054 776 3107 et
790 3052 932 3111 sanctam
946 3043 1044 3109 vitam
1057 3053 1232 3124 enervent,
1243 3049 1274 3113 lt·

269 3176 341 3218 rum
356 3151 432 3218 alios
449 3149 605 3240 lapidibus
620 3150 806 3226 obruerunt,
825 3148 902 3216 alios
916 3148 1173 3230 interfecerunt:
1197 3181 1233 3222 ne
1246 3179 1288 3270 esp

267 3263 420 3329 hactenus
431 3259 610 3329 crudelibus
621 3258 812 3334 eruciatibus
827 3259 1008 3349 subjiciunt.
1025 3263 1143 3344 Quare
1155 3267 1237 3332 tales
1247 3268 1288 3338 lna-3

268 3372 368 3438 mines
382 3369 557 3438 necessario
571 3368 745 3440 amiserunt
760 3367 944 3456 sapientiam
958 3371 1030 3448 Dei,
1046 3395 1112 3440 nee
1129 3399 1245 3442 rerum
1256 3377 1288 3440 inl

267 3491 428 3546 venerunt.
454 3479 487 3544 Si
505 3478 550 3543 vis
570 3476 676 3565 igitur,
696 3474 765 3541 haee
785 3475 949 3568 diligenter
969 3479 1096 3558 evolve,
1121 3497 1160 3551 ut
1186 3487 1288 3554 helsen

268 3588 447 3675 symbolum
461 3599 493 3654 et
507 3586 619 3676 pignus
635 3583 781 3652 veritatis.

667 3803 886 3816 -u-a-
