2606 4620
212 321 361 368 araaooos
383 321 445 364 cau
469 319 632 364 raxrnoan
654 317 768 363 roano.
938 299 1000 385 447

6 425 100 490 »eost
118 455 129 488 ι
143 425 197 492 Sic
211 429 307 492 etiam
319 447 427 490 rursus
438 423 501 489 a'itr
519 450 532 483 ι
548 422 629 487 Cum
643 423 744 488 Jacob
756 422 853 486 homo
868 421 1004 488 luctatus

6 543 65 594 »est
76 530 97 605 ²,
113 555 273 618 »cumque
295 531 398 596 Deum
413 551 480 593 esse
496 527 583 592 dicit.
609 528 686 593 Nam
707 527 806 593 Jacob
828 527 939 592 dixisse
954 553 1007 593 re-

6 635 71 700 iut:
90 637 179 704 «Vidi
196 639 299 704 Deum
315 637 395 702 facie
411 634 450 698 ad
466 635 578 700 inciam
593 657 601 698 ι
614 647 648 698 et
658 632 739 700 salva
752 633 836 700 sacta
844 648 893 700 est
903 637 1006 701 anima

6 765 95 806 »mon
113 770 125 802 ι
144 743 260 808 Scribit
274 744 370 808 etiam
385 741 491 806 locum
508 742 561 805 uhi
579 745 652 805 eum
674 763 712 806 eo
732 740 868 808 luctatus
883 757 943 818 est,
961 744 1008 808 ei·

6 873 56 936 pue
66 852 201 936 apparuit
213 863 243 916 et
255 851 427 924 benedixit,
438 852 526 914 ab'eo
538 855 684 914 vocatum
696 850 788 914 luisse
799 851 926 917 Faciem
937 851 1006 916 Deis

6 957 37 1018 Et
51 957 175 1022 Abrahae
191 955 344 1032 similiter,
362 969 397 1020 ut
410 958 454 1022 ait
469 957 582 1031 lloses,
594 958 679 1022 Deus
694 957 734 1020 ad
746 981 897 1044 quercum
912 958 1009 1023 Mam»

6 1087 59 1127 orae
67 1065 218 1150 apparuit,
227 1066 347 1130 sedenti
356 1065 519 1130 odostium
531 1063 726 1130 tabernaculi
735 1067 876 1130 moridie.¹
889 1067 1010 1131 Deinde

6 1181 154 1254 oostquam
169 1169 238 1234 lraec
253 1169 342 1246 dixit,
360 1171 489 1258 adjicit:
507 1197 519 1230 ι
535 1169 714 1257 Suspicione
730 1183 835 1235 nutem
851 1172 947 1236 oculis
963 1173 1011 1236 ri-

6 1309 9 1332 »
26 1276 80 1350 dit,
96 1288 127 1340 et
140 1297 215 1342 ecce
232 1288 294 1340 tres
309 1277 367 1341 riri
382 1279 506 1343 stabant
521 1300 614 1364 supra
628 1297 723 1340 eum:
738 1289 771 1342 et
786 1300 859 1342 cuna
872 1279 1009 1354 vidisset,

6 1417 9 1440 ι
26 1384 158 1448 occurrit
173 1381 234 1448 illis
249 1383 406 1448 obvinm'.
427 1383 550 1447 »Paulo
564 1394 635 1470 post
648 1407 728 1448 unus
740 1407 779 1447 ex
790 1383 849 1448 illis
861 1386 1014 1471 promittit

6 1491 127 1556 tbrshae
148 1489 248 1556 lilium
267 1513 304 1568 :p
321 1490 407 1568 Quid
422 1490 548 1554 inrisit
563 1489 654 1564 Sara,
672 1490 806 1556 dicens:
825 1491 906 1557 Num
922 1492 1016 1580 igitur

6 1597 163 1685 ·pariami
190 1619 248 1684 ego
274 1619 348 1660 vero
377 1597 539 1662 consenui.
572 1597 621 1660 An
646 1597 838 1682 impossihile
865 1610 912 1662 est
934 1599 1018 1686 apud

6 1707 124 1770 ›Deum
145 1704 301 1770 verbum?
316 1702 472 1790 Tempore
495 1705 555 1769 isto
568 1715 717 1768 revertar
740 1705 772 1770 in
792 1705 897 1779 horas,
913 1706 1020 1770 eterit

6 1845 9 1870 ι
28 1812 110 1876 Sarae
126 1810 216 1876 lilius.
235 1811 276 1876 Et
291 1811 501 1876 discesserunt
516 1813 555 1876 ab
576 1811 789 1876 Abrahamo‘.
813 1814 960 1878 »Deinde
977 1814 1022 1878 sic

6 1922 38 1986 le
56 1919 114 1984 illis
128 1943 234 1984 rursus
249 1919 388 2004 loquitur
405 1941 413 1982 ε
431 1945 444 1978 ι
460 1920 536 1984 lnde
551 1932 874 2007 nutenuexsurgentcs
891 1921 946 1985 viri
963 1945 1023 1986 res·

6 2057 12 2086 ι
30 2037 180 2113 pexerunt
196 2026 228 2088 in
246 2025 357 2091 faciem
377 2025 600 2090 Sodomorum.
620 2025 728 2089 »Tum
743 2051 849 2092 rursus
866 2028 1024 2116 quomodo

6 2133 217 2199 abrahamum
238 2133 263 2196 is
286 2134 338 2218 qui
360 2145 459 2198 estet
479 2136 531 2218 qui
555 2147 623 2198 crat
638 2134 683 2198 sio
703 2133 907 2220 alloquatur:
928 2136 1024 2202 «Non

6 2277 9 2300 ι
32 2241 318 2308 celabollbrsham
335 2265 459 2308 servum
478 2265 585 2307 meum
608 2265 676 2328 quae
688 2243 836 2308 'fracturus
858 2267 948 2309 sum:
967 2274 979 2306 ι
995 2257 1027 2309 et

7 2375 71 2438 puae
83 2361 259 2438 sequuntur
270 2373 309 2414 cx
319 2349 413 2414 lllosis
428 2350 551 2437 scriptis
562 2351 625 2436 jam
638 2351 821 2438 deprompta
836 2364 868 2416 et
883 2375 963 2417 nme
978 2377 1028 2417 ex·

7 2460 101 2522 ›osita
114 2481 222 2524 rursus
237 2458 362 2545 repetii,
377 2481 417 2522 ex
431 2460 545 2545 quibus
561 2459 805 2533 demonstratur,
819 2463 877 2525 snb
890 2461 982 2526 Patre
995 2474 1029 2526 et

7 2567 139 2630 Domino
155 2565 337 2652 praeiectum
350 2587 431 2640 esse,
448 2566 566 2651 noejus
581 2564 732 2630 volontati
744 2567 922 2632 ministrare
934 2569 1030 2632 istum

7 2675 55 2762 poi
73 2674 220 2761 apparuit
233 2673 416 2742 Abrahae'at
430 2673 518 2738 lsaac
535 2685 567 2736 et
581 2673 681 2737 Jacob
696 2685 729 2736 ot
743 2672 810 2738 aliis
826 2673 1030 2746 patriarchis,

7 2781 244 2870 appellaturque
265 2781 297 2845 in
313 2779 485 2867 scripturis
499 2779 594 2844 Deus.
613 2780 673 2843 llic
689 2779 767 2844 illud
780 2779 883 2866 adjeci
900 2781 958 2844 etsi
977 2785 1034 2845 ati-

7 2915 50 2956 ·ea
68 2912 135 2955 non
151 2889 314 2954 dixeram:
330 2887 384 2954 Sic
399 2889 495 2954 ctiam
507 2899 542 2952 et
558 2908 632 2952 cum
647 2893 776 2952 carnem
791 2885 885 2950 edere
901 2887 1035 2975 populus

7 2997 204 3084 concupivit,
222 3018 260 3062 ac
273 2993 375 3060 llloses
390 2995 433 3068 ei,
449 2995 502 3082 qui
515 2993 579 3059 illic
591 2995 686 3058 etiam
698 2990 875 3081 appelletur
885 2993 1035 3083 Angelus,

7 3107 112 3170 Deum
129 3105 170 3168 nd
191 3105 366 3168 satietatem
386 3103 447 3169 illis
461 3103 611 3168 daturum
625 3101 788 3190 pollicenti
804 3125 868 3166 non
881 3104 1034 3177 credidit;

7 3213 75 3298 ipso
96 3209 151 3276 ille
167 3211 220 3296 qui
239 3220 271 3274 et
291 3211 376 3274 Deus
391 3221 439 3275 est
457 3222 490 3274 et
505 3208 667 3298 angelusa
686 3207 780 3272 Patre·
792 3208 905 3274 missus
925 3209 1039 3283 luerat,

7 3322 79 3384 lraec
91 3317 208 3382 dixisse
222 3327 254 3380 ct
266 3314 375 3381 iecisse
386 3329 542 3382 narratur.
562 3316 616 3380 Sic
630 3315 770 3379 enimait
782 3314 943 3401 Scriptura
957 3338 965 3378 ε
979 3317 1042 3380 «Et

7 3457 14 3486 ι
34 3426 119 3491 dixit
139 3423 295 3489 Dominus
316 3422 356 3486 sd
368 3421 487 3489 lllosem
505 3447 514 3487 :
535 3423 584 3488 An
600 3445 713 3488 manus
727 3422 854 3487 Domini
874 3446 938 3487 non
954 3423 1042 3486 sulli—
1117 3419 1121 3428 ’

7 3567 13 3596 ι
33 3535 128 3600 cieti'
144 3535 218 3600 dam
232 3552 402 3620 cognosces
417 3555 459 3598 an
474 3541 660 3619 operturum
676 3543 708 3595 te
723 3532 762 3595 sit
774 3532 906 3596 verbum
921 3554 1040 3605 meum,

7 3675 14 3704 ›
31 3665 97 3709 nec
107 3641 180 3710 ne‘.
193 3641 390 3706 »Etrursum
402 3636 463 3703 alio
475 3639 507 3703 in
516 3636 639 3704 locosic
650 3639 714 3702 nit:
733 3637 905 3702 «Dominus
917 3639 993 3703 dixit
1003 3641 1042 3702 ad

38 3792 48 3824 ¹
60 3792 147 3840 Exod.
161 3806 197 3848 vr,
209 3807 233 3840 a.
247 3816 278 3826 -
291 3787 379 3838 ’Gom
395 3805 472 3850 xxxii,
485 3788 525 3846 ai,
537 3787 576 3837 30.
588 3815 618 3825 -
629 3785 638 3819 ¹
649 3787 714 3836 Gen.
726 3801 796 3842 xrar.
810 3803 831 3836 a.
840 3785 887 3823 -l
898 3785 960 3836 Gen.
971 3801 1041 3842 xrrrr,

8 3877 47 3926 ιῗι,
64 3903 98 3912 --
112 3875 122 3906 ⁵
136 3875 214 3924 llum.
226 3891 261 3932 xx,
275 3875 312 3922 ²3.
