<?xml version="1.0" encoding="UTF-8"?>
<!DOCTYPE html PUBLIC "-//W3C//DTD XHTML 1.0 Transitional//EN"
    "http://www.w3.org/TR/xhtml1/DTD/xhtml1-transitional.dtd">
<html xmlns="http://www.w3.org/1999/xhtml" xml:lang="en" lang="en">
 <head>
  <title>
</title>
<meta http-equiv="Content-Type" content="text/html;charset=utf-8" />
  <meta name='ocr-system' content='tesseract 3.04.00' />
  <meta name='ocr-capabilities' content='ocr_page ocr_carea ocr_par ocr_line ocrx_word'/>
</head>
<body>
  <div class='ocr_page' id='page_1' title='image "./collectioselect02guilgoog_0667.png"; bbox 0 0 2616 4620; ppageno 0'>
   <div class='ocr_carea' id='block_1_1' title="bbox 302 258 1260 2959">
    <p class='ocr_par' dir='ltr' id='par_1_1' title="bbox 302 258 1233 1316">
     <span class='ocr_line' id='line_1_1' title="bbox 307 258 984 328; baseline 0.003 -4"><span class='ocrx_word' id='word_1_1' title='bbox 307 258 365 324; x_wconf 76' lang='lat' dir='ltr'><strong>rtis</strong></span> <span class='ocrx_word' id='word_1_2' title='bbox 647 281 671 322; x_wconf 84' lang='lat' dir='ltr'><strong>s.</strong></span> <span class='ocrx_word' id='word_1_3' title='bbox 698 281 725 324; x_wconf 90' lang='lat' dir='ltr'><strong>r.</strong></span> <span class='ocrx_word' id='word_1_4' title='bbox 753 281 784 326; x_wconf 86' lang='lat' dir='ltr'><strong>s.</strong></span> <span class='ocrx_word' id='word_1_5' title='bbox 811 283 984 328; x_wconf 79' lang='lat' dir='ltr'><strong>rurornrsr</strong></span> 
     </span>
     <span class='ocr_line' id='line_1_2' title="bbox 303 385 1223 478; baseline -0.001 -25"><span class='ocrx_word' id='word_1_6' title='bbox 303 385 407 454; x_wconf 89' lang='lat' dir='ltr'><strong>disum</strong></span> <span class='ocrx_word' id='word_1_7' title='bbox 425 400 577 476; x_wconf 86' lang='lat' dir='ltr'><strong>parasset,</strong></span> <span class='ocrx_word' id='word_1_8' title='bbox 594 400 632 454; x_wconf 88' lang='lat' dir='ltr'><strong>ut</strong></span> <span class='ocrx_word' id='word_1_9' title='bbox 651 389 684 455; x_wconf 88' lang='lat' dir='ltr'><strong>in</strong></span> <span class='ocrx_word' id='word_1_10' title='bbox 701 389 822 478; x_wconf 89' lang='lat' dir='ltr'><strong>optimo</strong></span> <span class='ocrx_word' id='word_1_11' title='bbox 837 403 872 455; x_wconf 88' lang='lat' dir='ltr'><strong>et</strong></span> <span class='ocrx_word' id='word_1_12' title='bbox 888 387 1130 478; x_wconf 65' lang='lat' dir='ltr'><strong>pmuurtsstms</strong></span> <span class='ocrx_word' id='word_1_13' title='bbox 1142 386 1190 452; x_wconf 83' lang='lat' dir='ltr'><strong>loo</strong></span> <span class='ocrx_word' id='word_1_14' title='bbox 1202 418 1223 443; x_wconf 63' lang='lat' dir='ltr'><strong>u</strong></span> 
     </span>
     <span class='ocr_line' id='line_1_3' title="bbox 302 491 1216 580; baseline -0.007 -20"><span class='ocrx_word' id='word_1_15' title='bbox 302 493 516 562; x_wconf 74' lang='lat' dir='ltr'><strong>constitueret.</strong></span> <span class='ocrx_word' id='word_1_16' title='bbox 541 495 618 561; x_wconf 79' lang='lat' dir='ltr'><strong>llaec</strong></span> <span class='ocrx_word' id='word_1_17' title='bbox 636 504 741 560; x_wconf 89' lang='lat' dir='ltr'><strong>autem</strong></span> <span class='ocrx_word' id='word_1_18' title='bbox 764 517 838 560; x_wconf 80' lang='lat' dir='ltr'><strong>vera</strong></span> <span class='ocrx_word' id='word_1_19' title='bbox 862 519 933 560; x_wconf 86' lang='lat' dir='ltr'><strong>esse</strong></span> <span class='ocrx_word' id='word_1_20' title='bbox 965 518 1017 559; x_wconf 91' lang='lat' dir='ltr'><strong>res</strong></span> <span class='ocrx_word' id='word_1_21' title='bbox 1041 493 1098 580; x_wconf 86' lang='lat' dir='ltr'><strong>ipsa</strong></span> <span class='ocrx_word' id='word_1_22' title='bbox 1115 491 1216 556; x_wconf 70' lang='lat' dir='ltr'><strong>seusu</strong></span> 
     </span>
     <span class='ocr_line' id='line_1_4' title="bbox 303 599 1218 686; baseline -0.007 -17"><span class='ocrx_word' id='word_1_23' title='bbox 303 601 416 669; x_wconf 87' lang='lat' dir='ltr'><strong>Nonne</strong></span> <span class='ocrx_word' id='word_1_24' title='bbox 442 603 526 670; x_wconf 87' lang='lat' dir='ltr'><strong>enim</strong></span> <span class='ocrx_word' id='word_1_25' title='bbox 544 601 619 670; x_wconf 87' lang='lat' dir='ltr'><strong>lieet</strong></span> <span class='ocrx_word' id='word_1_26' title='bbox 645 602 894 668; x_wconf 81' lang='lat' dir='ltr'><strong>unimadrertere</strong></span> <span class='ocrx_word' id='word_1_27' title='bbox 918 601 1050 668; x_wconf 79' lang='lat' dir='ltr'><strong>dolores</strong></span> <span class='ocrx_word' id='word_1_28' title='bbox 1071 599 1130 665; x_wconf 85' lang='lat' dir='ltr'><strong>illos</strong></span> <span class='ocrx_word' id='word_1_29' title='bbox 1145 625 1218 686; x_wconf 56' lang='lat' dir='ltr'><strong>susp</strong></span> 
     </span>
     <span class='ocr_line' id='line_1_5' title="bbox 305 708 1217 799; baseline -0.005 -23"><span class='ocrx_word' id='word_1_30' title='bbox 305 709 411 776; x_wconf 82' lang='lat' dir='ltr'><strong>serunt</strong></span> <span class='ocrx_word' id='word_1_31' title='bbox 432 711 464 775; x_wconf 90' lang='lat' dir='ltr'><strong>iu</strong></span> <span class='ocrx_word' id='word_1_32' title='bbox 487 722 579 799; x_wconf 73' lang='lat' dir='ltr'><strong>partu</strong></span> <span class='ocrx_word' id='word_1_33' title='bbox 600 723 632 775; x_wconf 91' lang='lat' dir='ltr'><strong>et</strong></span> <span class='ocrx_word' id='word_1_34' title='bbox 653 722 759 797; x_wconf 89' lang='lat' dir='ltr'><strong>postea</strong></span> <span class='ocrx_word' id='word_1_35' title='bbox 783 709 936 776; x_wconf 82' lang='lat' dir='ltr'><strong>oblivioni</strong></span> <span class='ocrx_word' id='word_1_36' title='bbox 962 711 1091 775; x_wconf 81' lang='lat' dir='ltr'><strong>tradunt</strong></span> <span class='ocrx_word' id='word_1_37' title='bbox 1112 708 1217 773; x_wconf 75' lang='lat' dir='ltr'><strong>mulius.</strong></span> 
     </span>
     <span class='ocr_line' id='line_1_6' title="bbox 306 817 1216 908; baseline -0.005 -24"><span class='ocrx_word' id='word_1_38' title='bbox 306 830 338 884; x_wconf 87' lang='lat' dir='ltr'><strong>et</strong></span> <span class='ocrx_word' id='word_1_39' title='bbox 351 817 409 883; x_wconf 87' lang='lat' dir='ltr'><strong>Dei</strong></span> <span class='ocrx_word' id='word_1_40' title='bbox 424 841 527 884; x_wconf 84' lang='lat' dir='ltr'><strong>sermo</strong></span> <span class='ocrx_word' id='word_1_41' title='bbox 550 817 717 907; x_wconf 81' lang='lat' dir='ltr'><strong>impleatur</strong></span> <span class='ocrx_word' id='word_1_42' title='bbox 735 831 768 884; x_wconf 85' lang='lat' dir='ltr'><strong>et</strong></span> <span class='ocrx_word' id='word_1_43' title='bbox 789 833 945 908; x_wconf 78' lang='lat' dir='ltr'><strong>augeatur</strong></span> <span class='ocrx_word' id='word_1_44' title='bbox 972 831 1009 884; x_wconf 88' lang='lat' dir='ltr'><strong>et</strong></span> <span class='ocrx_word' id='word_1_45' title='bbox 1034 831 1143 884; x_wconf 79' lang='lat' dir='ltr'><strong>crescat</strong></span> <span class='ocrx_word' id='word_1_46' title='bbox 1158 841 1216 904; x_wconf 74' lang='lat' dir='ltr'><strong>prus</strong></span> 
     </span>
     <span class='ocr_line' id='line_1_7' title="bbox 306 925 1219 1018; baseline -0.005 -26"><span class='ocrx_word' id='word_1_47' title='bbox 306 927 460 992; x_wconf 75' lang='lat' dir='ltr'><strong>menum?</strong></span> <span class='ocrx_word' id='word_1_48' title='bbox 483 927 593 994; x_wconf 82' lang='lat' dir='ltr'><strong>Nonne</strong></span> <span class='ocrx_word' id='word_1_49' title='bbox 616 928 711 993; x_wconf 87' lang='lat' dir='ltr'><strong>etiam</strong></span> <span class='ocrx_word' id='word_1_50' title='bbox 733 928 827 1016; x_wconf 87' lang='lat' dir='ltr'><strong>ipsius</strong></span> <span class='ocrx_word' id='word_1_51' title='bbox 847 929 1013 1018; x_wconf 88' lang='lat' dir='ltr'><strong>serpentis</strong></span> <span class='ocrx_word' id='word_1_52' title='bbox 1034 925 1219 993; x_wconf 70' lang='lat' dir='ltr'><strong>condamnetur.</strong></span> 
     </span>
     <span class='ocr_line' id='line_1_8' title="bbox 307 1031 1229 1124; baseline 0.004 -26"><span class='ocrx_word' id='word_1_53' title='bbox 307 1034 466 1122; x_wconf 89' lang='lat' dir='ltr'><strong>quomodo</strong></span> <span class='ocrx_word' id='word_1_54' title='bbox 491 1058 602 1101; x_wconf 85' lang='lat' dir='ltr'><strong>exosus</strong></span> <span class='ocrx_word' id='word_1_55' title='bbox 623 1035 676 1110; x_wconf 89' lang='lat' dir='ltr'><strong>sit,</strong></span> <span class='ocrx_word' id='word_1_56' title='bbox 694 1047 802 1101; x_wconf 83' lang='lat' dir='ltr'><strong>ventre</strong></span> <span class='ocrx_word' id='word_1_57' title='bbox 824 1059 957 1124; x_wconf 86' lang='lat' dir='ltr'><strong>serpens</strong></span> <span class='ocrx_word' id='word_1_58' title='bbox 982 1057 1025 1100; x_wconf 86' lang='lat' dir='ltr'><strong>ac</strong></span> <span class='ocrx_word' id='word_1_59' title='bbox 1045 1049 1153 1098; x_wconf 78' lang='lat' dir='ltr'><strong>terram</strong></span> <span class='ocrx_word' id='word_1_60' title='bbox 1166 1031 1229 1102; x_wconf 69' lang='lat' dir='ltr'><strong>adu»</strong></span> 
     </span>
     <span class='ocr_line' id='line_1_9' title="bbox 308 1141 1192 1233; baseline -0.006 -23"><span class='ocrx_word' id='word_1_61' title='bbox 308 1142 371 1210; x_wconf 82' lang='lat' dir='ltr'><strong>lsoc</strong></span> <span class='ocrx_word' id='word_1_62' title='bbox 384 1165 511 1231; x_wconf 88' lang='lat' dir='ltr'><strong>quoquc</strong></span> <span class='ocrx_word' id='word_1_63' title='bbox 525 1155 710 1233; x_wconf 82' lang='lat' dir='ltr'><strong>argumento</strong></span> <span class='ocrx_word' id='word_1_64' title='bbox 726 1145 839 1210; x_wconf 83' lang='lat' dir='ltr'><strong>veritas</strong></span> <span class='ocrx_word' id='word_1_65' title='bbox 854 1168 973 1211; x_wconf 87' lang='lat' dir='ltr'><strong>corum</strong></span> <span class='ocrx_word' id='word_1_66' title='bbox 990 1166 1067 1232; x_wconf 79' lang='lat' dir='ltr'><strong>quae</strong></span> <span class='ocrx_word' id='word_1_67' title='bbox 1081 1141 1192 1207; x_wconf 80' lang='lat' dir='ltr'>diximus</span> 
     </span>
     <span class='ocr_line' id='line_1_10' title="bbox 309 1251 435 1316; baseline 0 0"><span class='ocrx_word' id='word_1_68' title='bbox 309 1251 435 1316; x_wconf 77' lang='lat' dir='ltr'><strong>maturi</strong></span> 
     </span>
    </p>

    <p class='ocr_par' dir='ltr' id='par_1_2' title="bbox 311 1357 1260 2959">
     <span class='ocr_line' id='line_1_11' title="bbox 353 1357 1233 1452; baseline -0.007 -28"><span class='ocrx_word' id='word_1_69' title='bbox 353 1357 474 1427; x_wconf 82' lang='lat' dir='ltr'><strong>XXIV.</strong></span> <span class='ocrx_word' id='word_1_70' title='bbox 489 1360 640 1428; x_wconf 81' lang='lat' dir='ltr'><strong>Produxit</strong></span> <span class='ocrx_word' id='word_1_71' title='bbox 651 1362 746 1452; x_wconf 75' lang='lat' dir='ltr'><strong>igitur</strong></span> <span class='ocrx_word' id='word_1_72' title='bbox 759 1363 844 1429; x_wconf 86' lang='lat' dir='ltr'><strong>Deus</strong></span> <span class='ocrx_word' id='word_1_73' title='bbox 858 1364 898 1428; x_wconf 89' lang='lat' dir='ltr'><strong>dc</strong></span> <span class='ocrx_word' id='word_1_74' title='bbox 909 1363 1020 1428; x_wconf 91' lang='lat' dir='ltr'><strong>humo</strong></span> <span class='ocrx_word' id='word_1_75' title='bbox 1033 1384 1128 1428; x_wconf 89' lang='lat' dir='ltr'><strong>omne</strong></span> <span class='ocrx_word' id='word_1_76' title='bbox 1139 1357 1233 1446; x_wconf 76' lang='lat' dir='ltr'><strong>lignun</strong></span> 
     </span>
     <span class='ocr_line' id='line_1_12' title="bbox 311 1464 1216 1536; baseline -0.003 -6"><span class='ocrx_word' id='word_1_77' title='bbox 311 1464 425 1532; x_wconf 86' lang='lat' dir='ltr'><strong>chrum</strong></span> <span class='ocrx_word' id='word_1_78' title='bbox 443 1467 511 1532; x_wconf 82' lang='lat' dir='ltr'><strong>visu</strong></span> <span class='ocrx_word' id='word_1_79' title='bbox 534 1480 568 1533; x_wconf 88' lang='lat' dir='ltr'><strong>et</strong></span> <span class='ocrx_word' id='word_1_80' title='bbox 586 1469 627 1534; x_wconf 90' lang='lat' dir='ltr'><strong>ad</strong></span> <span class='ocrx_word' id='word_1_81' title='bbox 645 1471 837 1536; x_wconf 82' lang='lat' dir='ltr'><strong>vescendum</strong></span> <span class='ocrx_word' id='word_1_82' title='bbox 856 1493 962 1536; x_wconf 83' lang='lat' dir='ltr'><strong>suave.</strong></span> <span class='ocrx_word' id='word_1_83' title='bbox 988 1471 1091 1535; x_wconf 86' lang='lat' dir='ltr'><strong>initio</strong></span> <span class='ocrx_word' id='word_1_84' title='bbox 1111 1468 1216 1532; x_wconf 82' lang='lat' dir='ltr'><strong>cuine</strong></span> 
     </span>
     <span class='ocr_line' id='line_1_13' title="bbox 311 1573 1221 1667; baseline -0.002 -27"><span class='ocrx_word' id='word_1_85' title='bbox 311 1575 477 1641; x_wconf 91' lang='lat' dir='ltr'><strong>tummodo</strong></span> <span class='ocrx_word' id='word_1_86' title='bbox 493 1589 583 1642; x_wconf 89' lang='lat' dir='ltr'><strong>erant</strong></span> <span class='ocrx_word' id='word_1_87' title='bbox 603 1601 676 1666; x_wconf 81' lang='lat' dir='ltr'><strong>qum</strong></span> <span class='ocrx_word' id='word_1_88' title='bbox 696 1579 747 1644; x_wconf 88' lang='lat' dir='ltr'><strong>dia</strong></span> <span class='ocrx_word' id='word_1_89' title='bbox 769 1580 862 1644; x_wconf 90' lang='lat' dir='ltr'><strong>tertio</strong></span> <span class='ocrx_word' id='word_1_90' title='bbox 881 1579 1048 1667; x_wconf 82' lang='lat' dir='ltr'><strong>producta</strong></span> <span class='ocrx_word' id='word_1_91' title='bbox 1067 1577 1189 1648; x_wconf 82' lang='lat' dir='ltr'><strong>suerent,</strong></span> <span class='ocrx_word' id='word_1_92' title='bbox 1206 1573 1221 1625; x_wconf 70' lang='grc' dir='ltr'><strong>ι’-</strong></span> 
     </span>
     <span class='ocr_line' id='line_1_14' title="bbox 312 1681 1214 1772; baseline -0.006 -23"><span class='ocrx_word' id='word_1_93' title='bbox 312 1683 444 1756; x_wconf 88' lang='lat' dir='ltr'><strong>semina,</strong></span> <span class='ocrx_word' id='word_1_94' title='bbox 462 1682 579 1748; x_wconf 83' lang='lat' dir='ltr'><strong>harbae.</strong></span> <span class='ocrx_word' id='word_1_95' title='bbox 600 1683 680 1762; x_wconf 81' lang='lat' dir='ltr'><strong>Quae</strong></span> <span class='ocrx_word' id='word_1_96' title='bbox 697 1709 771 1751; x_wconf 83' lang='lat' dir='ltr'><strong>vcro</strong></span> <span class='ocrx_word' id='word_1_97' title='bbox 789 1687 821 1751; x_wconf 93' lang='lat' dir='ltr'><strong>in</strong></span> <span class='ocrx_word' id='word_1_98' title='bbox 839 1685 1007 1761; x_wconf 84' lang='lat' dir='ltr'><strong>Paradiso,</strong></span> <span class='ocrx_word' id='word_1_99' title='bbox 1028 1708 1068 1750; x_wconf 88' lang='lat' dir='ltr'><strong>ea</strong></span> <span class='ocrx_word' id='word_1_100' title='bbox 1086 1681 1214 1772; x_wconf 66' lang='lat' dir='ltr'><strong>prestanti</strong></span> 
     </span>
     <span class='ocr_line' id='line_1_15' title="bbox 312 1789 1243 1882; baseline -0.004 -26"><span class='ocrx_word' id='word_1_101' title='bbox 312 1789 547 1881; x_wconf 90' lang='lat' dir='ltr'><strong>pulchritudine</strong></span> <span class='ocrx_word' id='word_1_102' title='bbox 559 1804 591 1856; x_wconf 87' lang='lat' dir='ltr'><strong>et</strong></span> <span class='ocrx_word' id='word_1_103' title='bbox 602 1793 801 1869; x_wconf 74' lang='lat' dir='ltr'><strong>amenitate,</strong></span> <span class='ocrx_word' id='word_1_104' title='bbox 815 1795 930 1882; x_wconf 84' lang='lat' dir='ltr'><strong>quippe</strong></span> <span class='ocrx_word' id='word_1_105' title='bbox 941 1816 1027 1860; x_wconf 90' lang='lat' dir='ltr'><strong>cum</strong></span> <span class='ocrx_word' id='word_1_106' title='bbox 1039 1792 1222 1882; x_wconf 70' lang='lat' dir='ltr'><strong>plantarium</strong></span> <span class='ocrx_word' id='word_1_107' title='bbox 1235 1790 1243 1831; x_wconf 33' lang='lat'><strong>*¹</strong></span> 
     </span>
     <span class='ocr_line' id='line_1_16' title="bbox 312 1898 1228 1991; baseline -0.003 -27"><span class='ocrx_word' id='word_1_108' title='bbox 312 1898 397 1964; x_wconf 91' lang='lat' dir='ltr'><strong>letur</strong></span> <span class='ocrx_word' id='word_1_109' title='bbox 414 1901 454 1964; x_wconf 81' lang='lat' dir='ltr'><strong>uh</strong></span> <span class='ocrx_word' id='word_1_110' title='bbox 472 1900 540 1987; x_wconf 89' lang='lat' dir='ltr'><strong>ipso</strong></span> <span class='ocrx_word' id='word_1_111' title='bbox 556 1901 624 1966; x_wconf 85' lang='lat' dir='ltr'><strong>Deo</strong></span> <span class='ocrx_word' id='word_1_112' title='bbox 643 1914 760 1976; x_wconf 87' lang='lat' dir='ltr'><strong>satum;</strong></span> <span class='ocrx_word' id='word_1_113' title='bbox 776 1914 904 1968; x_wconf 77' lang='lat' dir='ltr'><strong>caeteras</strong></span> <span class='ocrx_word' id='word_1_114' title='bbox 918 1903 1063 1990; x_wconf 86' lang='lat' dir='ltr'><strong>quidem</strong></span> <span class='ocrx_word' id='word_1_115' title='bbox 1080 1901 1189 1991; x_wconf 76' lang='lat' dir='ltr'><strong>plantus</strong></span> <span class='ocrx_word' id='word_1_116' title='bbox 1200 1923 1228 1961; x_wconf 80' lang='lat' dir='ltr'><strong>u.</strong></span> 
     </span>
     <span class='ocr_line' id='line_1_17' title="bbox 314 2001 1236 2086; baseline -0.005 -11"><span class='ocrx_word' id='word_1_117' title='bbox 314 2008 400 2075; x_wconf 81' lang='lat' dir='ltr'><strong>houd</strong></span> <span class='ocrx_word' id='word_1_118' title='bbox 415 2007 572 2076; x_wconf 78' lang='lat' dir='ltr'><strong>absimiles</strong></span> <span class='ocrx_word' id='word_1_119' title='bbox 583 2001 704 2077; x_wconf 80' lang='lat' dir='ltr'><strong>liabuit.</strong></span> <span class='ocrx_word' id='word_1_120' title='bbox 718 2013 803 2078; x_wconf 85' lang='lat' dir='ltr'><strong>Duas</strong></span> <span class='ocrx_word' id='word_1_121' title='bbox 822 2025 929 2078; x_wconf 89' lang='lat' dir='ltr'><strong>autem</strong></span> <span class='ocrx_word' id='word_1_122' title='bbox 945 2013 1103 2086; x_wconf 90' lang='lat' dir='ltr'><strong>arbores,</strong></span> <span class='ocrx_word' id='word_1_123' title='bbox 1119 2011 1181 2075; x_wconf 77' lang='lat' dir='ltr'><strong>rite</strong></span> <span class='ocrx_word' id='word_1_124' title='bbox 1193 2008 1236 2070; x_wconf 59' lang='lat' dir='ltr'><strong>at(</strong></span> 
     </span>
     <span class='ocr_line' id='line_1_18' title="bbox 314 2113 1232 2209; baseline -0.003 -27"><span class='ocrx_word' id='word_1_125' title='bbox 314 2117 379 2194; x_wconf 81' lang='lat' dir='ltr'><strong>tiae,</strong></span> <span class='ocrx_word' id='word_1_126' title='bbox 391 2116 476 2182; x_wconf 89' lang='lat' dir='ltr'><strong>nulla</strong></span> <span class='ocrx_word' id='word_1_127' title='bbox 492 2117 551 2184; x_wconf 89' lang='lat' dir='ltr'><strong>aliu</strong></span> <span class='ocrx_word' id='word_1_128' title='bbox 568 2131 659 2184; x_wconf 76' lang='lat' dir='ltr'><strong>terre</strong></span> <span class='ocrx_word' id='word_1_129' title='bbox 674 2145 745 2209; x_wconf 92' lang='lat' dir='ltr'><strong>pars</strong></span> <span class='ocrx_word' id='word_1_130' title='bbox 763 2121 875 2186; x_wconf 84' lang='lat' dir='ltr'><strong>habuit</strong></span> <span class='ocrx_word' id='word_1_131' title='bbox 891 2121 950 2185; x_wconf 87' lang='lat' dir='ltr'><strong>uisi</strong></span> <span class='ocrx_word' id='word_1_132' title='bbox 967 2120 1156 2186; x_wconf 85' lang='lat' dir='ltr'><strong>Parsdisos.</strong></span> <span class='ocrx_word' id='word_1_133' title='bbox 1168 2113 1232 2182; x_wconf 71' lang='lat' dir='ltr'><strong>Parr&#39;</strong></span> 
     </span>
     <span class='ocr_line' id='line_1_19' title="bbox 315 2223 1229 2314; baseline -0.001 -24"><span class='ocrx_word' id='word_1_134' title='bbox 315 2236 422 2290; x_wconf 86' lang='lat' dir='ltr'><strong>autem</strong></span> <span class='ocrx_word' id='word_1_135' title='bbox 436 2245 503 2291; x_wconf 84' lang='lat' dir='ltr'><strong>csse</strong></span> <span class='ocrx_word' id='word_1_136' title='bbox 519 2239 650 2304; x_wconf 82' lang='lat' dir='ltr'><strong>terrum,</strong></span> <span class='ocrx_word' id='word_1_137' title='bbox 666 2241 698 2293; x_wconf 87' lang='lat' dir='ltr'><strong>et</strong></span> <span class='ocrx_word' id='word_1_138' title='bbox 712 2229 744 2294; x_wconf 95' lang='lat' dir='ltr'><strong>in</strong></span> <span class='ocrx_word' id='word_1_139' title='bbox 763 2241 846 2295; x_wconf 85' lang='lat' dir='ltr'><strong>terra</strong></span> <span class='ocrx_word' id='word_1_140' title='bbox 865 2239 969 2294; x_wconf 85' lang='lat' dir='ltr'><strong>sutum</strong></span> <span class='ocrx_word' id='word_1_141' title='bbox 984 2223 1093 2294; x_wconf 89' lang='lat' dir='ltr'><strong>docet</strong></span> <span class='ocrx_word' id='word_1_142' title='bbox 1109 2227 1229 2314; x_wconf 78' lang='lat' dir='ltr'><strong>Scriptura</strong></span> 
     </span>
     <span class='ocr_line' id='line_1_20' title="bbox 320 2329 1231 2422; baseline -0.008 -23"><span class='ocrx_word' id='word_1_143' title='bbox 320 2330 364 2399; x_wconf 88' lang='lat' dir='ltr'><strong>ait</strong></span> <span class='ocrx_word' id='word_1_144' title='bbox 379 2353 387 2395; x_wconf 91' lang='lat'><strong>:</strong></span> <span class='ocrx_word' id='word_1_145' title='bbox 405 2359 418 2393; x_wconf 83' lang='lat' dir='ltr'><strong>s</strong></span> <span class='ocrx_word' id='word_1_146' title='bbox 433 2333 473 2398; x_wconf 89' lang='lat' dir='ltr'><strong>Et</strong></span> <span class='ocrx_word' id='word_1_147' title='bbox 488 2329 637 2422; x_wconf 83' lang='lat' dir='ltr'><strong>plantavit</strong></span> <span class='ocrx_word' id='word_1_148' title='bbox 650 2337 735 2403; x_wconf 87' lang='lat' dir='ltr'><strong>Deus</strong></span> <span class='ocrx_word' id='word_1_149' title='bbox 748 2337 930 2403; x_wconf 84' lang='lat' dir='ltr'><strong>Paradisum</strong></span> <span class='ocrx_word' id='word_1_150' title='bbox 952 2336 986 2402; x_wconf 91' lang='lat' dir='ltr'><strong>in</strong></span> <span class='ocrx_word' id='word_1_151' title='bbox 1002 2337 1119 2402; x_wconf 85' lang='lat' dir='ltr'><strong>Edem</strong></span> <span class='ocrx_word' id='word_1_152' title='bbox 1134 2335 1170 2400; x_wconf 88' lang='lat' dir='ltr'><strong>ad</strong></span> <span class='ocrx_word' id='word_1_153' title='bbox 1181 2333 1231 2396; x_wconf 75' lang='lat' dir='ltr'><strong>uris</strong></span> 
     </span>
     <span class='ocr_line' id='line_1_21' title="bbox 318 2441 1246 2535; baseline 0.002 -31"><span class='ocrx_word' id='word_1_154' title='bbox 318 2453 377 2507; x_wconf 82' lang='lat' dir='ltr'><strong>set</strong></span> <span class='ocrx_word' id='word_1_155' title='bbox 391 2443 496 2530; x_wconf 89' lang='lat' dir='ltr'><strong>posuit</strong></span> <span class='ocrx_word' id='word_1_156' title='bbox 512 2444 555 2509; x_wconf 90' lang='lat' dir='ltr'><strong>ibi</strong></span> <span class='ocrx_word' id='word_1_157' title='bbox 572 2444 742 2512; x_wconf 87' lang='lat' dir='ltr'><strong>homiuem.</strong></span> <span class='ocrx_word' id='word_1_158' title='bbox 761 2449 802 2512; x_wconf 88' lang='lat' dir='ltr'><strong>Et</strong></span> <span class='ocrx_word' id='word_1_159' title='bbox 816 2445 964 2535; x_wconf 83' lang='lat' dir='ltr'><strong>produxit</strong></span> <span class='ocrx_word' id='word_1_160' title='bbox 982 2446 1105 2511; x_wconf 86' lang='lat' dir='ltr'><strong>adhuc</strong></span> <span class='ocrx_word' id='word_1_161' title='bbox 1123 2441 1246 2510; x_wconf 71' lang='lat' dir='ltr'><strong>neustr</strong></span> 
     </span>
     <span class='ocr_line' id='line_1_22' title="bbox 319 2549 1255 2644; baseline 0 -29"><span class='ocrx_word' id='word_1_162' title='bbox 319 2581 332 2614; x_wconf 82' lang='lat' dir='ltr'><strong>s</strong></span> <span class='ocrx_word' id='word_1_163' title='bbox 349 2573 443 2616; x_wconf 89' lang='lat' dir='ltr'><strong>omne</strong></span> <span class='ocrx_word' id='word_1_164' title='bbox 454 2550 575 2642; x_wconf 78' lang='lat' dir='ltr'><strong>lignum</strong></span> <span class='ocrx_word' id='word_1_165' title='bbox 586 2553 756 2644; x_wconf 87' lang='lat' dir='ltr'><strong>pulchrum</strong></span> <span class='ocrx_word' id='word_1_166' title='bbox 768 2558 835 2623; x_wconf 83' lang='lat' dir='ltr'><strong>visu</strong></span> <span class='ocrx_word' id='word_1_167' title='bbox 846 2558 1006 2621; x_wconf 86' lang='lat' dir='ltr'><strong>othonum</strong></span> <span class='ocrx_word' id='word_1_168' title='bbox 1022 2555 1070 2620; x_wconf 88' lang='lat' dir='ltr'><strong>ad</strong></span> <span class='ocrx_word' id='word_1_169' title='bbox 1080 2549 1255 2621; x_wconf 56' lang='lat' dir='ltr'><strong>comedsol&#39;ss‘</strong></span> 
     </span>
     <span class='ocr_line' id='line_1_23' title="bbox 319 2659 1253 2749; baseline -0.002 -23"><span class='ocrx_word' id='word_1_170' title='bbox 319 2661 375 2726; x_wconf 88' lang='lat' dir='ltr'><strong>llis</strong></span> <span class='ocrx_word' id='word_1_171' title='bbox 387 2659 482 2749; x_wconf 82' lang='lat' dir='ltr'><strong>igitur</strong></span> <span class='ocrx_word' id='word_1_172' title='bbox 497 2664 612 2740; x_wconf 82' lang='lat' dir='ltr'><strong>vorbis,</strong></span> <span class='ocrx_word' id='word_1_173' title='bbox 624 2664 732 2729; x_wconf 72' lang='lat' dir='ltr'><strong>astus</strong></span> <span class='ocrx_word' id='word_1_174' title='bbox 745 2666 783 2728; x_wconf 82' lang='lat' dir='ltr'><strong>da</strong></span> <span class='ocrx_word' id='word_1_175' title='bbox 794 2681 882 2729; x_wconf 77' lang='lat' dir='ltr'><strong>tarro</strong></span> <span class='ocrx_word' id='word_1_176' title='bbox 895 2675 928 2728; x_wconf 90' lang='lat' dir='ltr'><strong>et</strong></span> <span class='ocrx_word' id='word_1_177' title='bbox 942 2663 987 2727; x_wconf 81' lang='lat' dir='ltr'><strong>ad</strong></span> <span class='ocrx_word' id='word_1_178' title='bbox 1005 2665 1177 2728; x_wconf 79' lang='lat' dir='ltr'><strong>orientem</strong></span> <span class='ocrx_word' id='word_1_179' title='bbox 1187 2661 1253 2724; x_wconf 53' lang='lat' dir='ltr'><strong>&amp;rua</strong></span> 
     </span>
     <span class='ocr_line' id='line_1_24' title="bbox 319 2763 1260 2860; baseline 0.007 -27"><span class='ocrx_word' id='word_1_180' title='bbox 319 2765 405 2834; x_wconf 89' lang='lat' dir='ltr'><strong>clare</strong></span> <span class='ocrx_word' id='word_1_181' title='bbox 416 2769 519 2836; x_wconf 84' lang='lat' dir='ltr'><strong>divina</strong></span> <span class='ocrx_word' id='word_1_182' title='bbox 530 2771 693 2860; x_wconf 87' lang='lat' dir='ltr'><strong>Scriptura</strong></span> <span class='ocrx_word' id='word_1_183' title='bbox 704 2772 885 2838; x_wconf 85' lang='lat' dir='ltr'><strong>Paradisum</strong></span> <span class='ocrx_word' id='word_1_184' title='bbox 897 2773 957 2836; x_wconf 86' lang='lat' dir='ltr'><strong>sub</strong></span> <span class='ocrx_word' id='word_1_185' title='bbox 967 2771 1033 2836; x_wconf 91' lang='lat' dir='ltr'><strong>hoc</strong></span> <span class='ocrx_word' id='word_1_186' title='bbox 1046 2771 1137 2837; x_wconf 85' lang='lat' dir='ltr'><strong>coelo</strong></span> <span class='ocrx_word' id='word_1_187' title='bbox 1148 2763 1260 2840; x_wconf 58' lang='lat' dir='ltr'><strong>cssslll</strong></span> 
     </span>
     <span class='ocr_line' id='line_1_25' title="bbox 322 2865 1257 2959; baseline 0 -19"><span class='ocrx_word' id='word_1_188' title='bbox 322 2876 426 2943; x_wconf 90' lang='lat' dir='ltr'><strong>oriens</strong></span> <span class='ocrx_word' id='word_1_189' title='bbox 440 2889 473 2943; x_wconf 90' lang='lat' dir='ltr'><strong>at</strong></span> <span class='ocrx_word' id='word_1_190' title='bbox 488 2887 581 2945; x_wconf 81' lang='lat' dir='ltr'><strong>terre.</strong></span> <span class='ocrx_word' id='word_1_191' title='bbox 601 2880 697 2959; x_wconf 89' lang='lat' dir='ltr'><strong>Quod</strong></span> <span class='ocrx_word' id='word_1_192' title='bbox 713 2893 818 2946; x_wconf 92' lang='lat' dir='ltr'><strong>autem</strong></span> <span class='ocrx_word' id='word_1_193' title='bbox 837 2880 990 2948; x_wconf 86' lang='lat' dir='ltr'><strong>Hebraice</strong></span> <span class='ocrx_word' id='word_1_194' title='bbox 1007 2880 1135 2946; x_wconf 87' lang='lat' dir='ltr'><strong>dicitur</strong></span> <span class='ocrx_word' id='word_1_195' title='bbox 1150 2865 1257 2946; x_wconf 58' lang='lat' dir='ltr'><strong>auus:</strong></span> 
     </span>
    </p>
   </div>
   <div class='ocr_carea' id='block_1_2' title="bbox 321 2983 1265 3730">
    <p class='ocr_par' dir='ltr' id='par_1_3' title="bbox 321 2983 1265 3730">
     <span class='ocr_line' id='line_1_26' title="bbox 321 2983 1265 3077; baseline -0.003 -27"><span class='ocrx_word' id='word_1_196' title='bbox 321 2985 521 3074; x_wconf 85' lang='lat' dir='ltr'><strong>terpretcris,.</strong></span> <span class='ocrx_word' id='word_1_197' title='bbox 530 2989 615 3055; x_wconf 89' lang='lat' dir='ltr'><strong>idem</strong></span> <span class='ocrx_word' id='word_1_198' title='bbox 629 3002 676 3054; x_wconf 88' lang='lat' dir='ltr'><strong>est</strong></span> <span class='ocrx_word' id='word_1_199' title='bbox 687 3012 725 3057; x_wconf 90' lang='lat' dir='ltr'><strong>ac</strong></span> <span class='ocrx_word' id='word_1_200' title='bbox 736 2989 865 3056; x_wconf 72' lang='lat' dir='ltr'><strong>delicias.</strong></span> <span class='ocrx_word' id='word_1_201' title='bbox 877 2988 1025 3055; x_wconf 83' lang='lat' dir='ltr'><strong>Fluvium</strong></span> <span class='ocrx_word' id='word_1_202' title='bbox 1041 3011 1174 3077; x_wconf 85' lang='lat' dir='ltr'><strong>quoque</strong></span> <span class='ocrx_word' id='word_1_203' title='bbox 1188 2983 1265 3048; x_wconf 53' lang='lat' dir='ltr'><strong>iulittl</strong></span> 
     </span>
     <span class='ocr_line' id='line_1_27' title="bbox 324 3093 1264 3184; baseline -0.004 -26"><span class='ocrx_word' id='word_1_204' title='bbox 324 3093 425 3160; x_wconf 83' lang='lat' dir='ltr'><strong>Edem</strong></span> <span class='ocrx_word' id='word_1_205' title='bbox 440 3097 528 3170; x_wconf 89' lang='lat' dir='ltr'><strong>oriri,</strong></span> <span class='ocrx_word' id='word_1_206' title='bbox 549 3095 731 3163; x_wconf 86' lang='lat' dir='ltr'><strong>Paradisum</strong></span> <span class='ocrx_word' id='word_1_207' title='bbox 750 3097 878 3173; x_wconf 81' lang='lat' dir='ltr'><strong>siluere,</strong></span> <span class='ocrx_word' id='word_1_208' title='bbox 895 3121 934 3163; x_wconf 93' lang='lat' dir='ltr'><strong>ac</strong></span> <span class='ocrx_word' id='word_1_209' title='bbox 955 3097 1029 3164; x_wconf 88' lang='lat' dir='ltr'><strong>indo</strong></span> <span class='ocrx_word' id='word_1_210' title='bbox 1046 3099 1083 3163; x_wconf 90' lang='lat' dir='ltr'><strong>in</strong></span> <span class='ocrx_word' id='word_1_211' title='bbox 1100 3109 1220 3184; x_wconf 79' lang='lat' dir='ltr'><strong>quatuor</strong></span> <span class='ocrx_word' id='word_1_212' title='bbox 1231 3107 1264 3168; x_wconf 61' lang='lat' dir='ltr'><strong>o}</strong></span> 
     </span>
     <span class='ocr_line' id='line_1_28' title="bbox 324 3191 1263 3293; baseline -0.003 -25"><span class='ocrx_word' id='word_1_213' title='bbox 324 3201 432 3278; x_wconf 85' lang='lat' dir='ltr'><strong>dividi,</strong></span> <span class='ocrx_word' id='word_1_214' title='bbox 448 3226 583 3290; x_wconf 90' lang='lat' dir='ltr'><strong>quorum</strong></span> <span class='ocrx_word' id='word_1_215' title='bbox 601 3202 677 3282; x_wconf 87' lang='lat' dir='ltr'><strong>duo,</strong></span> <span class='ocrx_word' id='word_1_216' title='bbox 690 3205 806 3272; x_wconf 84' lang='lat' dir='ltr'><strong>Phison</strong></span> <span class='ocrx_word' id='word_1_217' title='bbox 822 3219 854 3272; x_wconf 85' lang='lat' dir='ltr'><strong>et</strong></span> <span class='ocrx_word' id='word_1_218' title='bbox 869 3206 958 3274; x_wconf 90' lang='lat' dir='ltr'><strong>Geou</strong></span> <span class='ocrx_word' id='word_1_219' title='bbox 974 3219 1113 3281; x_wconf 86' lang='lat' dir='ltr'><strong>vocata,</strong></span> <span class='ocrx_word' id='word_1_220' title='bbox 1130 3206 1219 3293; x_wconf 77' lang='lat' dir='ltr'><strong>rigant</strong></span> <span class='ocrx_word' id='word_1_221' title='bbox 1234 3191 1263 3256; x_wconf 71' lang='lat' dir='ltr'><strong>o·</strong></span> 
     </span>
     <span class='ocr_line' id='line_1_29' title="bbox 325 3309 1265 3404; baseline -0.001 -30"><span class='ocrx_word' id='word_1_222' title='bbox 325 3309 402 3376; x_wconf 89' lang='lat' dir='ltr'><strong>tales</strong></span> <span class='ocrx_word' id='word_1_223' title='bbox 417 3323 534 3401; x_wconf 87' lang='lat' dir='ltr'><strong>partas,</strong></span> <span class='ocrx_word' id='word_1_224' title='bbox 550 3315 707 3403; x_wconf 85' lang='lat' dir='ltr'><strong>praecipue</strong></span> <span class='ocrx_word' id='word_1_225' title='bbox 720 3314 810 3380; x_wconf 85' lang='lat' dir='ltr'><strong>Goon</strong></span> <span class='ocrx_word' id='word_1_226' title='bbox 825 3315 878 3401; x_wconf 91' lang='lat' dir='ltr'><strong>qui</strong></span> <span class='ocrx_word' id='word_1_227' title='bbox 894 3327 991 3378; x_wconf 88' lang='lat' dir='ltr'><strong>totum</strong></span> <span class='ocrx_word' id='word_1_228' title='bbox 1005 3313 1199 3404; x_wconf 82' lang='lat' dir='ltr'><strong>AEtlsiopiam</strong></span> <span class='ocrx_word' id='word_1_229' title='bbox 1211 3309 1265 3372; x_wconf 60' lang='lat' dir='ltr'><strong>tirel</strong></span> 
     </span>
     <span class='ocr_line' id='line_1_30' title="bbox 326 3409 1265 3512; baseline -0.011 -29"><span class='ocrx_word' id='word_1_230' title='bbox 326 3417 412 3496; x_wconf 86' lang='lat' dir='ltr'><strong>fluit,</strong></span> <span class='ocrx_word' id='word_1_231' title='bbox 441 3435 473 3488; x_wconf 87' lang='lat' dir='ltr'><strong>et</strong></span> <span class='ocrx_word' id='word_1_232' title='bbox 501 3423 533 3489; x_wconf 95' lang='lat' dir='ltr'><strong>in</strong></span> <span class='ocrx_word' id='word_1_233' title='bbox 557 3421 693 3512; x_wconf 81' lang='lat' dir='ltr'><strong>AEgypto</strong></span> <span class='ocrx_word' id='word_1_234' title='bbox 718 3425 776 3488; x_wconf 84' lang='lat' dir='ltr'><strong>suls</strong></span> <span class='ocrx_word' id='word_1_235' title='bbox 804 3421 864 3489; x_wconf 90' lang='lat' dir='ltr'><strong>Nili</strong></span> <span class='ocrx_word' id='word_1_236' title='bbox 889 3423 1017 3488; x_wconf 87' lang='lat' dir='ltr'><strong>nomine</strong></span> <span class='ocrx_word' id='word_1_237' title='bbox 1042 3443 1195 3511; x_wconf 82' lang='lat' dir='ltr'><strong>apparere</strong></span> <span class='ocrx_word' id='word_1_238' title='bbox 1215 3409 1265 3476; x_wconf 79' lang='lat' dir='ltr'><strong>dut</strong></span> 
     </span>
     <span class='ocr_line' id='line_1_31' title="bbox 326 3519 1265 3621; baseline -0.007 -27"><span class='ocrx_word' id='word_1_239' title='bbox 326 3528 450 3617; x_wconf 88' lang='lat' dir='ltr'><strong>lleliqui</strong></span> <span class='ocrx_word' id='word_1_240' title='bbox 465 3543 572 3597; x_wconf 85' lang='lat' dir='ltr'><strong>autem</strong></span> <span class='ocrx_word' id='word_1_241' title='bbox 588 3533 664 3608; x_wconf 89' lang='lat' dir='ltr'><strong>duo,</strong></span> <span class='ocrx_word' id='word_1_242' title='bbox 684 3555 821 3621; x_wconf 90' lang='lat' dir='ltr'><strong>quorum</strong></span> <span class='ocrx_word' id='word_1_243' title='bbox 842 3529 921 3596; x_wconf 86' lang='lat' dir='ltr'><strong>alter</strong></span> <span class='ocrx_word' id='word_1_244' title='bbox 938 3529 1053 3620; x_wconf 82' lang='lat' dir='ltr'><strong>Tigris,</strong></span> <span class='ocrx_word' id='word_1_245' title='bbox 1076 3529 1159 3596; x_wconf 88' lang='lat' dir='ltr'><strong>alter</strong></span> <span class='ocrx_word' id='word_1_246' title='bbox 1174 3519 1265 3610; x_wconf 71' lang='lat' dir='ltr'><strong>Eupho</strong></span> 
     </span>
     <span class='ocr_line' id='line_1_32' title="bbox 328 3629 1265 3730; baseline -0.011 -27"><span class='ocrx_word' id='word_1_247' title='bbox 328 3651 469 3716; x_wconf 83' lang='lat' dir='ltr'><strong>vocatur,</strong></span> <span class='ocrx_word' id='word_1_248' title='bbox 489 3641 580 3707; x_wconf 89' lang='lat' dir='ltr'><strong>nobis</strong></span> <span class='ocrx_word' id='word_1_249' title='bbox 600 3653 688 3707; x_wconf 88' lang='lat' dir='ltr'><strong>certo</strong></span> <span class='ocrx_word' id='word_1_250' title='bbox 714 3640 833 3730; x_wconf 83' lang='lat' dir='ltr'><strong>cogniti</strong></span> <span class='ocrx_word' id='word_1_251' title='bbox 851 3652 937 3713; x_wconf 85' lang='lat' dir='ltr'><strong>sunt;</strong></span> <span class='ocrx_word' id='word_1_252' title='bbox 960 3650 1033 3704; x_wconf 86' lang='lat' dir='ltr'><strong>suut</strong></span> <span class='ocrx_word' id='word_1_253' title='bbox 1055 3638 1143 3703; x_wconf 87' lang='lat' dir='ltr'><strong>enim</strong></span> <span class='ocrx_word' id='word_1_254' title='bbox 1161 3629 1265 3700; x_wconf 66' lang='lat' dir='ltr'><strong>nastusi</strong></span> 
     </span>
    </p>
   </div>
   <div class='ocr_carea' id='block_1_3' title="bbox 328 3742 1265 3947">
    <p class='ocr_par' dir='ltr' id='par_1_4' title="bbox 328 3742 1265 3947">
     <span class='ocr_line' id='line_1_33' title="bbox 329 3742 1262 3839; baseline -0.015 -21"><span class='ocrx_word' id='word_1_255' title='bbox 329 3749 472 3836; x_wconf 65' lang='lat' dir='ltr'><strong>sionibus</strong></span> <span class='ocrx_word' id='word_1_256' title='bbox 493 3752 597 3818; x_wconf 84' lang='lat' dir='ltr'><strong>vicini.</strong></span> <span class='ocrx_word' id='word_1_257' title='bbox 620 3751 701 3817; x_wconf 90' lang='lat' dir='ltr'><strong>Cum</strong></span> <span class='ocrx_word' id='word_1_258' title='bbox 720 3761 826 3816; x_wconf 84' lang='lat' dir='ltr'><strong>autem</strong></span> <span class='ocrx_word' id='word_1_259' title='bbox 847 3749 1001 3839; x_wconf 86' lang='lat' dir='ltr'><strong>posuisset</strong></span> <span class='ocrx_word' id='word_1_260' title='bbox 1015 3748 1101 3814; x_wconf 87' lang='lat' dir='ltr'><strong>Deus</strong></span> <span class='ocrx_word' id='word_1_261' title='bbox 1122 3742 1262 3811; x_wconf 82' lang='lat' dir='ltr'><strong>hominen.</strong></span> 
     </span>
     <span class='ocr_line' id='line_1_34' title="bbox 328 3853 1265 3947; baseline -0.026 -24"><span class='ocrx_word' id='word_1_262' title='bbox 328 3857 541 3945; x_wconf 72' lang='lat' dir='ltr'><strong>prediximus,</strong></span> <span class='ocrx_word' id='word_1_263' title='bbox 557 3860 590 3925; x_wconf 93' lang='lat' dir='ltr'><strong>in</strong></span> <span class='ocrx_word' id='word_1_264' title='bbox 600 3857 747 3925; x_wconf 87' lang='lat' dir='ltr'><strong>Paradiso</strong></span> <span class='ocrx_word' id='word_1_265' title='bbox 764 3871 798 3924; x_wconf 91' lang='lat' dir='ltr'><strong>ut</strong></span> <span class='ocrx_word' id='word_1_266' title='bbox 815 3869 1000 3947; x_wconf 83' lang='lat' dir='ltr'><strong>operaretur</strong></span> <span class='ocrx_word' id='word_1_267' title='bbox 1016 3868 1049 3922; x_wconf 88' lang='lat' dir='ltr'><strong>et</strong></span> <span class='ocrx_word' id='word_1_268' title='bbox 1066 3853 1225 3924; x_wconf 67' lang='lat' dir='ltr'><strong>custodiret</strong></span> <span class='ocrx_word' id='word_1_269' title='bbox 1239 3863 1265 3906; x_wconf 83' lang='lat' dir='ltr'><strong>eu</strong></span> 
     </span>
    </p>
   </div>
   <div class='ocr_carea' id='block_1_4' title="bbox 0 0 1345 4612">
    <p class='ocr_par' dir='ltr' id='par_1_5' title="bbox 0 0 1345 4612">
     <span class='ocr_line' id='line_1_35' title="bbox 0 0 1345 4612; baseline 0 0"><span class='ocrx_word' id='word_1_270' title='bbox 0 0 1345 4612; x_wconf 95' lang='lat' dir='ltr'><strong> </strong></span> 
     </span>
    </p>
   </div>
  </div>
 </body>
</html>
