2616 4620
281 225 360 321 152·
620 249 645 290 s.
672 249 699 290 r.
728 250 758 292 ιι.
787 249 956 292 annornm

275 357 357 422 tium
369 355 455 421 ducit
466 355 630 421 narranda
641 357 821 431 creationis,
834 356 976 421 humana
987 365 1019 420 et
1027 352 1228 442 bumilisaepur·

275 489 329 532 sus
339 467 446 556 jejuna
458 467 527 554 ejus
539 466 687 556 cogitatio
698 479 758 544 est,
771 479 929 556 quantum
941 466 983 530 ad
994 465 1088 532 Deum
1097 464 1190 528 attinet
1199 464 1229 527 do

275 597 330 640 mo
344 576 513 642 enimcum
525 576 558 642 in
572 575 689 644 intimis
702 590 855 652 versetur,
871 579 913 644 ab
931 577 1002 665 ipsu
1016 573 1077 639 soio
1088 573 1186 638 initian
1193 574 1230 636 tat

276 684 465 760 aedisacandi,
489 709 550 752 nec
568 685 728 776 bastigium
749 699 934 778 potestant
957 683 1080 752 culmen
1097 683 1231 754 secentas

275 794 517 860 fundamentum
534 797 683 885 posuerit.
708 796 765 861 Dei
782 809 892 862 autern
911 794 1057 884 potentia
1075 791 1104 856 in
1118 813 1151 855 eo
1163 802 1233 876 specte

275 915 339 978 tur,
360 916 395 968 ut
410 903 549 992 primum
568 905 697 991 quidem
712 927 815 970 resen
829 902 932 969 nihilo
953 911 1053 976 creet,
1069 899 1167 964 deinde
1177 898 1233 960 ado-
1261 875 1263 952 i

274 1012 406 1079 bitrium
425 1037 518 1078 suum
536 1025 632 1080 creet.
651 1014 756 1081 «Nam
774 1037 844 1102 quae
861 1013 952 1104 apud
968 1011 1109 1077 homines
1123 1006 1235 1095 impet

275 1120 356 1197 alia,
374 1121 534 1210 possibilia
552 1135 625 1189 sunt
643 1123 727 1212 apud
745 1121 878 1188 Deum¹.
894 1152 908 1183 ι
924 1121 1127 1210 Quapropter
1140 1115 1234 1202 Prophe

275 1243 409 1296 testatur
426 1233 565 1322 primum
583 1233 725 1299 omnium
743 1235 784 1298 ab
803 1257 841 1299 eo
860 1231 984 1299 caelum
1005 1253 1072 1294 esse
1090 1223 1235 1293 conditun‘u

276 1341 408 1408 modum
427 1343 539 1432 fastigii
558 1367 566 1408 :
588 1343 649 1409 «tn
667 1343 835 1433 principio,
857 1344 978 1430 inquit,
1000 1339 1114 1407 crearit
1129 1336 1194 1400 Deua
1206 1353 1236 1394 oa·

277 1479 291 1512 a
306 1449 386 1523 Ιιιιιι;
401 1478 414 1512 ι
429 1451 514 1540 quod
528 1451 613 1516 idem
627 1463 675 1516 est
688 1474 727 1514 ac
741 1475 798 1540 per
807 1451 1005 1540 principium
1020 1445 1131 1514 coelum
1143 1465 1192 1508 asse
1201 1463 1235 1504 ιιι-

277 1559 391 1635 ditum,
410 1571 446 1623 ut
461 1581 553 1647 supra
570 1559 861 1624 demonstravimus.
884 1557 1023 1623 Terram
1042 1567 1142 1619 autem
1157 1547 1235 1612 rotati.

278 1667 364 1755 quod
385 1664 480 1731 veluti
503 1664 606 1730 solum
626 1678 658 1731 et
679 1665 919 1730 fundamentum
941 1677 1006 1740 est,
1031 1663 1164 1750 abyssum
1179 1666 1233 1718 aute

276 1774 513 1841 multitudinem
525 1797 688 1863 aqararum.
707 1775 866 1842 Tenebras
880 1775 980 1841 etiam
996 1773 1145 1842 nominat,
1156 1790 1185 1830 oo
1195 1763 1235 1850 qud

277 1885 394 1954 coelum
412 1909 430 1950 ιι
445 1885 513 1952 Deo
528 1885 693 1951 conditum
708 1908 803 1973 aquas
821 1908 883 1950 una
898 1907 977 1951 cum
993 1895 1078 1947 terra
1091 1876 1171 1944 veluti
1181 1871 1232 1960 qud

280 1996 354 2061 dam
373 1992 558 2084 operculum
581 1996 740 2084 operiret:
763 1995 906 2085 spiritum
925 2007 1051 2068 autem,
1074 1989 1123 2078 qui
1141 1985 1234 2050 trenta

280 2127 374 2193 super
393 2128 503 2192 aquas,
525 2127 598 2170 eum
614 2102 758 2196 intelligit
771 2127 865 2192 quem
884 2104 973 2170 dedit
988 2104 1076 2170 Deus
1095 2088 1232 2164 ematurat

278 2199 451 2278 viventium
462 2214 708 2302 generationem,
725 2212 811 2278 velut
820 2214 958 2278 animam
970 2210 1106 2285 bomini,
1120 2217 1231 2270 ιιιιιιιιι
1262 2259 1263 2274 ι

278 2323 367 2386 tonui
386 2323 582 2412 conjungens
601 2323 692 2410 (narn
708 2324 833 2413 spiritus
848 2324 951 2389 tenuis
967 2337 1001 2390 et
1016 2343 1095 2410 aqua
1109 2312 1204 2396 unat),
1216 2322 1230 2366 ¹¹

279 2432 405 2522 spiritus
420 2455 548 2520 aquam,
569 2457 649 2522 aqua
669 2446 775 2499 autem
793 2457 867 2500 cum
881 2433 995 2523 spiritu
1010 2430 1112 2498 omnia
1125 2417 1227 2514 persidae
1262 2446 1263 2473 ι

278 2552 456 2608 creaturam
471 2541 601 2605 foveret.
622 2541 731 2607 Unus
723 2542 817 2630 agitur
829 2538 881 2606 ille
895 2542 1025 2630 spiritus
1040 2531 1224 2603 lunisiana·

279 2673 411 2738 cupans,
430 2673 545 2737 aquam
565 2651 646 2715 inter
664 2662 697 2714 et
716 2647 832 2714 coelum
850 2649 972 2715 medius
992 2660 1073 2720 erat,
1097 2655 1126 2707 ut
1139 2631 1263 2749 padttt

280 2759 377 2825 modo
394 2759 562 2849 impediret
579 2782 619 2823 ne
638 2760 776 2825 tenebrae
793 2761 972 2848 proximum
986 2759 1055 2826 Deo
1074 2737 1226 2820 colonatu

279 2880 400 2956 gerent,
420 2878 589 2957 antequam
607 2868 693 2934 Deus
713 2869 851 2944 dixisset,
872 2869 918 2932 F
906 2885 952 2934 ιιι
971 2869 1040 2934 Ius
1064 2859 1167 2930 cotun
1179 2847 1226 2934 ΨΜ

280 2978 378 3042 instar
392 2977 519 3044 fornicis
534 2979 698 3044 materiam
717 2977 783 3044 solo
802 2978 1002 3045 assimilatam
1019 2962 1186 3062 complotleh
1187 2967 1227 3020 ἰω

280 3083 334 3149 Sic
348 3085 433 3150 eninr
449 3085 527 3152 alius
539 3086 710 3177 Propheta,
727 3088 853 3154 nomine
864 3088 970 3164 isaias,
988 3089 1028 3154 de
1042 3081 1116 3152 coeio
1128 3069 1227 3160 loquitur

287 3194 395 3260 «Deus
410 3193 462 3260 ille
477 3209 524 3261 est
539 3221 593 3285 qur
586 3196 686 3263 fecit
705 3196 821 3263 coeium
842 3211 876 3262 ut
894 3197 1047 3264 fornicem
1064 3205 1094 3258 et
1106 3175 1230 3254 &unditus

280 3304 546 3371 »tabernaculum
561 3307 601 3372 ad
621 3306 892 3373 inhabitandum&
908 3305 1070 3394 altaque
1059 3298 1144 3392 jussio
1157 3283 1204 3356 ⁰²¹
1215 3273 1230 3338 'd

279 3426 326 3478 est
340 3416 409 3503 ejus
419 3415 574 3494 Verbum,
592 3416 725 3483 velutin
737 3417 844 3484 clauso
855 3417 995 3484 conclavi
1011 3413 1159 3484 collucens
1170 3405 1228 3460 “tfflffl

279 3535 435 3590 terrorum
446 3527 556 3592 orbem
566 3526 768 3600 illuminavit;
783 3551 858 3594 cum
864 3527 969 3596 lucem
977 3495 1230 3617 separastmanudt

277 3631 418 3698 iecisset:
435 3657 472 3700 ac
484 3635 588 3702 lucem
599 3636 727 3723 quidem
737 3637 823 3702 Deus
835 3639 956 3704 vocavit
967 3637 1060 3711 diem,
1069 3625 1226 3696 tenobtatvero

279 3751 414 3805 noctem.
438 3743 545 3830 Neque
565 3745 649 3811 enim
669 3746 819 3923 pptuisset
839 3746 935 3810 homo
952 3768 1060 3812 vocare
1076 3737 1144 3804 dien
1156 3724 1228 3790 tuen·

311 3867 418 3917 ¹Luc.r
405 3887 463 3917 ιι
538 3873 666 3924 -ςιῂῖΕ
