2688 4626
256 237 317 304 1⁵6
614 255 751 302 sanctus
772 255 917 300 sosarnus

250 387 361 464 quem
379 363 517 464 optime
532 361 705 432 meritum
722 358 770 431 ab
788 359 948 431 Ecclesia
965 361 1172 430 lustinum
1195 319 1342 476 landa-l¹

246 473 356 544 uerit.
377 471 435 542 Sic
451 467 623 542 Tatianus
642 465 721 561 ejus
738 463 938 562 discipulus
955 487 1041 534 cum
1059 477 1194 536 vocat
1214 490 1236 528 ι
1250 485 1311 532 ons

255 607 272 642 s
285 579 387 648 nium
415 571 655 646 admiratione
681 569 976 668 dignissimum.»
1000 565 1143 666 (Apud
1183 566 1311 640 Eusrb

254 681 345 750 Hist.
360 678 422 751 lib.
436 701 484 766 w,
498 702 529 750 c.
550 677 627 774 16.)
640 679 698 749 Sic
710 676 953 748 Tertullianus
967 675 1028 772 (in
1042 675 1111 747 lib.
1127 674 1312 746 adversus

256 784 490 858 Valentinum
502 808 533 856 c.
550 784 612 881 6),
624 781 775 856 laudans
785 787 899 868 viros,
909 797 944 852 et
955 787 1158 854 sustentare
1173 797 1312 878 etpree

255 897 386 964 stantia
401 897 571 988 insignes,
592 893 656 988 qui
677 905 761 961 autc
775 893 895 988 ipsum
913 887 1089 961 adversus
1109 889 1313 960 haereticoe

258 999 499 1086 decertarent,
514 1003 632 1097 primo
649 999 733 1070 loco
752 1013 915 1071 recenset
930 1001 1122 1072 lustinum
1138 995 1312 1098 philoso

260 1107 376 1204 phum
401 1121 439 1177 et
463 1121 668 1203 martyrem.
695 1107 755 1178 Sic
775 1105 926 1178 Photius
946 1104 1005 1202 (in
1025 1105 1311 1196 Bibliotheca:

260 1217 368 1301 stt,
390 1216 526 1310 inquit,
547 1215 606 1284 vir
629 1213 690 1285 ille
712 1210 758 1284 ad
778 1211 1018 1311 philosophiae
1040 1227 1128 1284 tum
1152 1229 1308 1284 nostra.

259 1353 277 1388 n
291 1335 370 1392 tum
392 1325 618 1418 potissimum
645 1319 804 1420 profane
825 1343 1009 1396 summum
1034 1335 1192 1394 evectus
1216 1319 1305 1391 fasti

261 1430 408 1525 agium,
424 1426 708 1526 multiplicisque
720 1427 932 1501 eruditionis
943 1443 980 1500 et
990 1429 1239 1500 historiarum
1251 1453 1304 1498 co·

262 1537 352 1634 »pia
371 1533 647 1608 circumfluens:
673 1534 737 1607 sed
756 1535 940 1608 rhetorico
963 1534 1126 1610 artificio
1144 1539 1299 1606 nativam

264 1675 280 1708 s
293 1640 533 1740 philosophia
562 1665 635 1714 suae
661 1641 969 1740 pulchritudinem
1002 1641 1166 1712 colorare
1194 1638 1297 1710 haud

263 1779 281 1812 s
296 1744 415 1818 studio
437 1744 576 1816 habuit.
599 1750 726 1818 Oratio
752 1748 834 1843 ejus
852 1746 993 1845 pollens
1015 1745 1152 1843 alioqui
1169 1767 1210 1816 ac
1230 1765 1287 1813 ra-

265 1881 283 1917 »
297 1849 385 1940 lida,
400 1850 712 1949 scientificumque
726 1876 870 1924 servans
883 1852 1032 1949 stylum,
1048 1851 1113 1922 illa
1128 1849 1290 1921 rhetoiica
1340 1908 1341 1917 ,

267 1987 285 2022 s
299 1953 529 2030 condimenta
554 1982 630 2030 non
652 1962 779 2057 spirat,
804 1981 872 2030 nec
894 1957 1078 2030 illecebris
1105 1971 1145 2027 et
1168 1952 1293 2026 blandi·

269 2093 286 2128 s
301 2067 434 2134 mentis
453 2064 583 2162 vulgus
601 2066 807 2136 auditorum
821 2063 979 2138 attrahit.
995 2093 1013 2129 s
1339 2100 1341 2137 l

317 2176 394 2246 Nec
410 2174 530 2244 minor
545 2175 583 2244 in
597 2173 677 2268 ejus
689 2171 860 2245 laudibus
873 2171 1049 2244 Eusebius
1065 2197 1074 2240 t
1090 2169 1290 2242 «tustinus.

269 2309 287 2345 s
300 2282 367 2365 alt,
382 2276 591 2378 philosophi
606 2279 752 2367 habitu,
763 2294 843 2350 tum
859 2277 1013 2350 verbum
1026 2280 1089 2349 Dei
1103 2274 1288 2374 praediceu
1337 2278 1341 2421 1

272 2413 289 2448 »
304 2381 367 2468 do,
387 2396 466 2453 tum
480 2388 623 2482 scriptis
636 2409 703 2482 pro
717 2383 789 2456 fide
806 2387 938 2456 acriter
952 2377 1214 2468 oonoertando,
1233 2398 1290 2447 ma·

273 2511 373 2584 »gna
397 2485 498 2560 famae
519 2489 726 2562 celebritate
743 2491 890 2577 enituit,
913 2495 992 2588 qui,
1012 2489 1176 2560 omnium
1194 2481 1291 2555 admi·
1337 2476 1341 2597 l

273 2623 289 2658 a
303 2599 442 2666 ratione
455 2599 665 2696 comprimis
676 2599 845 2686 eximius,
857 2596 972 2668 multa
987 2619 1074 2668 sane
1088 2609 1125 2666 ct
1134 2591 1288 2692 praeclara

275 2703 362 2774 »sui
385 2705 522 2799 ingenii
539 2727 721 2775 sacrarum
741 2703 943 2774 litterarum
968 2704 1173 2800 cognitione
1193 2717 1288 2768 accu-
1339 2682 1341 2753 l

274 2835 292 2871 s
306 2821 382 2878 rate
397 2807 599 2896 informati,
622 2823 658 2878 et
676 2811 714 2879 in
732 2807 860 2880 iisdem
879 2806 1072 2904 diligenter
1088 2803 1194 2878 valde
1207 2819 1290 2873 exer·

277 2939 294 2974 »
306 2915 405 2983 citati
417 2927 652 2986 monumenta
663 2913 769 2986 nobis
784 2914 948 3009 reliquit,
962 2935 1078 3010 eaque
1091 2927 1192 2984 certe
1203 2909 1290 3008 plena

278 3044 295 3078 s
308 3015 473 3088 utilitatis
502 3035 540 3090 et
568 3019 750 3092 commodi
779 3021 957 3119 cujusque
984 3023 1174 3117 generis.»
1199 3017 1295 3114 (nist.
1340 3084 1341 3111 ,

281 3118 413 3190 Eccles.
430 3119 493 3193 lib.
512 3148 604 3210 1v‚c.
629 3147 666 3194 ιι
685 3125 816 3220 et16.)

327 3229 363 3298 S.
381 3251 468 3299 vero
482 3232 724 3326 Hieronymus
739 3259 747 3302 ε
765 3235 958 3304 «lustinus
971 3230 1235 3330 philosophus,
1250 3226 1298 3295 ba·

282 3330 393 3405 »bitu
409 3357 558 3432 quoque
575 3334 878 3435 philosophorum
893 3336 1079 3422 incedens,
1097 3334 1145 3405 de
1161 3329 1297 3432 Neapoli

282 3467 301 3502 s
314 3437 407 3510 urhe
420 3438 618 3528 Palestinae,
635 3457 736 3539 patre
748 3445 869 3514 Prisco
882 3440 1047 3527 Bacchio,
1060 3464 1130 3538 pro
1141 3439 1299 3536 religione

285 3541 449 3616 »Christi
472 3547 672 3643 plurimum
691 3545 885 3632 laboravit,
905 3550 943 3618 in
962 3559 1106 3618 tantum
1129 3557 1176 3615 ut
1198 3548 1299 3616 Anto

286 3652 402 3721 »nino
427 3653 492 3722 Pio
514 3669 552 3725 et
573 3653 657 3726 tiliis
680 3655 774 3750 ejus,
800 3669 836 3725 et
860 3656 1005 3728 Senatui
1028 3652 1166 3724 librum
1192 3663 1300 3724 conus

286 3759 450 3828 »Gentes
463 3763 638 3859 scriptum
649 3761 768 3852 daret,
779 3763 1089 3860 ignominiamque
1106 3764 1228 3832 crucis
1242 3777 1300 3830 nou

289 3861 561 3956 inerubeeceret,
577 3883 672 3941 etc.»
691 3869 902 3966 (descript.
924 3865 1078 3959 Eccles.)
