2640 4622
258 300 406 344 nrsronus
429 299 490 342 cun
514 297 676 342 rnrrnonn
697 295 811 340 senno.
980 272 1044 349 Ass

22 407 156 482 seirent,
169 406 238 474 haee
249 407 361 473 dixisse
373 407 405 472 in
416 405 649 473 commentariis
663 415 830 471 narratur:
848 399 939 467 «Nisi
949 399 1047 465 abun—

8 509 35 574 ‘s
51 515 175 582 daverit
188 517 314 606 justitia·
324 527 426 580 restra
436 513 507 603 plus
520 535 614 600 quam
626 511 809 579 Scribarum
826 521 858 576 et
874 507 1047 576 Pharisaeo-

22 649 36 684 s
51 647 141 698 rum,
155 647 220 688 non
235 623 391 688 intrabitis
404 623 438 687 in
453 643 586 708 regnum
601 619 752 686 ooelorum
761 618 811 684 ’.ι

72 725 156 792 cvl.
176 728 272 804 Quod
286 739 392 792 sutem
406 726 524 792 sciebat
537 724 663 790 Patrem
679 745 770 790 suum
784 724 842 790 sibi
858 721 963 788 omnia
978 743 1049 810 pre-

25 835 115 898 canti
136 835 337 910 traditurum,
362 856 457 921 saque
478 835 517 898 ab
538 855 577 898 eo
595 855 634 897 ex
652 833 783 898 mortuis
802 833 972 898 excitatum
991 829 1045 905 iris

25 940 180 1025 quodque
196 963 304 1006 omnes
319 940 421 1006 Deum
435 939 580 1003 timentes
596 939 739 1004 hortatus
754 950 800 1004 est
815 951 852 1003 ut
864 938 968 1004 Deum
983 935 1049 1001 lau·

27 1047 121 1122 dent,
137 1049 210 1135 quis
225 1049 319 1114 etism
334 1071 391 1136 per
404 1046 466 1113 hoc
479 1047 665 1134 mysterium
679 1046 774 1136 hujus
789 1046 928 1114 crucifixi
942 1045 1050 1111 misen

29 1165 80 1218 tus
100 1165 147 1218 ost
167 1155 268 1220 omnis
287 1155 485 1222 credentium
502 1153 668 1218 hominum
687 1155 825 1243 generisr
849 1153 996 1242 quodque
1015 1153 1049 1218 in

27 1263 136 1326 medio
160 1263 293 1329 iratrum
314 1287 443 1330 suornm
466 1263 689 1352 Apostolorum
711 1265 796 1330 stetit
824 1263 897 1352 (qui
922 1263 1051 1352 quidem

27 1380 198 1456 postquam
217 1372 384 1438 resurrexit
403 1373 583 1448 amortuis,
602 1372 708 1460 eisque
727 1372 895 1461 persuasit,
914 1371 948 1437 id
965 1371 1054 1458 quou

26 1478 127 1542 otiam
149 1490 222 1544 ente
243 1482 420 1568 passionem
440 1480 500 1546 illis
526 1481 658 1557 dixerat,
683 1482 858 1568 oportuisse
884 1480 953 1546 haee
977 1501 1052 1544 eum

28 1586 108 1670 pati,
133 1609 233 1674 eaque
254 1609 272 1652 a
294 1588 458 1676 Prophetis
478 1588 572 1654 fuisse
591 1591 811 1676 praenuntiata,
835 1588 1053 1676 poenitentism

29 1707 177 1781 egerunt,
203 1695 289 1782 quod
311 1699 350 1761 ah
377 1719 416 1762 eo
441 1696 627 1761 deiecissent
648 1681 721 1762 euin
741 1697 998 1786 crucifigeretur)
1022 1705 1055 1760 ot

30 1822 106 1865 cum
126 1825 188 1866 una
208 1805 345 1878 cumeis
364 1817 552 1880 versaretur,
571 1803 676 1869 Deum
695 1803 844 1879 laudarit,
866 1804 950 1869 utin
970 1825 1055 1868 eom·

30 1910 193 1974 montariis
219 1910 443 1998 Apostolorum
468 1911 662 1979 declaratum
687 1921 747 1987 est;
777 1912 846 1978 haeo
870 1933 908 1976 ex
932 1909 1056 1999 reliquo

32 2013 155 2102 psalmo
173 2019 336 2084 manifesta
356 2018 447 2084 fiunt.
470 2017 524 2086 Sio
542 2032 648 2086 autem
666 2019 783 2085 habet:
806 2019 971 2086 «Narrabo
994 2041 1055 2083 no-

33 2151 46 2183 »
61 2147 136 2190 mon
154 2137 244 2190 tuum
261 2127 410 2191 fratribus
426 2128 526 2194 meis:
544 2128 577 2192 in
590 2127 695 2193 medio
708 2125 847 2192 eeelesiae
859 2125 995 2192 laudabo
1009 2136 1051 2190 te.

33 2232 126 2308 »Qui
148 2233 264 2298 timetis
283 2233 466 2309 Dominum,
487 2233 613 2302 landate
633 2257 724 2308 eum:
748 2235 928 2304 universum
948 2255 1054 2298 semen

33 2368 46 2398 a
61 2341 160 2406 Jacob
172 2341 345 2430 glorificate
356 2365 440 2408 eum.
457 2343 597 2408 Metuant
609 2367 683 2408 eum
694 2367 788 2410 omne
799 2367 906 2410 semen
917 2341 1024 2410 Israel.
1034 2369 1054 2406 ιΔ

34 2443 132 2520 Quod
142 2457 247 2510 autom
260 2469 358 2510 unum
369 2469 408 2510 ex
420 2446 574 2535 Apostoiis
586 2459 707 2514 mutato
719 2449 846 2514 nomine
858 2447 991 2514 Petrum
997 2467 1055 2536 ap-

35 2549 166 2637 peliussa
182 2551 308 2629 dieitur,
323 2563 418 2640 atque
434 2556 465 2620 in
483 2553 671 2642 Apostoiiois
683 2557 916 2624 commentariis
932 2556 965 2621 id
976 2579 1057 2644 qno„

35 2683 96 2746 qna
115 2661 264 2734 referturr
285 2662 434 2750 riuodque
451 2677 604 2750 praeterea
620 2664 699 2728 duos
718 2663 795 2730 aiios
809 2665 933 2739 iratres,
953 2662 1058 2729 Zebe-

34 2769 92 2834 daei
111 2769 203 2845 iiiios,
224 2771 415 2859 Boanerges,
436 2771 546 2848 idest,
565 2771 695 2837 tonitrui
714 2769 796 2836 iiiios
811 2771 1055 2858 eognominavit‚

34 2877 67 2941 id
88 2891 272 2965 argumento
292 2891 360 2943 erat
378 2881 482 2966 ipsum
497 2877 586 2944 iilum
601 2901 669 2944 esse
691 2901 787 2967 aquo
803 2877 941 2943 Jacohus
957 2879 1059 2944 Israe-

35 2983 86 3058 tis,
102 2986 199 3049 Auses
213 2986 289 3051 Jesu
303 2987 432 3052 nomine
445 2987 684 3075 cognominatus
699 2998 759 3060 est,
774 3007 832 3073 per
845 2985 931 3073 quod
942 3007 1057 3053 nomen

38 3093 132 3156 otiam
147 3094 179 3156 in
194 3105 309 3190 terram
323 3095 511 3160 Patriurohis
524 3095 709 3183 promissam
725 3094 925 3160 introductus
940 3109 988 3160 est
1003 3117 1058 3183 po·

38 3194 131 3285 pulus
146 3181 184 3260 eir
200 3196 248 3262 his
269 3200 322 3285 qui
343 3223 381 3265 ex
396 3199 532 3290 AEgypto
545 3200 678 3288 proiecti
691 3210 776 3275 sunt,
794 3213 959 3288 superstas.
977 3202 1059 3264 Eum

37 3315 144 3370 autem
159 3317 308 3392 tauquam
324 3319 443 3373 astrum
458 3332 496 3374 ex
511 3331 625 3397 genere
640 3307 774 3374 Abrahae
788 3309 944 3374 oriturum
958 3307 1061 3374 Moses

37 3412 86 3476 his
107 3413 210 3476 verbis
230 3411 420 3480 declaravit:
438 3417 590 3482 «Orietur
604 3415 692 3482 stella
712 3441 750 3483 ex
768 3415 867 3484 Jacob
887 3429 920 3482 et
938 3417 1003 3482 dux
1021 3439 1060 3482 ex

38 3520 159 3586 »lsrael
170 3520 192 3584 ².
211 3549 223 3583 s
244 3523 284 3588 Et
304 3521 363 3588 ulia
385 3523 568 3612 Scriptura:
592 3525 700 3591 «ane
721 3525 783 3598 vir3
809 3524 922 3590 Oriens
943 3545 1059 3590 nomen

39 3630 193 3717 »ojus⁸.»
214 3631 296 3698 Cum
319 3634 414 3722 igitur
434 3647 541 3700 exorta
565 3646 647 3700 esset
669 3634 702 3699 in
724 3631 818 3711 ooelo,
842 3634 946 3700 statim
965 3645 1059 3720 atquo

39 3751 204 3816 natusest,
221 3740 322 3818 stalla,
339 3742 608 3829 quemadmodum
624 3743 776 3832 seriptum
792 3757 839 3812 est
852 3745 886 3812 in
901 3763 1062 3812 commen«

73 3871 81 3906 ¹
92 3871 181 3924 Matre.
193 3889 218 3937 v,
230 3891 267 3926 ao.
280 3903 311 3915 -
323 3875 333 3910 ²
344 3873 419 3926 Num.
433 3893 500 3942 ων,
516 3894 554 3943 ¹7·
566 3906 597 3918 -
608 3877 618 3912 ⁸
629 3873 706 3930 Zarin.
718 3893 751 3940 rr,
764 3893 800 3926 ια.
