2492 4632
331 373 452 417 cerras
476 373 624 418 uersas.
924 348 987 434 ‘lor

12 483 88 549 aluit
99 503 193 572 super
204 481 304 570 justos
318 492 350 546 et
365 479 511 568 injustos,
526 479 681 568 judicabit
694 503 749 546 eus
765 481 832 572 qui,
847 505 887 548 ex
899 505 990 572 equo

12 592 188 683 lignitatem
202 589 271 678 ejus
283 589 505 678 percipientes,
521 612 586 656 non
600 588 742 656 similiter
756 592 932 660 seeundum
946 594 992 660 di·

12 703 144 768 ttionem
159 699 385 766 munerationis
406 699 474 788 ejus
492 700 667 766 conversati
682 713 768 777 sunt,
788 701 846 768 aed
863 703 897 770 in
911 702 992 770 deli-

12 841 15 874 t
37 821 72 878 et
90 809 222 878 luxuriis
242 809 356 876 versati
377 818 451 874 sunt
470 807 618 874 adversus
637 809 888 878 benevolentiam
908 814 991 903 ejus,

12 945 70 989 auc
91 933 125 987 et
150 917 404 1009 blasphemantes
423 939 498 985 eum
519 915 573 1005 qui
595 928 681 984 unta
702 919 856 989 beneficia
882 922 916 988 iu
937 945 993 990 eoa

12 1031 83 1098 erit.

12 1143 135 1222 Quibus
152 1140 326 1234 religiosior
341 1139 430 1210 Plato
446 1141 634 1220 ostenditur,
653 1145 708 1232 qni
725 1145 873 1211 eumdem
889 1145 994 1213 Deum

12 1253 136 1340 justum
156 1265 189 1318 et
207 1254 326 1320 bonum
347 1253 506 1322 confessus
532 1265 591 1329 est,
611 1254 783 1321 habentem
806 1267 994 1345 potestatem

12 1363 122 1440 nium,
139 1361 242 1453 ipsum
256 1363 423 1430 facientem
438 1362 606 1453 judicium,
623 1362 669 1429 sic
680 1361 813 1430 dicens:
831 1363 895 1429 «Et
908 1364 993 1431 Deus

12 1471 135 1547 uidem,
158 1471 426 1559 quemadmodum
442 1483 476 1536 et
494 1483 581 1536 vetus
599 1491 704 1538 sermo
718 1483 778 1546 eat,
802 1471 940 1548 initium,
962 1481 996 1538 et

12 1603 102 1654 nem,
118 1590 150 1646 et
165 1580 348 1646 medietates
359 1579 502 1646 omnium
513 1602 584 1668 quae
595 1591 670 1646 sunt
680 1579 813 1656 babens,
829 1592 916 1648 recte
927 1603 996 1670 per·

12 1691 70 1765 cit,
83 1690 261 1756 secundum
273 1701 417 1755 naturam
429 1688 640 1754 circumiens:
655 1689 743 1755 huuc
754 1700 861 1754 autem
871 1711 996 1778 semper

12 1799 197 1887 obsequitur
211 1799 328 1886 justitia
344 1796 439 1864 ultrix
459 1797 491 1864 in
514 1820 568 1864 ees
582 1799 644 1889 *qui
660 1796 814 1865 deficiunt
828 1822 847 1864 a
862 1796 931 1888 lege
946 1799 996 1866 di-

12 1913 72 1974 ina.
89 1936 101 1970 s
115 1911 156 1975 Et
166 1910 282 1974 iterum
296 1907 449 1973 lactarem
458 1918 491 1972 et
505 1905 728 1974 fabricatorem
739 1906 835 1995 hujus
847 1908 996 1974 universi-

12 2019 35 2082 is
54 2018 176 2081 bonum
191 2015 338 2082 ostendit.
358 2015 471 2080 «Bono
486 2027 604 2091 antem,
623 2016 737 2104 inquit,
754 2013 839 2082 nulla
854 2039 995 2105 unquam

12 2151 30 2192 e
48 2147 209 2216 quoquam
224 2125 364 2191 nascitur
378 2123 514 2190 invidia:
530 2124 621 2190 »boe
634 2124 760 2191 initium
770 2136 804 2190 et
814 2147 942 2192 causam
952 2126 998 2192 la·

12 2237 147 2304 cationis
158 2235 270 2303 mundi
283 2235 477 2302 constituens
488 2235 662 2300 bonitatem
673 2235 747 2310 Dei;
767 2235 822 2301 sed
832 2257 897 2308 non
909 2236 1009 2326 igno.

13 2347 111 2422 itiam,
131 2367 192 2412 nec
211 2341 346 2409 AEenem
364 2343 417 2430 qui
436 2341 562 2416 erravit,
582 2363 643 2408 nec
660 2339 740 2408 labia
757 2341 910 2421 fructum,
933 2369 995 2414 nec

13 2473 95 2522 trem
119 2454 297 2543 plorantem
320 2465 351 2519 et
372 2452 610 2528 lamentantem,
637 2473 697 2520 nec
718 2449 854 2522 alterum
874 2454 993 2532 Deum,

25 2565 163 2630 Patrem.

13 2673 98 2738 luste
117 2684 224 2738 antem
242 2695 296 2737 eoa
314 2669 413 2737 Mater
430 2670 569 2763 planget,
591 2670 701 2739 talium
719 2674 945 2762 excogitatores
960 2688 994 2741 et

14 2794 204 2849 nventores:
224 2781 316 2872 digna
331 2781 419 2848 enim
434 2783 638 2848 commentati
650 2793 683 2846 et
700 2783 899 2849 commentiti
919 2797 993 2852 sunt

14 2893 113 2982 capita
133 2915 200 2966 sua,
220 2892 370 2978 quoniam
388 2888 489 2956 lllater
503 2889 643 2979 ipsorum
658 2901 744 2954 extra
761 2888 992 2960 Plenitudinem

14 3049 21 3074 ‚
38 3000 73 3063 id
87 3010 147 3072 est,
160 3011 247 3063 extra
259 2998 317 3062 Dei
329 2997 534 3084 agnitionem,
546 3009 579 3062 et
590 2994 734 3063 collectio
746 3021 858 3066 eorum
868 3002 992 3069 abortio

14 3121 45 3172 ta
57 3117 118 3180 cat,
133 3105 275 3171 informis
286 3119 319 3171 et
330 3107 397 3171 aine
408 3106 511 3195 apecie
524 3129 531 3170 :
551 3105 630 3172 nibil
644 3107 728 3172 enim
741 3109 781 3175 de
794 3112 923 3178 veritate
934 3137 991 3204 ap-

14 3214 147 3288 =bendit3
168 3214 200 3280 in
216 3237 353 3282 vacuum
367 3227 400 3280 et
417 3216 449 3282 in
468 3215 614 3282 umbram
633 3217 750 3284 decidit
757 3244 766 3292 ;
789 3243 886 3287 vacua
905 3225 990 3289 enim

15 3327 106 3394 :trina
118 3326 259 3416 ipsorum
275 3339 307 3391 et
322 3327 536 3393 intenebrata:
556 3340 587 3394 et
598 3327 701 3395 Herus
715 3353 786 3396 enm
796 3355 861 3398 non
871 3335 990 3422 permi-

15 3438 144 3504 introire
155 3437 187 3502 in
198 3435 358 3509 Pleroma;
376 3438 535 3504 nonenim
548 3440 667 3528 recepit
681 3463 735 3506 eos
747 3439 881 3530 Spiritus
894 3444 925 3510 in
937 3469 989 3511 re-

15 3547 134 3628 prium.
153 3545 246 3612 Pater
261 3547 346 3614 enim
357 3547 496 3636 ipsorum
507 3547 714 3638 ignorantiam
726 3573 891 3640 generans,
906 3577 989 3620 mor-

15 3655 174 3748 passiones
189 3656 221 3721 in
238 3657 282 3723 eis
298 3668 446 3746 operatus
461 3669 518 3724 est.
536 3657 612 3724 llaec
626 3681 691 3724 non
706 3682 763 3725 nos
776 3657 984 3740 diffamamus,

24 3765 83 3853 ipsi
91 3765 356 3856 confirmant,ipsi
364 3767 492 3843 decent,
500 3762 711 3856 glorianturin
719 3768 912 3860 ipsis,altum
919 3797 990 3839 een·

16 3885 47 3940 nt
58 3873 97 3938 de
108 3873 219 3952 blatra,
229 3875 493 3964 quamsinepatre
503 3874 909 3967 dicuntgenitam,bocest‚
920 3883 986 3948 sinu

16 4009 42 4060 ³,
58 3983 205 4054 laurinum
217 4009 234 4052 a
246 3985 374 4063 lumino,
387 3985 473 4076 quod
482 3997 530 4054 est
541 4009 580 4056 ex
590 3987 725 4056 errantia
737 3989 957 4081 corruptelam.

48 4117 81 4160 ιι.
773 4100 812 4166 nb
