2516 4636
336 353 460 406 eornm
482 357 633 406 unumne·
935 339 994 404 521

14 469 49 536 lo
61 469 113 538 his
123 468 178 559 qui
189 465 392 556 adoptionem
403 477 626 558 perceperunt,
638 465 716 564 dicit
730 489 738 532 ε
751 465 792 534 Hi
805 475 914 534 autem
925 479 1000 536 sunt

14 577 122 646 :losim
142 579 219 646 Haec
229 577 316 643 enim
326 587 374 644 ott
384 597 542 666 synogoga
553 575 625 653 Dei,
640 597 737 666 quum
751 576 850 654 Deus,
866 575 1001 656 honest,

13 688 69 753 ius
90 687 158 776 ipen
176 685 453 774 persemetipsum
467 681 602 774 collegit.
624 685 672 752 Do
687 709 752 776 quo
767 686 883 754 iterum
899 684 999 756 dicit:

13 811 86 864 'eus
96 797 238 864 Deorum
248 794 403 863 Dominus
420 792 544 862 looutue
559 806 620 872 eet,
631 805 664 862 ot
681 797 804 863 vocavit
820 797 996 865 terrum¹.t

13 911 51 976 ris
69 908 180 976 Deus?
198 908 238 974 de
256 931 320 996 quo
339 905 440 972 dixit:
464 905 575 972 «Deus
595 903 760 972 manifesto
777 907 896 984 veniet,
917 907 1004 974 Deus

16 1029 121 1094 oster,
141 1029 174 1084 et
191 1039 256 1085 non
275 1011 400 1082 silebit¹
414 1037 423 1080 ε
437 1041 450 1078 r
469 1013 533 1082 hou
550 1021 610 1090 est,
630 1011 741 1090 Filius,
757 1015 812 1104 qui
827 1016 1005 1084 secuudum

13 1128 259 1196 ruifestutionem
270 1125 452 1193 hominihus
466 1122 605 1201 advenit,
621 1124 677 1213 qui
693 1123 790 1191 dioit:
808 1124 940 1192 «Palam
952 1149 1007 1217 up·

16 1240 90 1306 nrui
108 1238 159 1305 hie
174 1237 228 1326 qui
246 1259 299 1305 me
317 1259 382 1302 nou
402 1231 583 1324 quaeruut⁸.
604 1261 618 1296 r
637 1232 785 1312 Quorum
797 1245 906 1302 autom
919 1237 1005 1304 Deo*

13 1349 68 1416 mi’
88 1351 206 1438 quibus
227 1348 326 1416 dioit:
350 1347 441 1436 «Ego
462 1344 539 1420 dixi,
559 1343 610 1411 Dii
627 1344 716 1422 estin,
735 1355 768 1410 ot
781 1341 838 1410 iiiii
854 1343 1006 1414 Altissimi

13 1482 113 1528 mnes
123 1458 153 1526 *ε
169 1459 243 1526 »hie
255 1456 375 1526 scilieet
386 1456 439 1545 qui
450 1453 628 1544 adoptionis
645 1453 779 1544 grotium
796 1452 903 1544 adepti
920 1468 1005 1534 euntt

12 1593 32 1634 r
46 1591 144 1657 quum
159 1567 378 1636 «olumnmust
398 1564 490 1633 Atha
504 1561 629 1630 Pater&
644 1589 658 1625 r

12 1677 122 1745 Nemo
133 1675 229 1766 igitur
246 1673 339 1752 alius,
355 1669 626 1763 quomadmodum
640 1669 783 1760 predixi,
800 1669 887 1739 Deuo
901 1672 1008 1742 nomia

12 1800 83 1867 tur,
102 1799 159 1854 nut
173 1787 328 1854 Dominus
343 1781 533 1874 appellatur,
552 1782 612 1850 nini
630 1781 686 1872 qui
703 1792 752 1848 est
765 1781 910 1852 omnium
923 1783 1010 1851 Deus

25 1899 197 1974 Dominut,
217 1896 272 1987 qui
290 1903 323 1962 ot
339 1893 441 1984 Moysi
459 1891 558 1960 dixit:
582 1893 675 1982 ‹Ego
693 1915 778 1969 num,
797 1895 851 1982 qui
868 1917 950 1964 rum.
968 1895 1010 1961 Et

12 2009 50 2075 io
65 2007 152 2074 dices
165 2004 237 2072 filiis
251 2002 370 2073 Ismelt
390 2002 454 2084 Qut
470 2014 517 2070 eet
531 2003 618 2070 misit
629 2025 682 2069 me
692 2001 733 2069 ud
748 2001 825 2070 vos⁰
841 2025 850 2069 t
870 2015 931 2072 »et
949 2005 1008 2080 hu*

12 2141 26 2182 s
48 2115 148 2182 Filius
167 2114 262 2182 Jesut
282 2115 428 2182 Christus
447 2113 602 2180 Dominus
623 2115 745 2188 noster,
768 2113 823 2202 qui
846 2112 928 2180 iiiios
948 2115 1009 2182 Dei

11 2227 51 2294 rit
65 2225 231 2292 erodentes
246 2225 280 2292 in
298 2245 417 2292 nomen
435 2244 539 2290 suum.
561 2223 603 2288 Et
618 2223 745 2298 iterum,
764 2219 914 2314 loquente
927 2223 1009 2292 Filio

11 2393 14 2404 .
33 2337 187 2427 Moysen:
209 2333 531 2438 «Deruendipinquit,
543 2333 666 2422 eripere
681 2329 837 2421 populum
851 2332 940 2402 huno
948 2333 969 2403 ⁷.
984 2365 999 2400 ι

11 2469 47 2512 so
71 2455 120 2511 est
142 2444 229 2512 enim
246 2445 301 2534 qui
320 2443 495 2519 deseendit,
514 2453 548 2508 et
565 2441 706 2508 ascendit
727 2453 857 2532 proptor
870 2443 1007 2515 sulutem

11 2555 155 2624 »minum
176 2554 237 2622 Per
250 2551 366 2620 Filium
380 2551 498 2640 itaque,
513 2550 567 2640 qui
581 2562 631 2616 est
644 2550 679 2618 in
693 2549 798 2628 Putre,
813 2563 846 2618 et
860 2551 957 2622 habet
971 2557 1005 2624 in

17 2665 158 2743 Putrem,
174 2665 201 2730 ir
215 2664 269 2754 qui
285 2673 333 2730 est
349 2661 565 2730 manifestetur
575 2672 624 2728 eet
634 2660 737 2736 Dous3
755 2659 849 2728 Putre
859 2664 1005 2731 testimo-

11 2795 65 2840 um
76 2773 263 2862 perhibente
275 2769 355 2838 Filio
359 2807 369 2848 t
380 2783 412 2838 ot
424 2768 505 2837 Filio
515 2769 724 2837 annuntiante
733 2768 870 2837 Putrem.
886 2769 1005 2852 Quem-

13 2883 148 2950 modum
161 2891 195 2950 et
205 2881 312 2948 Ennius
323 2881 386 2946 uit:
404 2879 469 2945 «Et
479 2898 551 2967 ego,
565 2877 681 2965 inquit,
693 2876 793 2952 testis,
810 2877 888 2944 dicit
898 2879 1005 2948 Domi-

11 3015 62 3062 rus
73 2993 172 3068 Deus,
185 3001 218 3057 et
228 3011 309 3078 puer
318 3011 414 3076 quem
423 2983 516 3075 elegi,
528 2985 575 3050 uti
588 2985 798 3074 cognosootis,
810 2997 845 3052 et
853 2989 1003 3070 eredntie;

11 3114 36 3170 et
50 3099 243 3190 intelligatis,⁴
259 3097 407 3187 quoniam
418 3118 478 3186 ogo
492 3117 564 3162 tum
574 3093 624 3160 ’.ι

19 3210 105 3278 Gum
123 3220 232 3276 nutem
251 3229 306 3275 eoo
325 3206 378 3294 qui
397 3227 462 3272 uou
480 3217 554 3272 sunt
567 3204 619 3271 Dii
640 3205 795 3284 nominat.
815 3212 932 3278 nonin
952 3222 1004 3280 to.

11 3343 57 3395 m,
69 3315 338 3408 quemadmodum
348 3313 490 3404 praedixi,
500 3310 664 3404 Scriptum
674 3314 813 3384 ostendit
821 3317 891 3387 ilios
900 3319 984 3390 Dooe
989 3331 1000 3399 t

11 3431 32 3498 d
53 3451 128 3496 oum
146 3425 253 3517 aliquo
271 3425 500 3501 additamento,
520 3436 554 3490 et
574 3423 815 3514 significatione,
834 3447 1005 3520 perquam

10 3540 187 3608 tenduntur
208 3559 274 3604 uon
295 3559 363 3604 esse
384 3535 444 3603 Dii.
471 3533 750 3616 Quemadmodum
772 3537 857 3625 opud
877 3539 1001 3610 Duvidt

11 3653 60 3722 Dii
81 3647 243 3727 Gentium,
264 3645 349 3714 idolo
371 3645 600 3715 demoniorum
614 3644 636 3720 ’ς
652 3656 733 3712 rot:
756 3643 863 3714 ‹Doos
884 3648 1004 3721 ilienoe

11 3819 93 3872 lPul.
112 3827 178 3880 xtrx,
197 3813 356 3868 1.-²1tt‹t.
371 3815 396 3866 3.
410 3843 442 3854 -
455 3811 466 3849 ⁸
478 3813 545 3864 Emi.
564 3828 621 3873 ur,
640 3829 660 3863 ι.
680 3839 712 3849 -
729 3805 817 3863 ‘rut
835 3828 917 3876 mur,
932 3809 957 3866 6.
970 3845 1002 3856 --

11 3907 71 3954 tom.
82 3917 136 3964 rut,
150 3903 243 3957 rt.-⁶
253 3900 335 3954 Exod.
348 3917 388 3963 ru,
400 3897 562 3961 rd.-⁷Itid.
574 3898 600 3951 8.
609 3896 737 3950 Abi.
749 3913 819 3959 xuu,
832 3913 904 3951 ro.·-
915 3901 1001 3976 'Ptoi-
