2586 4642
401 299 524 348 coarat
548 297 697 382 mussas.
1001 269 1067 360 469

35 425 68 467 Ι0
101 401 197 476 Det.
221 408 256 476 Si
275 411 361 478 enim
380 432 450 498 quae
472 409 521 476 ast
540 431 598 499 par
613 404 833 475 conditionem
853 402 991 472 ostensio
1006 401 1066 470 Dei
1183 414 1186 422 '

34 533 98 580 am
120 529 269 606 praestat
283 517 432 586 omnibus
447 518 480 584 in
494 529 577 584 terra
593 515 784 608 viventibus,
801 511 903 582 multo
917 511 1017 602 magis
1028 534 1067 604 ea

32 643 63 685 Β
84 636 158 691 est
175 649 235 716 per
249 624 393 694 Verbum
407 624 619 694 manifestatio
629 623 744 702 Patris,
760 623 858 691 vitam
872 633 1001 714 praestat
1016 620 1068 690 his

31 729 41 794 i
63 731 209 802 vident
226 734 340 804 Deum.

31 839 153 912 v111.
178 846 340 928 Quoniam
354 869 431 937 ergo
454 845 591 938 Spiritus
605 845 664 913 Ilei
686 869 744 938 per
762 845 936 934 Prophetas
958 844 1066 911 lutura

29 951 229 1034 milicavit,
245 953 450 1048 praeformans
466 966 499 1024 et
517 967 694 1047 praeaptans
708 956 750 1022 ad
764 955 798 1023 id
813 968 849 1023 ut
859 953 979 1026 subditi
996 955 1068 1022 Deo

28 1084 132 1141 nus,
160 1063 309 1134 futurum
337 1075 445 1134 autem
466 1079 535 1134 erat
555 1079 591 1134 ut
611 1066 709 1135 homo
726 1089 786 1158 par
806 1069 906 1137 saneti
929 1065 1065 1158 Spiritus

28 1172 267 1265 2neptaeitum
287 1177 424 1252 videret3
440 1177 620 1245 necessario
641 1179 810 1268 oportebat
828 1201 883 1244 eos
904 1199 963 1266 per
984 1198 1064 1265 quos

28 1294 125 1348 tura
143 1286 418 1374 predicabantur,
438 1286 546 1354 videre
563 1287 680 1363 Deum,
698 1309 794 1376 mem
810 1285 868 1376 ipsi
883 1285 1073 1353 hominihus
1183 1311 1189 1320 ·

27 1391 203 1462 dandum
220 1395 434 1463 intimabant:
453 1395 498 1463 uti
517 1419 583 1462 non
607 1394 710 1463 solum
732 1395 858 1464 dicatur
878 1395 1066 1485 prophetiae

26 1525 122 1581 eus,
141 1517 179 1570 et
194 1503 252 1573 Dat
267 1505 292 1572 F
294 1503 377 1582 ilius,
395 1517 428 1572 et
451 1505 562 1583 Filius,
578 1519 612 1574 et
625 1505 731 1584 Pater.
750 1505 806 1574 sed
823 1517 856 1573 et
873 1516 909 1573 ut
923 1505 1067 1574 videatur

26 1615 179 1681 mnibus
196 1615 348 1681 membris
358 1613 564 1683 sanotiiioatis
574 1628 608 1684 et
621 1603 795 1684 edootis'ea
811 1621 882 1705 qu'ae
897 1626 972 1683 sunt
983 1616 1063 1691 Deis

26 1739 37 1790 t
68 1723 346 1814 praesumeretur
367 1736 400 1793 at
419 1725 629 1794 meditaretur
646 1726 744 1794 homo
769 1724 922 1816 applicari
940 1726 973 1792 in
995 1747 1070 1793 eam

26 1831 163 1902 loriam
190 1857 262 1924 quae
286 1846 396 1924 postea
418 1834 612 1904 revelabitur
631 1835 681 1902 his
709 1836 763 1926 qui
790 1835 925 1926 diligunt
948 1836 1067 1914 Deunu

26 1943 90 2011 lon
117 1945 211 2012 enim
233 1942 300 2011 solo
324 1967 472 2012 sermone
490 1945 724 2036 prophetabant
749 1944 930 2036 Prophetas,
954 1945 1011 2014 sad
1036 1957 1069 2012 et

28 2055 163 2134 isiona,
175 2066 209 2122 et
220 2056 472 2134 conversatione,
487 2069 521 2124 et
534 2053 660 2125 actibus
675 2080 755 2148 quoa
771 2057 942 2135 iaciebant,
957 2079 1070 2124 secun

26 2165 102 2232 lum
128 2164 274 2254 id1-quod
288 2167 476 2258 suggerebat
495 2165 641 2257 Spiritus.
664 2166 855 2236 Secundum
870 2167 954 2238 hano
973 2169 1074 2260 igitur

26 2277 188 2342 ationem
196 2273 384 2343 invisibilem
393 2275 544 2344 videbant
554 2275 671 2354 Deum
681 2277 953 2367 quemadmodum
960 2279 1068 2348 Esaias

28 2387 67 2452 iit
85 2409 96 2452 a
112 2385 260 2476 «Regem
275 2383 450 2452 Dominum
466 2384 608 2454 Sabaoth
624 2385 688 2454 vidi
698 2386 803 2456 oeulis
818 2382 914 2458 meis¹
924 2414 937 2466 3
952 2390 1068 2480 »signi-

26 2494 149 2572 lieans,
165 2496 312 2584 quoniam
324 2494 444 2563 videbit
458 2495 559 2565 oculis
574 2496 678 2566 Deum
693 2497 804 2576 home,
818 2513 852 2567 et
866 2505 979 2569 vocem
996 2500 1067 2589 ejus

27 2605 156 2671 audiet.
175 2604 355 2674 &eundum
370 2605 455 2675 hano
469 2607 565 2698 igitur
582 2607 739 2675 rationem
753 2620 786 2675 et
798 2607 918 2676 Filium
932 2609 992 2676 Dei
1007 2608 1070 2676 ho·

26 2717 157 2782 minem
172 2716 319 2786 videbant
336 2728 560 2785 conversatum
572 2739 647 2784 oum
665 2697 861 2795 hominihus,
877 2718 910 2784 id
921 2718 1009 2808 quod
1023 2717 1070 2786 iu-

26 2839 142 2894 turum
149 2840 217 2896 erat
229 2828 467 2919 prophetantes,
479 2853 554 2898 eum
563 2829 619 2920 qui
631 2828 890 2896 nondumaderat
901 2829 1012 2899 adesse
1024 2830 1074 2897 di·-

27 2949 194 3016 oentes‚et
210 2937 437 3028 impassibilem
447 2936 628 3028 passibilem
639 2936 874 3015 annuntiantes,
883 2947 915 3006 et
930 2962 1005 3008 eum
1013 2940 1068 3028 qui
1194 3005 1198 3011 ,
1261 3027 1266 3036 Ι

29 3061 108 3116 tuno
126 3047 160 3114 in
173 3047 262 3116 eoelis
281 3049 313 3116 in
326 3048 438 3118 limum
449 3048 560 3115 mortis
572 3047 771 3116 descendisse
783 3047 935 3116 dicentes.
947 3049 987 3116 Et
999 3047 1069 3116 reli-

28 3183 105 3247 quas
113 3170 225 3228 autem
233 3161 302 3249 ejus
314 3157 582 3248 recapitulationis
595 3158 828 3248 dispositiones,
836 3159 990 3249 quasdam
1002 3162 1070 3249 qui-

28 3269 102 3336 dem
119 3293 179 3360 per
194 3271 328 3337 visiones
339 3269 503 3346 videbant,
517 3268 669 3358 quasdam
686 3270 888 3359 perverbum
904 3271 1075 3338 annuntia-

28 3379 122 3456 bant,
138 3378 295 3469 quasdam
311 3401 386 3446 vero
402 3401 459 3468 per
474 3376 690 3467 operationem
711 3381 816 3470 typice
831 3379 1066 3470 significabant3

28 3512 99 3578 quae
108 3489 240 3578 quidem
248 3487 382 3556 videnda
391 3499 494 3564 erant,
504 3486 667 3556 visibiliter
678 3487 819 3557 videntes
826 3515 835 3565 3
848 3513 919 3580 quae
931 3513 1005 3558 vero
1016 3515 1071 3559 au-

29 3600 146 3666 dienda
158 3613 262 3677 erant,
271 3623 417 3668 sermone
428 3612 645 3690 praeconantes
650 3625 660 3675 3
672 3623 742 3690 quae
751 3623 826 3668 vero
833 3603 955 3692 agenda
965 3617 1068 3681 erant,

31 3710 215 3801 operatione
235 3710 453 3800 perlioientes3
473 3710 618 3777 universa
639 3733 714 3778 vero
734 3711 922 3801 prophetice
941 3735 1068 3782 annun-

33 3823 155 3890 tiantes.
182 3820 352 3914 Propterea
376 3832 408 3892 et
433 3819 558 3911 Moyses
580 3821 801 3914 transgressori
827 3823 956 3914 quidem
979 3823 1075 3916 Legis

66 3952 75 3986 ¹
87 3950 151 4004 Etsi.
167 3967 203 4015 vi,
213 3953 236 4003 5.
