2772 4620
300 342 450 405 ursaonae
473 357 535 404 cast
559 357 722 404 rauracus
744 359 860 404 sunau.
995 347 1000 358 ’
1032 340 1095 406 bui

64 471 176 536 dotem
196 467 305 544 luisse,
329 489 390 534 neo
408 459 644 533 aeternnnillei
664 465 863 533 sacerdotem
881 489 963 543 esse,
984 489 1025 534 ne
1039 467 1098 557 ipsi

63 578 328 666 quidemcontru
348 574 504 642 audebitis
524 574 632 642 dicere
653 598 661 640 ε
682 575 717 640 id
735 598 811 643 vero
833 576 875 642 de
892 573 1099 645 ‹lacunostro

64 689 194 759 dictum
208 711 278 755 esse
292 685 389 753 verba
407 686 474 774 ipsa
490 683 669 758 declarante
692 683 748 752 sed
768 707 859 752 euros
875 699 988 754 vestra
1007 690 1100 754 obtu*
1204 775 1209 782 ι

63 813 148 867 ratae
160 811 193 865 et
208 797 306 867 corda
321 795 502 865 exeaeceta¹.
520 796 576 864 llis
592 797 679 864 auhn
694 797 810 873 verbis,
826 797 973 866 «Juuut
987 797 1100 865 Domi·-

66 923 173 982 κιαι,Ι
189 919 222 974 et
240 928 305 972 uun
323 904 488 995 poenitebil
505 903 659 978 eums'Tu
675 927 710 972 es
728 903 875 972 sacerdos
891 905 926 972 in
943 916 1099 974 murrum

68 1046 83 1082 s
99 1016 427 1084 secundnmurdinem
434 1001 698 1092 Melchisedech»
707 1015 1103 1108 jurejurandoDeusprop·

70 1139 123 1194 ter
133 1124 388 1193 incredulitatem
398 1124 740 1215 vestraminterposito,
751 1123 937 1214 pontificem
946 1123 1101 1193 illumse-

70 1233 215 1304 cundum
233 1233 379 1299 ordinem
398 1231 632 1299 Melchisedech
652 1255 720 1298 esse
739 1229 913 1299 declaravit
932 1255 940 1298 ι
961 1233 1024 1300 hoo
1039 1245 1099 1310 est,

70 1344 344 1433 quemadmodum
366 1341 600 1410 Melchisedech
622 1344 769 1410 sacerdos
787 1341 941 1411 Altissimi
962 1343 1057 1411 luisse
1082 1368 1101 1409 a

69 1453 180 1542 Moyse
195 1454 404 1542 seriptusest,
424 1451 513 1540 isque
531 1475 643 1518 eornm
660 1452 714 1540 qui
735 1451 942 1542 insprasputio
955 1453 1102 1520 sacerdos

69 1576 152 1640 erat,
165 1585 204 1631 ac
217 1563 400 1631 Abrahamo
418 1562 558 1629 decimas
575 1561 635 1651 ipsi
650 1561 683 1628 in
700 1563 943 1629 circumcisione
956 1561 1118 1632 effessum

69 1672 253 1740 benedixit:
265 1672 314 1739 sic
327 1657 580 1739 Deusaeternum
592 1683 686 1736 suum
698 1669 917 1748 Sacerdotem,
933 1672 989 1759 qui
999 1685 1033 1737 et
1043 1671 1105 1738 Do

68 1781 176 1851 minus
190 1803 209 1846 a
225 1779 347 1870 Spiritu
362 1789 473 1846 sancto
487 1787 693 1853 vomtnsest,
705 1798 818 1843 eorum
830 1779 884 1865 qui
902 1779 935 1844 in
949 1780 1104 1868 praeputio

68 1890 273 1958 sacerdotem
285 1887 444 1961 laturum,
460 1884 860 1972 et·oircumcisos·quoque
874 1886 959 1973 ipsos
976 1887 1021 1952 ad·
1031 1909 1118 1952 essm·

70 1997 279 2074 accedentes,
290 1993 393 2070 idest,
404 1995 520 2060 ineam
534 1990 1006 2060 credenteaethenedictionem
1018 1997 1105 2062 abeo

71 2117 266 2198 querentes,
285 2113 513 2194 suscepturum
528 2112 562 2168 et
581 2097 640 2168 illis
657 2089 902 2168 benedicturum
921 2101 1101 2171 declararit.

68 2217 181 2285 Primo
194 2225 304 2281 autem
318 2209 473 2280 hamilem
488 2211 555 2276 lore
568 2209 744 2312 hominem,
757 2210 872 2278 deinde
882 2211 1055 2280 exaltatam
1065 2213 1104 2279 iri
1198 2253 1208 2264 ·

68 2329 103 2395 in
119 2323 262 2394 extremo
283 2319 408 2413 psalmo
426 2319 603 2388 ostenditur
621 2342 630 2384 ε
651 2322 862 2388 De'torrento
880 2322 967 2388 enim
987 2325 1025 2390 in
1045 2323 1104 2390 oie

70 2437 175 2516 bibet,·
194 2447 227 2502 et
240 2432 335 2524 simul
350 2455 359 2498 ε
380 2433 556 2522 Propterea
570 2433 856 2524 eoeultobitcoput.

117 2542 271 2610 xxxiv.
293 2541 412 2611 Adhuc
427 2554 535 2610 autem
557 2553 593 2608 ut
613 2543 703 2609 vobis
724 2543 932 2632 persuadeam
951 2544 1030 2612 nihil
1050 2565 1105 2614 vos

74 2652 315 2743 Scripturarum
328 2649 515 2742 intelligere,
525 2649 631 2718 ¹alium
643 2651 941 2743 quoquepsalmum
957 2633 1069 2721 Dividi
1086 2679 1104 2719 a

70 2761 192 2852 Spiritu
211 2772 326 2846 sancto
341 2761 496 2828 dictatum
516 2764 788 2838 commemorabo,
808 2783 906 2850 mem
925 2763 1106 2850 quidemin

70 2870 288 2946 Salomonem,
305 2869 359 2959 qui
377 2882 411 2936 et
428 2871 495 2959 ipsa
512 2891 568 2937 rer
582 2883 687 2936 voster
702 2870 775 2946 luit,
798 2870 922 2936 dictum
941 2887 1107 2938 casecon-

69 2981 229 3048 tenditis-a
252 2981 309 3047 sod
330 2979 357 3048 is
380 3001 507 3068 quoque
526 2979 558 3046 in
578 2980 743 3046 Christum
761 2992 910 3047 nostrum·
922 2979 1027 3047 editus
1044 2995 1102 3049 est.

68 3089 137 3157 llos
151 3102 261 3156 autem
270 3107 310 3156 ex
319 3088 495 3179 esquirocis
506 3089 687 3156 nominibus
699 3088 809 3156 fucum
820 3089 910 3156 vobis
921 3090 979 3182 ipsi
990 3091 1105 3168 facitis,

73 3196 137 3262 Ubi
144 3195 437 3264 enimlmllomini
445 3193 676 3266 homocuiuta²
684 3199 813 3277 dicitur,
823 3197 927 3290 legem
934 3201 1107 3293 intelligitis

71 3327 140 3372 non
156 3301 244 3369 illam
264 3327 335 3394 quae
355 3319 426 3393 post
443 3305 562 3373 Mosam
580 3307 686 3374 lutura
700 3321 782 3386 erat,
799 3310 854 3376 sed
872 3333 945 3376 eam
962 3335 1034 3399 quae
1049 3335 1107 3401 por

70 3415 178 3504 ipsum
196 3413 268 3478 dato
283 3423 353 3489 est,
370 3415 512 3502 quamvis
526 3416 612 3482 Deus
630 3415 745 3486 clamet
765 3441 929 3486 sanorem
944 3417 1049 3509 legem
1069 3443 1107 3487 ac

71 3547 191 3592 novum
210 3534 439 3591 testarneutnm
460 3525 689 3592 instituturum.
713 3527 754 3592 Et
771 3529 826 3596 ubi
848 3530 978 3608 dicitur,¹
993 3557 1007 3592 ι
1021 3531 1106 3598 Deus
1198 3555 1203 3562 ·

73 3635 257 3723 »judicium
276 3648 370 3702 tunm
387 3634 466 3726 llegi
482 3635 558 3713 da⁸;
575 3637 674 3726 »quia
693 3661 749 3706 rex
770 3638 829 3706 suit
844 3638 1007 3718 Salomon,
1020 3642 1105 3734 pasl-

73 3767 164 3812 mum
189 3747 221 3814 in
247 3769 323 3813 oum
345 3745 470 3814 dictum
490 3769 559 3814 ease
579 3746 685 3826 vultis,
708 3745 849 3839 quamvis
873 3751 986 3842 psalmi
1007 3755 1103 3823 verba

73 3855 190 3924 diserte
205 3855 368 3926 declarent
378 3881 454 3928 eum
464 3857 587 3927 editum
598 3857 695 3927 luisse
709 3861 742 3928 in
756 3874 910 3934 aeteruum
920 3863 1052 3958 Regem,
1069 3867 1115 3934 isl¹

105 3986 116 4022 ¹
127 3985 193 4038 ttut.
207 4003 242 4050 rr,
254 4003 291 4038 ιο.
304 4015 335 4027 -
343 3988 355 4026 ¹
363 3989 430 4042 Psal.
440 4006 512 4051 xvsss,
522 3990 547 4042 8.
558 4019 589 4029 -
598 3989 609 4026 ⁸
618 3987 684 4043 rut.
696 4008 760 4058 uxr,
773 4011 795 4044 r.

876 4105 927 4148 21.
