2772 4620
289 292 352 356 508
399 387 402 400 ι
557 335 560 342 1
585 313 697 360 essert
718 315 837 362 rrsruu
861 318 1015 364 usarrnrs

288 418 408 485 orestis.
428 405 629 506 Quapropter
642 420 755 486 marito
771 420 886 492 alenset
900 423 1133 492 indesinenter:
1156 420 1260 489 «Filii
1277 423 1322 488 in

286 553 299 585 s
315 525 475 612 sipientes,
490 547 555 592 non
570 536 619 590 est
634 525 712 592 fides
728 527 760 593 in
775 529 847 616 ipsis
857 527 907 594 *ξι

330 633 421 700 XXI.
441 634 537 713 Quod
550 645 655 700 autom
670 647 800 725 propter
813 648 929 704 restrae
941 661 980 706 eo
992 649 1117 727 petrum
1132 649 1316 704 vestrorum

284 743 477 829 iniquitates,
495 743 674 831 insignum,
691 754 726 809 ut
738 747 804 831 jen
815 745 890 820 dixi,
906 747 1073 814 sabbatum
1084 749 1180 812 etiem
1194 766 1214 811 a
1226 751 1316 813 vobis

284 851 370 916 Deus
389 849 481 936 jussit
497 850 670 924 observari,
688 861 721 916 ot
735 849 793 916 alie
811 863 967 940 praeoepte
984 855 1145 942 imposuit,
1162 855 1314 943 quodque

284 955 439 1047 signifieat
455 980 488 1022 se
502 969 633 1046 propter
646 969 767 1047 gentos,
786 982 826 1028 ne
842 983 957 1030 nomen
970 983 1063 1027 suum
1075 963 1162 1050 apud
1175 985 1231 1030 ees
1245 987 1314 1051 pro

283 1065 455 1140 sanaretur,
477 1065 597 1154 aliquos
611 1067 739 1132 omnino
756 1089 794 1136 ex
809 1069 898 1135 vobis
915 1070 998 1136 vivos
1013 1068 1190 1156 reliquisse,
1214 1070 1249 1134 id
1263 1095 1311 1136 ro

283 1173 332 1238 bis
344 1175 409 1261 ipso
420 1175 489 1260 ejus
503 1174 598 1240 rerba
609 1173 824 1240 demonstrare
837 1185 977 1262 possunt.
992 1177 1039 1242 tu
1050 1185 1158 1248 eutem
1170 1187 1247 1241 sunt
1257 1199 1311 1263 per

284 1279 482 1348 Ezechielem
493 1303 659 1369 expresse:
677 1283 767 1370 «Ego
779 1282 933 1348 Dominus
944 1281 1029 1348 Deus
1041 1291 1165 1348 vester:
1185 1286 1219 1348 in
1231 1307 1309 1371 preL

284 1416 297 1449 r
313 1389 501 1478 ceptismeis
512 1387 685 1465 ambulate,
702 1401 734 1454 et
749 1389 987 1477 justificationes
998 1414 1085 1458 meas
1095 1392 1267 1466 custodite,
1280 1405 1309 1456 et

283 1526 296 1556 r
311 1497 343 1561 in
358 1497 631 1566 adinventionibus
643 1495 771 1586 AEgypti
786 1519 826 1564 ue
838 1499 1120 1573 commisaenminl,
1137 1509 1170 1564 et
1182 1500 1307 1564 sabbate

283 1633 295 1668 r
310 1627 380 1670 moa
392 1603 595 1672 sanctificato.
613 1607 654 1678 Et
668 1615 728 1672 ortt
739 1607 863 1694 signum
877 1607 960 1672 inter
973 1617 1068 1673 meet
1079 1629 1134 1671 ros
1149 1607 1192 1672 ad
1207 1609 1307 1672 seien-

283 1713 388 1778 »dum
410 1715 481 1805 quie
499 1735 558 1802 ego
574 1712 729 1784 Dominus
751 1714 837 1782 Deus
861 1725 973 1780 vester.
1006 1715 1046 1780 ttt
1067 1715 1307 1780 exeoerberistis

282 1847 294 1880 r
309 1840 374 1892 me,
390 1829 422 1888 et
436 1817 492 1883 filii
508 1819 601 1883 vestri
616 1818 649 1884 in
662 1819 826 1907 preceptis
839 1819 917 1884 meis
929 1841 993 1884 non
1004 1817 1264 1894 ambulaverunt,
1278 1829 1306 1883 et

281 1955 293 1986 ι
307 1925 547 2014 justificationes
565 1947 652 1994 meas
669 1949 734 1991 non
752 1927 970 1996 custodierunt
986 1925 1028 1990 ed
1044 1926 1231 1992 iaciendum
1246 1949 1307 2000 ees,

280 2057 385 2120 rqurs
404 2035 458 2121 qui
470 2033 586 2100 ‘lecerit
605 2033 714 2108 homo,
733 2034 816 2100 viret
833 2033 866 2102 in
883 2035 941 2108 eis,
960 2055 1070 2100 rerum
1089 2035 1223 2099 sabbeta
1244 2055 1309 2098 mee

280 2171 293 2202 r
308 2140 512 2217 violaverunt.
530 2140 818 2226 retinebuntur
831 2140 971 2208 sororem
985 2163 1094 2206 meum
1105 2164 1205 2230 super
1216 2165 1270 2206 eos
1281 2143 1309 2206 in

279 2279 292 2310 ι
309 2250 445 2323 deserto,
463 2247 622 2336 complere
638 2250 717 2314 irem
734 2271 840 2320 meam
856 2271 951 2337 super
965 2271 1031 2324 eos,
1053 2260 1086 2313 et
1101 2271 1168 2315 non
1186 2249 1262 2323 leoi,
1279 2261 1309 2314 ut

279 2376 423 2420 »nomen
444 2375 554 2421 meum
581 2357 710 2419 omnino
732 2377 797 2422 non
820 2353 989 2420 violaretur
1010 2377 1120 2420 eorem
1148 2357 1306 2443 gentibus.

279 2488 292 2520 r
307 2458 408 2526 Eduxi
421 2480 475 2522 eos
492 2459 523 2524 in
539 2457 638 2524 oeulis
649 2481 767 2524 earum.
787 2459 827 2524 Et
838 2456 936 2526 levari
951 2481 1082 2526 manum
1097 2481 1206 2524 meem
1218 2483 1310 2549 super

279 2589 361 2637 reos
377 2566 409 2638 in
424 2565 561 2644 deserto,
579 2575 615 2630 ut
631 2564 844 2653 dispergerem
860 2566 892 2632 in
907 2565 1100 2640 nationibus,
1121 2577 1156 2630 et
1172 2566 1311 2632 dissemi-

280 2703 293 2736 ι
307 2697 418 2740 narem
428 2697 483 2740 eos
495 2673 527 2738 in
539 2673 731 2760 regionibus,
748 2694 787 2738 eo
799 2672 886 2760 quod
895 2671 1137 2758 justificationes
1147 2693 1236 2739 meas
1247 2696 1308 2739 non
1377 2741 1378 2746 ,

278 2810 292 2845 r
307 2783 460 2856 lacerent,
475 2792 508 2845 et
519 2791 676 2867 praecepte
688 2801 757 2843 mea
769 2777 962 2866 repulerant,
974 2790 1007 2844 et
1018 2781 1147 2846 sebbete
1159 2801 1230 2846 mea
1243 2782 1311 2846 vio-
1377 2844 1378 2872 ,

279 2919 292 2952 r
307 2890 459 2963 laverant,
478 2899 510 2952 et
524 2898 597 2975 post
611 2887 817 2974 cogitationes
831 2897 958 2973 petrum
971 2909 1103 2954 suorum
1116 2897 1204 2952 erent
1219 2887 1310 2952 oculi

279 3000 457 3087 »ipsorum
476 2997 516 3061 Et
530 3018 589 3084 ego
606 2995 678 3061 dedi
694 2996 738 3060 e'is
752 3007 908 3083 praecepte
924 3018 988 3063 non
1005 2997 1100 3070 bona,
1110 3003 1140 3058 et
1153 2993 1306 3080 justilioe·
1377 3043 1378 3090 t

279 3135 292 3167 r
307 3106 420 3178 tiones,
437 3105 469 3168 in
485 3103 792 3192 quibusnonvirent
805 3101 902 3167 ineis.
922 3103 963 3174 Et
973 3102 1114 3191 polluam
1124 3122 1175 3166 eos
1186 3099 1311 3166 inmu-

279 3246 291 3277 ι
306 3215 435 3282 neribus
447 3235 571 3286 eorum,
584 3233 659 3278 oum
670 3212 882 3300 pertransibo,
895 3224 930 3278 ut
942 3233 1038 3280 omne
1049 3209 1234 3298 adaperiens
1246 3207 1314 3274 rul-

278 3354 291 3386 r
305 3345 378 3390 rem
388 3319 566 3388 aboleant
580 3345 594 3380 s
1377 3353 1378 3420 l

321 3431 428 3498 XXII.
440 3429 544 3516 Atque
556 3439 590 3494 ut
602 3429 808 3517 perspicietis,
820 3439 949 3517 propter
959 3437 1089 3516 peraeta
1101 3424 1212 3514 populi
1219 3427 1317 3492 vestri

278 3553 309 3606 et
326 3536 568 3607 simulacrorum
584 3536 699 3614 cultus,
717 3537 906 3626 praeeepisse
920 3531 1163 3603 illum'similiter
1179 3543 1216 3598 ut
1231 3532 1316 3600 done

278 3647 479 3720 offerrentur,
496 3670 560 3712 non
577 3657 683 3714 autem
699 3647 786 3734 quod
801 3647 836 3711 iis
861 3645 1031 3733 indigeret:
1052 3641 1162 3709 audite
1179 3639 1259 3728 quid
1276 3641 1321 3706 de

278 3755 326 3819 his
342 3755 427 3820 dicet
441 3777 499 3841 per
514 3757 611 3822 limos
627 3777 725 3822 unum
741 3777 780 3820 ex
796 3754 965 3826 duodecim
981 3750 1120 3819 olamans
1139 3771 1147 3814 r
1164 3747 1247 3815 «ve
1262 3747 1321 3814 de·

312 3885 320 3919 ¹
334 3886 410 3934 Dent.
425 3901 502 3944 xrrrr,
513 3887 537 3944 6,
551 3903 587 3936 ao.
599 3887 647 3925 -2
658 3887 749 3937 litorii.
763 3903 804 3946 ιι,
819 3903 854 3950 ι9.
