2688 4626
321 253 361 296 an
385 251 507 300 nutus
531 253 741 300 cononrarro.
818 235 821 242 “
989 239 1047 324 189

33 355 108 422 ulari
123 355 197 424 Deo
212 367 345 446 accepta
361 355 488 424 silentio
502 377 568 425 non
581 357 853 448 pretermittenda
868 379 938 425 esse
947 372 1049 450 putat,

33 485 188 532 sanusne
209 465 355 554 prolerre
378 466 506 542 statuit,
529 467 719 533 sententiam
741 485 832 532 susm
854 468 977 558 cupidis
993 467 1052 536 ue

33 571 139 640 nlendi
154 573 344 640 hominibus
360 573 553 664 significans.
574 574 656 642 Nam
675 595 750 641 eum
764 573 979 642 delectaretur
992 577 1055 644 hoe

34 685 66 749 ei
84 684 131 748 nd
145 681 271 748 Mosam
286 681 386 760 dieta,
402 681 562 775 Egosum
574 685 714 750 eoeistm
732 683 799 758 itte,
814 685 999 752 sublevem
1016 683 1055 752 il-

37 815 75 857 m
92 791 275 859 dictionem
289 791 455 882 participio
474 813 652 881 expressam
668 811 733 858 non
748 792 816 858 sine
830 789 969 881 plurima
983 793 1054 860 ani-

33 899 241 966 tndversiune
255 899 437 990 excepisset,
454 897 606 965 intellexit
620 899 736 978 Deum,
752 917 827 966 uum
847 919 938 964 suam
958 911 1053 966 ater-

33 1011 152 1075 itatem
176 1007 256 1074 llosi
279 1009 493 1076 demonstrare
513 1006 625 1084 vellet,
645 1008 719 1100 Ego
736 1029 812 1074 num
835 1010 978 1074 emittens
996 1007 1052 1074 tte

32 1119 151 1184 inisse:
169 1115 288 1206 quippe
300 1135 376 1183 eum
386 1117 447 1184 hae
458 1137 546 1192 rone,
559 1116 713 1191 misum,
730 1137 795 1181 non
807 1135 909 1180 unum
920 1115 977 1181 sed
987 1115 1047 1180 tria

36 1223 245 1313 gnificentur,
264 1243 416 1313 praesens,
439 1224 634 1314 praeteritum
653 1236 687 1289 et
709 1222 861 1290 futurum.
882 1223 937 1292 sto
962 1223 1048 1290 enirn
1110 1259 1113 1266 ·

32 1345 42 1397 t
59 1331 151 1398 Plato
171 1329 408 1401 illudentium
429 1333 470 1400 de
489 1330 615 1400 infinite
636 1344 767 1422 usurpat
789 1343 950 1422 tempure.
972 1329 1049 1399 dum
1061 1407 1075 1420 Ι

32 1443 72 1516 it,
90 1461 267 1529 nunquam
280 1457 393 1509 nuum
412 1444 564 1510 aium.
579 1436 664 1509 lllud
677 1443 764 1507 enim
775 1460 966 1528 nunquam,
986 1461 1053 1508 non

32 1577 50 1616 e
69 1551 247 1640 praeterito,
263 1561 300 1616 nt
313 1551 461 1618 nonnulli
475 1563 602 1640 putant,
616 1551 730 1617 sedda
745 1550 853 1616 linturo
869 1549 993 1616 dictum
1007 1561 1055 1614 ast

32 1683 173 1750 ›mpone
192 1661 231 1727 ld
244 1661 332 1726 enim
346 1673 380 1727 et
395 1661 539 1727 extranei
553 1661 723 1748 scriptores
739 1669 887 1726 assumta
902 1659 1056 1746 expande-

32 1782 102 1834 nnt.
124 1769 301 1857 Propterea
318 1766 425 1844 Plato,
443 1785 521 1835 enm
535 1767 783 1866 annuntianda
796 1765 855 1833 Dei
870 1765 1056 1841 atei-niusa,

32 1903 88 1944 use
102 1901 163 1966 per
174 1877 383 1966 participium
394 1897 510 1943 arcane
520 1897 667 1966 expresse
678 1888 739 1952 est,
752 1873 847 1941 veluti
860 1873 1056 1964 interpretari

32 1985 180 2075 nperitis
197 1983 303 2060 vellet,
320 1984 456 2050 totidem
470 1983 574 2050 verbis
590 1985 631 2049 ita
654 1983 801 2072 scripsit:
819 1981 914 2072 «lpse
929 1975 1056 2072 quidem

43 2095 152 2167 Deus,
168 2103 205 2157 ut
220 2093 371 2180 antiquus
385 2115 492 2158 sermo
503 2101 564 2168 ast,
579 2092 769 2181 principium
783 2099 816 2158 et
830 2089 972 2158 linemet
986 2109 1054 2156 me-

44 2205 138 2271 dium
151 2204 297 2270 omnium
310 2213 406 2270 tenet.
421 2203 509 2270 »llio
519 2201 608 2270 Plato
618 2193 702 2269 cline
713 2215 746 2268 et
756 2213 864 2292 aparte
876 2218 1053 2267 sermonem

31 2315 185 2400 nntiqnum
197 2309 292 2378 llosis
303 2307 570 2401 appellatlegem3
582 2306 814 2398 llosisquidem
825 2319 1052 2384 noman,metu

31 2421 148 2494 :lauta
161 2439 415 2486 eommemorare
434 2418 568 2491 renituss
587 2417 709 2484 sciehat
725 2417 811 2484 enim
830 2409 913 2482 illius
932 2415 1054 2482 doetri-

31 2549 104 2592 nam
123 2527 234 2594 Grecis
257 2527 421 2594 inimicam
444 2549 512 2592 esse
533 2526 715 2592 :sermonis
736 2537 844 2591 eutem
866 2524 1053 2612 antiquitate

31 2636 143 2702 llnsem
156 2649 263 2726 aperta
278 2637 434 2727 designet.
452 2635 552 2702 Porro
573 2634 676 2724 legem
696 2634 790 2701 lllosis
805 2633 1056 2721 antiquissimam

31 2758 56 2808 et
72 2745 202 2832 primam
217 2767 286 2812 esse
299 2767 340 2810 ex
354 2744 486 2812 Diodori
502 2744 630 2811 historie
646 2755 680 2808 at
694 2741 762 2809 aliis
776 2741 936 2829 ejusmodi
947 2761 1058 2806 mouu·

31 2857 138 2920 mentis
152 2855 226 2920 satis
241 2877 259 2919 a
274 2855 366 2922 nobis
381 2873 476 2944 supra
491 2856 757 2921 demonstratum.
774 2853 860 2917 Eum
875 2845 962 2915 enim
979 2847 1055 2914 Diu·

31 2965 121 3030 lorus
134 2963 274 3052 primum
293 2964 441 3029 omnium
460 2959 674 3051 legislatorem
690 2959 788 3026 luisse
803 2957 892 3033 dicit,
913 2953 1055 3038 noudum

31 3071 159 3138 inventis
173 3069 362 3138 Grannum
376 3068 489 3136 litteris
504 3069 620 3156 quibus
635 3087 706 3134 sues
720 3065 765 3133 illi
785 3064 931 3132 historias
953 3063 1053 3151 snn'p
1075 3117 1077 3121 .

31 3189 148 3248 serunt.
619 3171 624 3180 ’

70 3285 194 3355 XXVI.
214 3287 316 3354 Nemo
336 3299 442 3358 sutem
462 3290 595 3356 miretur
609 3290 635 3354 si
650 3287 729 3354 Mnsi
749 3285 789 3351 de
802 3283 862 3350 Del
882 3281 1057 3348 eternitate

31 3399 163 3466 credidit
177 3391 281 3462 Plato.
300 3395 449 3485 Reperies
469 3399 555 3464 enim
574 3417 651 3465 anm
669 3397 744 3485 ipsis
764 3393 862 3459 etism
883 3388 1056 3478 prophetis,

34 3506 203 3596 pontillum
218 3506 275 3596 qui
296 3523 372 3572 vere
392 3515 452 3582 est,
472 3505 590 3583 Deum,
612 3503 826 3596 cognitionem
844 3517 951 3566 rarum
967 3500 1056 3566 attri-

36 3617 134 3684 buere.
155 3616 211 3684 sia
224 3615 314 3682 euim
334 3616 367 3681 in
383 3613 502 3687 Timon
521 3616 562 3682 de
575 3613 767 3704 quibusdam
784 3607 943 3701 principiis
958 3607 1055 3676 ‹lisse-

38 3745 102 3791 rens
116 3723 239 3814 scripsit
252 3747 263 3790 t
274 3721 386 3813 «Ignis
398 3725 529 3814 quidem
547 3737 581 3790 et
595 3734 782 3792 murorum
792 3737 959 3809 corporum
973 3717 1056 3807 prin-

42 3833 174 3922 ·cipium
189 3833 338 3924 ponimus
358 3835 536 3902 secundum
556 3829 753 3923 probabilem
776 3849 850 3898 uum
870 3828 1054 3899 newsum
