2808 4688
316 267 357 306 an
381 263 570 306 coniuratos
594 263 746 306 srrsross
771 263 876 310 rarus.
1074 249 1113 332 57

71 393 201 436 omnem
224 368 423 456 injustitiam
443 379 477 434 et
500 366 716 454 iniquitatem,
739 371 924 444 avaritiam,
948 371 1116 440 contentio

73 503 141 556 nes,
164 475 389 565 malignitates
415 487 450 540 et
472 474 614 550 fraudes,
643 499 785 542 susurros
806 490 839 543 et
862 479 1118 554 obtrectationes,

74 589 188 652 odium
206 587 287 660 Dei,
311 584 498 672 superbiam
517 594 549 648 et
570 584 824 660 ostentationem,
842 587 972 652 inanem
989 586 1122 674 gloriam

76 711 177 783 atque
203 717 356 760 amorem
374 692 517 758 vanitatis
534 689 554 755 ¹.
587 692 653 770 Qui
678 693 763 758 enim
785 694 840 760 ista
864 695 997 768 faciunt,
1021 696 1121 762 odiosi

80 807 153 872 Deo
170 817 271 870 sunt:
293 825 393 891 neque
405 801 505 868 solum
520 801 574 890 qui
592 801 774 875 calfaciunt,
791 802 955 868 sedetiam
971 805 1026 891 qui
1041 827 1122 870 con-

86 913 233 978 sentiunt
244 911 316 976 illis.
333 911 412 976 Dicit
422 911 504 974 enim
516 909 681 996 Scriptura
694 931 703 972 τ
724 909 909 975 «Peccatori
921 921 1028 976 autem
1041 911 1120 976 dinit

87 1050 99 1080 ι
112 1022 221 1086 Deus:
245 1021 352 1100 Quare
367 1032 398 1083 tu
413 1043 538 1084 enarras
552 1018 688 1104 justitias
708 1041 806 1092 meas,
823 1032 856 1084 et
870 1022 1004 1088 assumis
1019 1033 1118 1086 testa-

82 1159 96 1190 s
109 1141 255 1194 mentum
270 1151 378 1194 meum
392 1151 494 1216 perus
510 1127 626 1192 tuum?
641 1125 689 1190 Tu
706 1151 780 1192 vero
792 1127 885 1192 odisti
903 1128 1115 1216 disciplinam,

81 1268 93 1300 ι
107 1250 140 1304 et
151 1239 318 1326 projecisti
330 1253 489 1304 sermones
500 1261 589 1304 meos
605 1249 790 1302 retrorsum.
810 1237 843 1302 Si
861 1238 990 1303 videbas
1000 1238 1115 1312 susem,

79 1375 93 1406 ι
107 1347 259 1412 currebas
274 1369 350 1412 cum
364 1367 423 1410 eo:
443 1356 476 1412 et
493 1367 570 1410 cum
583 1343 737 1410 adulteris
753 1346 933 1433 portionem
952 1359 1041 1412 tuam
1057 1369 1119 1434 po·

81 1455 216 1518 ruebas.
237 1450 283 1518 Os
297 1464 387 1517 tuum
401 1451 576 1516 abundavit
593 1448 730 1522 malitia:
749 1463 783 1516 et
797 1451 906 1540 lingua
917 1465 974 1518 tua
989 1453 1120 1518 conciu-

83 1561 208 1628 »nabat
226 1557 328 1628 dolos.
352 1559 475 1624 Sedens
494 1558 645 1624 adversus
663 1559 798 1624 tratrem
815 1571 910 1624 tuum
925 1559 1119 1646 loquebarise

86 1681 144 1732 »et
162 1667 315 1734 adversus
334 1665 437 1735 salium
457 1665 572 1730 matris
589 1677 654 1732 trae
672 1666 817 1756 ponebas
834 1663 1028 1731 scandalum.
1052 1665 1127 1731 llaec

87 1775 232 1849 eiecisti,
248 1788 282 1840 et
299 1776 402 1848 tacui;
422 1774 603 1860 suspicatus
618 1795 653 1836 es
667 1771 880 1857 iniquitatem,
899 1774 1055 1860 quod'ero
1072 1771 1128 1838 tibi

93 1881 243 1946 »similis⁸
270 1881 411 1970 Arguam
430 1893 477 1955 te,
495 1893 530 1946 et
550 1891 687 1946 statuum
711 1890 742 1946 te
763 1892 870 1946 contra
893 1881 1006 1946 faciem
1028 1895 1124 1947 tuam.

99 2015 113 2048 ι
130 1983 302 2074 lntelligite
318 1987 426 2072 utique
441 1985 521 2061 baec,
534 1985 587 2073 qui
604 1981 823 2050 obliviscimini
835 1985 937 2052 Deum
946 2009 956 2057 r
974 2010 1015 2052 ne
1030 2009 1127 2074 quan·

100 2123 113 2154 ι
128 2095 169 2160 do
184 2095 285 2182 rapiet
296 2096 379 2161 sicut
389 2093 454 2169 leo,
470 2107 502 2162 et
514 2117 577 2160 non
592 2093 633 2158 sit
646 2093 700 2181 qui
710 2093 831 2180 eripiat.
846 2093 1046 2160 Sacrificium
1058 2093 1124 2160 lau·

97 2201 168 2266 »dis
180 2201 403 2270 honorificabit
415 2225 485 2278 mer
507 2213 539 2268 et
554 2199 620 2268 illic
637 2200 699 2266 iter
715 2225 780 2290 quo
798 2203 965 2270 ostendam
977 2201 1022 2268 illi
1035 2201 1122 2269 salu-

93 2323 183 2376 alm
197 2311 257 2382 Del
269 2311 323 2376 ’.ι
399 2373 402 2380 ,

131 2420 281 2488 xxxvl.
299 2423 373 2488 Hoc
380 2435 427 2489 est
435 2424 507 2498 iter,
520 2423 709 2497 charissimi,
719 2423 752 2488 in
760 2446 823 2510 quo
832 2421 970 2490 salutare
977 2435 1122 2489 nostrum

90 2530 273 2606 invenimus,
287 2533 402 2598 Jesum
411 2532 586 2606 Christum,
598 2531 785 2618 pontificem
793 2530 993 2598 oblationum
1004 2537 1124 2596 nostra·

90 2661 170 2714 rum,
188 2639 385 2704 infirmitatis
403 2652 516 2704 nostrae
539 2651 712 2726 patronum
733 2651 766 2702 et
784 2637 1036 2706 auxiliatorem
1065 2637 1125 2702 Per

88 2746 170 2812 hunc
188 2745 398 2815 iaculorum
416 2745 601 2810 altitudines
621 2745 732 2812 oculos
749 2745 942 2833 deligemus;
965 2768 1024 2832 per
1039 2744 1126 2812 hunc

90 2855 326 2934 immaculatum
357 2867 391 2920 et
410 2875 597 2942 supremum
616 2851 700 2918 illius
723 2851 848 2922 nutum
870 2850 1121 2940 speculabimur

90 2987 140 3052 per
156 2964 244 3031 bunc
264 2963 356 3032 oculi
375 2962 481 3038 cordis
501 2961 605 3026 nostri
624 2961 726 3048 aperti
744 2969 841 3026 sunt:
865 2983 923 3048 per
943 2960 1030 3028 bunc
1048 2963 1125 3028 insi-

90 3074 171 3160 piens
184 3085 217 3140 et
231 3075 408 3142 obscurata
423 3093 515 3141 mens
531 3081 640 3136 nostra
652 3070 686 3135 in
697 3068 918 3138 admirabilem
934 3071 1005 3158 ejus
1020 3071 1126 3140 lucem

91 3180 274 3271 repullulat:
300 3203 364 3270 per
381 3181 468 3246 bunc
486 3178 587 3247 voluit
607 3178 762 3244 Dominus
784 3190 821 3244 ut
841 3178 1057 3246 immortalem
1075 3203 1128 3244 co·

90 3291 264 3378 gnitionem
287 3300 512 3380 gustaremus:
534 3286 588 3375 qui
617 3309 692 3352 cum
717 3286 758 3352 sit
782 3284 936 3373 splendor
955 3285 1129 3371 majestatis

93 3402 171 3486 ejus,
188 3409 281 3464 tanto
303 3397 409 3483 major
423 3407 469 3462 est
488 3394 629 3484 Angelis,
647 3405 768 3482 quanto
788 3391 996 3460 excellentius
1014 3415 1127 3462 nomen

95 3509 216 3574 sortitus
231 3503 313 3575 θεῖ’.
338 3505 386 3570 lta
401 3505 521 3592 quippe
535 3504 689 3591 scriptum
703 3513 773 3571 eat:
797 3500 889 3580 «Qui
903 3501 981 3567 facit
992 3501 1125 3595 Angelos

98 3645 109 3678 ι
123 3639 191 3684 suos
202 3616 347 3706 spiritus,
360 3627 394 3680 ot
405 3613 569 3682 ministros
579 3635 652 3678 suos
664 3611 827 3678 flammam
838 3610 945 3700 igniat
961 3639 974 3675 r
987 3613 1035 3678 De
1045 3611 1070 3680 F
1073 3613 1125 3682 ilio

128 3757 228 3810 ¹acor.
239 3775 285 3820 ru,
301 3775 346 3816 ως
365 3759 438 3810 llum.
456 3777 474 3820 ι,
488 3777 528 3826 ²9·
545 3769 596 3810 etc.
618 3785 651 3798 -
670 3757 730 3808 Ῥε.
744 3775 807 3819 sarx,
822 3761 857 3810 ro.
870 3761 923 3800 —i
937 3763 1017 3814 llobr.
1032 3781 1060 3824 n,
1073 3773 1125 3815 etc.

103 3853 125 3891 et
138 3859 169 3902 rt,
184 3847 220 3892 rb.
231 3871 262 3884 -
271 3843 281 3876 ¹
291 3842 369 3895 Hubr.
383 3863 402 3904 r,
411 3844 499 3905 54-
510 3845 520 3878 ⁵
532 3844 571 3895 l’s.
581 3860 638 3904 cur,
647 3843 678 3902 43
692 3842 771 3894 llebr.
782 3862 800 3903 r,
810 3861 834 3907 7.
1093 3840 1097 3847 ’
