<?xml version="1.0" encoding="UTF-8"?>
<!DOCTYPE html PUBLIC "-//W3C//DTD XHTML 1.0 Transitional//EN"
    "http://www.w3.org/TR/xhtml1/DTD/xhtml1-transitional.dtd">
<html xmlns="http://www.w3.org/1999/xhtml" xml:lang="en" lang="en">
 <head>
  <title>
</title>
<meta http-equiv="Content-Type" content="text/html;charset=utf-8" />
  <meta name='ocr-system' content='tesseract 3.04.00' />
  <meta name='ocr-capabilities' content='ocr_page ocr_carea ocr_par ocr_line ocrx_word'/>
</head>
<body>
  <div class='ocr_page' id='page_1' title='image "./collectioselect02guilgoog_0260.png"; bbox 0 0 2688 4626; ppageno 0'>
   <div class='ocr_carea' id='block_1_1' title="bbox 385 257 1043 322">
    <p class='ocr_par' dir='ltr' id='par_1_1' title="bbox 385 257 1043 322">
     <span class='ocr_line' id='line_1_1' title="bbox 385 257 1043 322; baseline 0 -2"><span class='ocrx_word' id='word_1_1' title='bbox 385 278 537 320; x_wconf 80' lang='lat' dir='ltr'><strong>trouoera</strong></span> <span class='ocrx_word' id='word_1_2' title='bbox 560 277 666 322; x_wconf 76' lang='lat' dir='ltr'><strong>rarus·</strong></span> <span class='ocrx_word' id='word_1_3' title='bbox 973 257 1043 321; x_wconf 74' lang='lat'><strong>25⁵·</strong></span> 
     </span>
    </p>
   </div>
   <div class='ocr_carea' id='block_1_2' title="bbox 16 380 1118 3807">
    <p class='ocr_par' dir='ltr' id='par_1_2' title="bbox 19 380 1040 791">
     <span class='ocr_line' id='line_1_2' title="bbox 22 380 1037 470; baseline 0.005 -27"><span class='ocrx_word' id='word_1_4' title='bbox 22 395 77 446; x_wconf 74' lang='lat' dir='ltr'><strong>»et</strong></span> <span class='ocrx_word' id='word_1_5' title='bbox 92 380 236 470; x_wconf 76' lang='lat' dir='ltr'><strong>plangent</strong></span> <span class='ocrx_word' id='word_1_6' title='bbox 251 381 353 446; x_wconf 87' lang='lat' dir='ltr'><strong>trihus</strong></span> <span class='ocrx_word' id='word_1_7' title='bbox 374 382 416 445; x_wconf 92' lang='lat' dir='ltr'><strong>ad</strong></span> <span class='ocrx_word' id='word_1_8' title='bbox 433 383 568 456; x_wconf 80' lang='lat' dir='ltr'><strong>tribum,</strong></span> <span class='ocrx_word' id='word_1_9' title='bbox 584 394 617 446; x_wconf 90' lang='lat' dir='ltr'><strong>et</strong></span> <span class='ocrx_word' id='word_1_10' title='bbox 630 391 709 447; x_wconf 90' lang='lat' dir='ltr'><strong>tunc</strong></span> <span class='ocrx_word' id='word_1_11' title='bbox 722 381 876 447; x_wconf 81' lang='lat' dir='ltr'><strong>ridebunt</strong></span> <span class='ocrx_word' id='word_1_12' title='bbox 893 383 926 448; x_wconf 94' lang='lat' dir='ltr'><strong>iu</strong></span> <span class='ocrx_word' id='word_1_13' title='bbox 945 405 1037 470; x_wconf 89' lang='lat' dir='ltr'><strong>quem</strong></span> 
     </span>
     <span class='ocr_line' id='line_1_3' title="bbox 21 487 1040 578; baseline 0.008 -30"><span class='ocrx_word' id='word_1_14' title='bbox 21 501 256 578; x_wconf 64' lang='lat' dir='ltr'><strong>»pupugerunt</strong></span> <span class='ocrx_word' id='word_1_15' title='bbox 280 510 318 554; x_wconf 85' lang='lat' dir='ltr'><strong>ac</strong></span> <span class='ocrx_word' id='word_1_16' title='bbox 341 487 469 554; x_wconf 85' lang='lat' dir='ltr'><strong>dicent:</strong></span> <span class='ocrx_word' id='word_1_17' title='bbox 492 488 572 562; x_wconf 85' lang='lat' dir='ltr'><strong>Cur,</strong></span> <span class='ocrx_word' id='word_1_18' title='bbox 591 489 739 563; x_wconf 85' lang='lat' dir='ltr'><strong>Domine,</strong></span> <span class='ocrx_word' id='word_1_19' title='bbox 756 491 904 555; x_wconf 82' lang='lat' dir='ltr'><strong>aberrare</strong></span> <span class='ocrx_word' id='word_1_20' title='bbox 923 513 980 556; x_wconf 87' lang='lat' dir='ltr'><strong>nos</strong></span> <span class='ocrx_word' id='word_1_21' title='bbox 999 491 1040 556; x_wconf 82' lang='lat' dir='ltr'><strong>ie·</strong></span> 
     </span>
     <span class='ocr_line' id='line_1_4' title="bbox 21 595 1039 686; baseline 0.009 -32"><span class='ocrx_word' id='word_1_22' title='bbox 21 625 32 654; x_wconf 72' lang='lat' dir='ltr'><strong>s</strong></span> <span class='ocrx_word' id='word_1_23' title='bbox 48 597 116 661; x_wconf 85' lang='lat' dir='ltr'><strong>cisti</strong></span> <span class='ocrx_word' id='word_1_24' title='bbox 131 619 148 660; x_wconf 85' lang='lat' dir='ltr'><strong>a</strong></span> <span class='ocrx_word' id='word_1_25' title='bbox 162 597 212 662; x_wconf 84' lang='lat' dir='ltr'><strong>via</strong></span> <span class='ocrx_word' id='word_1_26' title='bbox 228 595 328 660; x_wconf 76' lang='lat' dir='ltr'><strong>tua¹i</strong></span> <span class='ocrx_word' id='word_1_27' title='bbox 345 595 472 672; x_wconf 82' lang='lat' dir='ltr'><strong>Gloria,</strong></span> <span class='ocrx_word' id='word_1_28' title='bbox 488 597 541 662; x_wconf 86' lang='lat' dir='ltr'><strong>oui</strong></span> <span class='ocrx_word' id='word_1_29' title='bbox 561 597 787 662; x_wconf 88' lang='lat' dir='ltr'><strong>benedixerunt</strong></span> <span class='ocrx_word' id='word_1_30' title='bbox 809 608 915 686; x_wconf 86' lang='lat' dir='ltr'><strong>patres</strong></span> <span class='ocrx_word' id='word_1_31' title='bbox 931 600 1039 676; x_wconf 80' lang='lat' dir='ltr'><strong>nostri,</strong></span> 
     </span>
     <span class='ocr_line' id='line_1_5' title="bbox 19 701 699 791; baseline -0.003 -23"><span class='ocrx_word' id='word_1_32' title='bbox 19 732 31 761; x_wconf 77' lang='grc' dir='ltr'><strong><em>ι</em></strong></span> <span class='ocrx_word' id='word_1_33' title='bbox 46 725 197 770; x_wconf 85' lang='lat' dir='ltr'><strong>converse</strong></span> <span class='ocrx_word' id='word_1_34' title='bbox 213 701 306 768; x_wconf 88' lang='lat' dir='ltr'><strong>nohis</strong></span> <span class='ocrx_word' id='word_1_35' title='bbox 321 715 369 767; x_wconf 88' lang='lat' dir='ltr'><strong>est</strong></span> <span class='ocrx_word' id='word_1_36' title='bbox 382 703 415 768; x_wconf 91' lang='lat' dir='ltr'><strong>iu</strong></span> <span class='ocrx_word' id='word_1_37' title='bbox 429 703 638 791; x_wconf 87' lang='lat' dir='ltr'><strong>ignominiam</strong></span> <span class='ocrx_word' id='word_1_38' title='bbox 647 703 668 766; x_wconf 79' lang='lat'><strong>².</strong></span> <span class='ocrx_word' id='word_1_39' title='bbox 686 731 699 766; x_wconf 78' lang='grc' dir='ltr'><strong>ι</strong></span> 
     </span>
    </p>

    <p class='ocr_par' dir='ltr' id='par_1_3' title="bbox 16 809 1118 3807">
     <span class='ocr_line' id='line_1_6' title="bbox 62 809 1042 900; baseline 0.002 -26"><span class='ocrx_word' id='word_1_40' title='bbox 62 809 145 875; x_wconf 86' lang='lat' dir='ltr'><strong>LIII.</strong></span> <span class='ocrx_word' id='word_1_41' title='bbox 159 809 259 876; x_wconf 85' lang='lat' dir='ltr'><strong>Multa</strong></span> <span class='ocrx_word' id='word_1_42' title='bbox 270 810 370 898; x_wconf 82' lang='lat' dir='ltr'><strong>igitur</strong></span> <span class='ocrx_word' id='word_1_43' title='bbox 383 823 415 874; x_wconf 90' lang='lat' dir='ltr'><strong>et</strong></span> <span class='ocrx_word' id='word_1_44' title='bbox 428 809 486 875; x_wconf 86' lang='lat' dir='ltr'><strong>elia</strong></span> <span class='ocrx_word' id='word_1_45' title='bbox 503 809 654 879; x_wconf 89' lang='lat' dir='ltr'><strong>hahentes</strong></span> <span class='ocrx_word' id='word_1_46' title='bbox 666 811 892 900; x_wconf 78' lang='lat' dir='ltr'><strong>Prophetarum</strong></span> <span class='ocrx_word' id='word_1_47' title='bbox 904 813 1042 877; x_wconf 88' lang='lat' dir='ltr'><strong>testimo-</strong></span> 
     </span>
     <span class='ocr_line' id='line_1_7' title="bbox 17 917 1037 1005; baseline 0.003 -24"><span class='ocrx_word' id='word_1_48' title='bbox 17 918 87 990; x_wconf 83' lang='lat' dir='ltr'><strong>nie,</strong></span> <span class='ocrx_word' id='word_1_49' title='bbox 104 941 173 1004; x_wconf 85' lang='lat' dir='ltr'><strong>quae</strong></span> <span class='ocrx_word' id='word_1_50' title='bbox 191 918 332 1005; x_wconf 81' lang='lat' dir='ltr'><strong>proferre</strong></span> <span class='ocrx_word' id='word_1_51' title='bbox 347 940 519 1004; x_wconf 80' lang='lat' dir='ltr'><strong>possemus,</strong></span> <span class='ocrx_word' id='word_1_52' title='bbox 538 918 635 983; x_wconf 82' lang='lat' dir='ltr'><strong>finem</strong></span> <span class='ocrx_word' id='word_1_53' title='bbox 652 917 793 995; x_wconf 77' lang='lat' dir='ltr'><strong>facimus,</strong></span> <span class='ocrx_word' id='word_1_54' title='bbox 810 925 883 985; x_wconf 87' lang='lat' dir='ltr'><strong>cum</strong></span> <span class='ocrx_word' id='word_1_55' title='bbox 895 919 969 984; x_wconf 89' lang='lat' dir='ltr'><strong>satis</strong></span> <span class='ocrx_word' id='word_1_56' title='bbox 981 920 1037 984; x_wconf 88' lang='lat' dir='ltr'><strong>ista</strong></span> 
     </span>
     <span class='ocr_line' id='line_1_8' title="bbox 18 1023 1038 1112; baseline 0.004 -24"><span class='ocrx_word' id='word_1_57' title='bbox 18 1047 92 1090; x_wconf 89' lang='lat' dir='ltr'><strong>esse</strong></span> <span class='ocrx_word' id='word_1_58' title='bbox 108 1025 149 1090; x_wconf 92' lang='lat' dir='ltr'><strong>ad</strong></span> <span class='ocrx_word' id='word_1_59' title='bbox 162 1025 395 1112; x_wconf 72' lang='lat' dir='ltr'><strong>persuasionem</strong></span> <span class='ocrx_word' id='word_1_60' title='bbox 408 1025 596 1090; x_wconf 79' lang='lat' dir='ltr'><strong>arbitremur</strong></span> <span class='ocrx_word' id='word_1_61' title='bbox 610 1023 658 1088; x_wconf 91' lang='lat' dir='ltr'><strong>his</strong></span> <span class='ocrx_word' id='word_1_62' title='bbox 673 1026 727 1112; x_wconf 89' lang='lat' dir='ltr'><strong>qui</strong></span> <span class='ocrx_word' id='word_1_63' title='bbox 741 1049 831 1090; x_wconf 85' lang='lat' dir='ltr'><strong>aures</strong></span> <span class='ocrx_word' id='word_1_64' title='bbox 846 1026 886 1090; x_wconf 87' lang='lat' dir='ltr'><strong>ad</strong></span> <span class='ocrx_word' id='word_1_65' title='bbox 905 1026 1038 1092; x_wconf 87' lang='lat' dir='ltr'><strong>audien-</strong></span> 
     </span>
     <span class='ocr_line' id='line_1_9' title="bbox 17 1129 1038 1221; baseline 0.001 -24"><span class='ocrx_word' id='word_1_66' title='bbox 17 1132 98 1198; x_wconf 91' lang='lat' dir='ltr'><strong>dum</strong></span> <span class='ocrx_word' id='word_1_67' title='bbox 121 1143 153 1195; x_wconf 92' lang='lat' dir='ltr'><strong>et</strong></span> <span class='ocrx_word' id='word_1_68' title='bbox 173 1129 413 1218; x_wconf 86' lang='lat' dir='ltr'><strong>intelligendum</strong></span> <span class='ocrx_word' id='word_1_69' title='bbox 434 1132 560 1197; x_wconf 86' lang='lat' dir='ltr'><strong>idoneas</strong></span> <span class='ocrx_word' id='word_1_70' title='bbox 578 1131 711 1206; x_wconf 83' lang='lat' dir='ltr'><strong>habent,</strong></span> <span class='ocrx_word' id='word_1_71' title='bbox 727 1155 843 1220; x_wconf 87' lang='lat' dir='ltr'><strong>eosque</strong></span> <span class='ocrx_word' id='word_1_72' title='bbox 862 1135 1038 1221; x_wconf 78' lang='lat' dir='ltr'><strong>perspicere</strong></span> 
     </span>
     <span class='ocr_line' id='line_1_10' title="bbox 17 1240 1038 1330; baseline 0.002 -25"><span class='ocrx_word' id='word_1_73' title='bbox 17 1263 109 1330; x_wconf 88' lang='lat' dir='ltr'><strong>posse</strong></span> <span class='ocrx_word' id='word_1_74' title='bbox 131 1240 357 1315; x_wconf 86' lang='lat' dir='ltr'><strong>existimemus,</strong></span> <span class='ocrx_word' id='word_1_75' title='bbox 380 1263 577 1328; x_wconf 77' lang='lat' dir='ltr'><strong>nequaquem</strong></span> <span class='ocrx_word' id='word_1_76' title='bbox 601 1263 677 1316; x_wconf 89' lang='lat' dir='ltr'><strong>uos,</strong></span> <span class='ocrx_word' id='word_1_77' title='bbox 700 1240 879 1307; x_wconf 80' lang='lat' dir='ltr'><strong>fabularum</strong></span> <span class='ocrx_word' id='word_1_78' title='bbox 896 1265 983 1306; x_wconf 88' lang='lat' dir='ltr'><strong>more</strong></span> <span class='ocrx_word' id='word_1_79' title='bbox 1000 1265 1038 1307; x_wconf 85' lang='lat' dir='ltr'><strong>ae</strong></span> 
     </span>
     <span class='ocr_line' id='line_1_11' title="bbox 17 1344 1039 1434; baseline 0.004 -24"><span class='ocrx_word' id='word_1_80' title='bbox 17 1346 116 1410; x_wconf 88' lang='lat' dir='ltr'><strong>modo</strong></span> <span class='ocrx_word' id='word_1_81' title='bbox 131 1367 198 1432; x_wconf 82' lang='lat' dir='ltr'><strong>quae</strong></span> <span class='ocrx_word' id='word_1_82' title='bbox 214 1344 253 1409; x_wconf 91' lang='lat' dir='ltr'><strong>de</strong></span> <span class='ocrx_word' id='word_1_83' title='bbox 268 1346 401 1433; x_wconf 84' lang='lat' dir='ltr'><strong>opinatis</strong></span> <span class='ocrx_word' id='word_1_84' title='bbox 414 1345 501 1412; x_wconf 74' lang='lat' dir='ltr'><strong>«Iovis</strong></span> <span class='ocrx_word' id='word_1_85' title='bbox 516 1345 588 1412; x_wconf 84' lang='lat' dir='ltr'><strong>filiis</strong></span> <span class='ocrx_word' id='word_1_86' title='bbox 602 1347 761 1422; x_wconf 84' lang='lat' dir='ltr'><strong>seruatur,</strong></span> <span class='ocrx_word' id='word_1_87' title='bbox 780 1349 886 1413; x_wconf 85' lang='lat' dir='ltr'><strong>dicere</strong></span> <span class='ocrx_word' id='word_1_88' title='bbox 900 1349 1039 1434; x_wconf 90' lang='lat' dir='ltr'><strong>quidem,</strong></span> 
     </span>
     <span class='ocr_line' id='line_1_12' title="bbox 19 1450 1043 1541; baseline 0 -23"><span class='ocrx_word' id='word_1_89' title='bbox 19 1453 74 1518; x_wconf 90' lang='lat' dir='ltr'><strong>sed</strong></span> <span class='ocrx_word' id='word_1_90' title='bbox 90 1453 304 1518; x_wconf 75' lang='lat' dir='ltr'><strong>demonstrare</strong></span> <span class='ocrx_word' id='word_1_91' title='bbox 319 1477 383 1518; x_wconf 90' lang='lat' dir='ltr'><strong>uon</strong></span> <span class='ocrx_word' id='word_1_92' title='bbox 397 1475 498 1541; x_wconf 88' lang='lat' dir='ltr'><strong>posse.</strong></span> <span class='ocrx_word' id='word_1_93' title='bbox 519 1454 689 1532; x_wconf 86' lang='lat' dir='ltr'><strong>Quomodo</strong></span> <span class='ocrx_word' id='word_1_94' title='bbox 704 1454 791 1519; x_wconf 91' lang='lat' dir='ltr'><strong>enim</strong></span> <span class='ocrx_word' id='word_1_95' title='bbox 802 1454 924 1518; x_wconf 92' lang='lat' dir='ltr'><strong>homini</strong></span> <span class='ocrx_word' id='word_1_96' title='bbox 939 1450 1043 1519; x_wconf 85' lang='lat' dir='ltr'><strong>cruci-</strong></span> 
     </span>
     <span class='ocr_line' id='line_1_13' title="bbox 18 1562 1046 1651; baseline 0 -25"><span class='ocrx_word' id='word_1_97' title='bbox 18 1563 80 1626; x_wconf 82' lang='lat' dir='ltr'><strong>fixo</strong></span> <span class='ocrx_word' id='word_1_98' title='bbox 97 1562 298 1628; x_wconf 87' lang='lat' dir='ltr'><strong>crederemus</strong></span> <span class='ocrx_word' id='word_1_99' title='bbox 316 1585 391 1628; x_wconf 92' lang='lat' dir='ltr'><strong>eum</strong></span> <span class='ocrx_word' id='word_1_100' title='bbox 405 1583 473 1628; x_wconf 86' lang='lat' dir='ltr'><strong>esse</strong></span> <span class='ocrx_word' id='word_1_101' title='bbox 487 1563 736 1650; x_wconf 77' lang='lat' dir='ltr'><strong>primogenitum</strong></span> <span class='ocrx_word' id='word_1_102' title='bbox 754 1565 894 1651; x_wconf 76' lang='lat' dir='ltr'><strong>ingenito</strong></span> <span class='ocrx_word' id='word_1_103' title='bbox 910 1562 992 1635; x_wconf 90' lang='lat' dir='ltr'><strong>Deo,</strong></span> <span class='ocrx_word' id='word_1_104' title='bbox 1008 1584 1046 1626; x_wconf 88' lang='lat' dir='ltr'><strong>ao</strong></span> 
     </span>
     <span class='ocr_line' id='line_1_14' title="bbox 17 1667 1046 1757; baseline 0 -25"><span class='ocrx_word' id='word_1_105' title='bbox 17 1669 174 1756; x_wconf 89' lang='lat' dir='ltr'><strong>judicium</strong></span> <span class='ocrx_word' id='word_1_106' title='bbox 186 1667 228 1732; x_wconf 87' lang='lat' dir='ltr'><strong>de</strong></span> <span class='ocrx_word' id='word_1_107' title='bbox 244 1670 388 1736; x_wconf 77' lang='lat' dir='ltr'><strong>uuiierso</strong></span> <span class='ocrx_word' id='word_1_108' title='bbox 402 1691 519 1757; x_wconf 79' lang='lat' dir='ltr'><strong>genere</strong></span> <span class='ocrx_word' id='word_1_109' title='bbox 532 1669 675 1734; x_wconf 91' lang='lat' dir='ltr'><strong>humano</strong></span> <span class='ocrx_word' id='word_1_110' title='bbox 689 1669 862 1744; x_wconf 80' lang='lat' dir='ltr'><strong>iacturum,</strong></span> <span class='ocrx_word' id='word_1_111' title='bbox 873 1670 942 1735; x_wconf 77' lang='lat' dir='ltr'><strong>‘nisi</strong></span> <span class='ocrx_word' id='word_1_112' title='bbox 958 1670 1046 1734; x_wconf 89' lang='lat' dir='ltr'><strong>testi-</strong></span> 
     </span>
     <span class='ocr_line' id='line_1_15' title="bbox 18 1775 1048 1863; baseline 0 -23"><span class='ocrx_word' id='word_1_113' title='bbox 18 1777 127 1840; x_wconf 90' lang='lat' dir='ltr'><strong>monia</strong></span> <span class='ocrx_word' id='word_1_114' title='bbox 144 1775 183 1839; x_wconf 92' lang='lat' dir='ltr'><strong>de</strong></span> <span class='ocrx_word' id='word_1_115' title='bbox 196 1797 249 1850; x_wconf 89' lang='lat' dir='ltr'><strong>eo,</strong></span> <span class='ocrx_word' id='word_1_116' title='bbox 265 1785 435 1862; x_wconf 84' lang='lat' dir='ltr'><strong>antequam</strong></span> <span class='ocrx_word' id='word_1_117' title='bbox 449 1775 548 1840; x_wconf 89' lang='lat' dir='ltr'><strong>homo</strong></span> <span class='ocrx_word' id='word_1_118' title='bbox 564 1775 665 1841; x_wconf 85' lang='lat' dir='ltr'><strong>factus</strong></span> <span class='ocrx_word' id='word_1_119' title='bbox 679 1775 813 1851; x_wconf 81' lang='lat' dir='ltr'><strong>veniret,</strong></span> <span class='ocrx_word' id='word_1_120' title='bbox 825 1776 990 1863; x_wconf 83' lang='lat' dir='ltr'><strong>praedIcuta</strong></span> <span class='ocrx_word' id='word_1_121' title='bbox 1004 1776 1048 1840; x_wconf 90' lang='lat' dir='ltr'><strong>iu·</strong></span> 
     </span>
     <span class='ocr_line' id='line_1_16' title="bbox 19 1881 1048 1969; baseline -0.001 -22"><span class='ocrx_word' id='word_1_122' title='bbox 19 1885 220 1958; x_wconf 77' lang='lat' dir='ltr'><strong>veniremus,</strong></span> <span class='ocrx_word' id='word_1_123' title='bbox 228 1905 329 1969; x_wconf 88' lang='lat' dir='ltr'><strong>eaque</strong></span> <span class='ocrx_word' id='word_1_124' title='bbox 340 1895 455 1947; x_wconf 83' lang='lat' dir='ltr'><strong>eventu</strong></span> <span class='ocrx_word' id='word_1_125' title='bbox 467 1881 652 1948; x_wconf 83' lang='lat' dir='ltr'><strong>confirmata</strong></span> <span class='ocrx_word' id='word_1_126' title='bbox 664 1881 841 1959; x_wconf 63' lang='lat' dir='ltr'><strong>rideremus</strong></span> <span class='ocrx_word' id='word_1_127' title='bbox 850 1905 858 1946; x_wconf 75' lang='grc' dir='ltr'><strong>ε</strong></span> <span class='ocrx_word' id='word_1_128' title='bbox 867 1881 1048 1960; x_wconf 75' lang='lat' dir='ltr'><strong>Judaeorum</strong></span> 
     </span>
     <span class='ocr_line' id='line_1_17' title="bbox 17 1984 1048 2076; baseline 0.001 -26"><span class='ocrx_word' id='word_1_129' title='bbox 17 2000 121 2052; x_wconf 84' lang='lat' dir='ltr'><strong>torrae</strong></span> <span class='ocrx_word' id='word_1_130' title='bbox 135 1988 328 2061; x_wconf 69' lang='lat' dir='ltr'><strong>vestitatem,</strong></span> <span class='ocrx_word' id='word_1_131' title='bbox 344 2009 382 2052; x_wconf 85' lang='lat' dir='ltr'><strong>ec</strong></span> <span class='ocrx_word' id='word_1_132' title='bbox 397 1987 519 2075; x_wconf 85' lang='lat' dir='ltr'><strong>eosqui</strong></span> <span class='ocrx_word' id='word_1_133' title='bbox 531 2009 570 2051; x_wconf 78' lang='lat' dir='ltr'><strong>ex</strong></span> <span class='ocrx_word' id='word_1_134' title='bbox 580 1987 666 2052; x_wconf 91' lang='lat' dir='ltr'><strong>omni</strong></span> <span class='ocrx_word' id='word_1_135' title='bbox 681 1986 846 2054; x_wconf 90' lang='lat' dir='ltr'><strong>hominum</strong></span> <span class='ocrx_word' id='word_1_136' title='bbox 860 1997 951 2076; x_wconf 78' lang='lat' dir='ltr'><strong>gente</strong></span> <span class='ocrx_word' id='word_1_137' title='bbox 966 1984 1048 2052; x_wconf 80' lang='lat' dir='ltr'><strong>illius</strong></span> 
     </span>
     <span class='ocr_line' id='line_1_18' title="bbox 19 2093 1049 2184; baseline 0 -24"><span class='ocrx_word' id='word_1_138' title='bbox 19 2093 260 2184; x_wconf 86' lang='lat' dir='ltr'><strong>Apostolorum</strong></span> <span class='ocrx_word' id='word_1_139' title='bbox 276 2093 425 2158; x_wconf 78' lang='lat' dir='ltr'><strong>doctrine</strong></span> <span class='ocrx_word' id='word_1_140' title='bbox 444 2093 616 2168; x_wconf 86' lang='lat' dir='ltr'><strong>credidere,</strong></span> <span class='ocrx_word' id='word_1_141' title='bbox 631 2104 663 2158; x_wconf 87' lang='lat' dir='ltr'><strong>et</strong></span> <span class='ocrx_word' id='word_1_142' title='bbox 678 2105 794 2170; x_wconf 83' lang='lat' dir='ltr'><strong>vetera,</strong></span> <span class='ocrx_word' id='word_1_143' title='bbox 811 2095 843 2160; x_wconf 93' lang='lat' dir='ltr'><strong>in</strong></span> <span class='ocrx_word' id='word_1_144' title='bbox 858 2096 970 2184; x_wconf 90' lang='lat' dir='ltr'><strong>quihus</strong></span> <span class='ocrx_word' id='word_1_145' title='bbox 985 2097 1049 2184; x_wconf 93' lang='lat' dir='ltr'><strong>opi-</strong></span> 
     </span>
     <span class='ocr_line' id='line_1_19' title="bbox 17 2201 1047 2278; baseline 0.002 -12"><span class='ocrx_word' id='word_1_146' title='bbox 17 2201 134 2266; x_wconf 89' lang='lat' dir='ltr'><strong>nionis</strong></span> <span class='ocrx_word' id='word_1_147' title='bbox 148 2223 258 2266; x_wconf 88' lang='lat' dir='ltr'><strong>errore</strong></span> <span class='ocrx_word' id='word_1_148' title='bbox 270 2201 485 2276; x_wconf 78' lang='lat' dir='ltr'><strong>versabantur,</strong></span> <span class='ocrx_word' id='word_1_149' title='bbox 498 2201 637 2267; x_wconf 87' lang='lat' dir='ltr'><strong>instituta</strong></span> <span class='ocrx_word' id='word_1_150' title='bbox 651 2203 782 2268; x_wconf 78' lang='lat' dir='ltr'><strong>aversati</strong></span> <span class='ocrx_word' id='word_1_151' title='bbox 797 2215 882 2278; x_wconf 87' lang='lat' dir='ltr'><strong>sunt,</strong></span> <span class='ocrx_word' id='word_1_152' title='bbox 898 2203 1047 2269; x_wconf 88' lang='lat' dir='ltr'><strong>nimirum</strong></span> 
     </span>
     <span class='ocr_line' id='line_1_20' title="bbox 16 2309 1044 2400; baseline 0.002 -24"><span class='ocrx_word' id='word_1_153' title='bbox 16 2312 237 2399; x_wconf 89' lang='lat' dir='ltr'><strong>nosmetipsos</strong></span> <span class='ocrx_word' id='word_1_154' title='bbox 255 2309 427 2388; x_wconf 89' lang='lat' dir='ltr'><strong>intuentes,</strong></span> <span class='ocrx_word' id='word_1_155' title='bbox 444 2333 481 2377; x_wconf 87' lang='lat' dir='ltr'><strong>ac</strong></span> <span class='ocrx_word' id='word_1_156' title='bbox 496 2311 601 2399; x_wconf 88' lang='lat' dir='ltr'><strong>plures</strong></span> <span class='ocrx_word' id='word_1_157' title='bbox 616 2335 654 2376; x_wconf 89' lang='lat' dir='ltr'><strong>ex</strong></span> <span class='ocrx_word' id='word_1_158' title='bbox 671 2312 828 2400; x_wconf 81' lang='lat' dir='ltr'><strong>gentihus,</strong></span> <span class='ocrx_word' id='word_1_159' title='bbox 845 2324 876 2376; x_wconf 88' lang='lat' dir='ltr'><strong>et</strong></span> <span class='ocrx_word' id='word_1_160' title='bbox 897 2313 1044 2388; x_wconf 77' lang='lat' dir='ltr'><strong>veriores,</strong></span> 
     </span>
     <span class='ocr_line' id='line_1_21' title="bbox 18 2403 1048 2510; baseline 0.004 -28"><span class='ocrx_word' id='word_1_161' title='bbox 18 2442 123 2506; x_wconf 86' lang='lat' dir='ltr'><strong>quarn</strong></span> <span class='ocrx_word' id='word_1_162' title='bbox 134 2442 173 2484; x_wconf 80' lang='lat' dir='ltr'><strong>cx</strong></span> <span class='ocrx_word' id='word_1_163' title='bbox 183 2418 301 2484; x_wconf 85' lang='lat' dir='ltr'><strong>Iudaeis</strong></span> <span class='ocrx_word' id='word_1_164' title='bbox 309 2430 342 2484; x_wconf 92' lang='lat' dir='ltr'><strong>et</strong></span> <span class='ocrx_word' id='word_1_165' title='bbox 352 2417 569 2496; x_wconf 76' lang='lat' dir='ltr'><strong>samaritanis,</strong></span> <span class='ocrx_word' id='word_1_166' title='bbox 581 2419 773 2486; x_wconf 83' lang='lat' dir='ltr'><strong>Christianos</strong></span> <span class='ocrx_word' id='word_1_167' title='bbox 784 2403 1048 2510; x_wconf 86' lang='lat' dir='ltr'><strong>esseperspicien·</strong></span> 
     </span>
     <span class='ocr_line' id='line_1_22' title="bbox 17 2525 1047 2618; baseline 0.004 -26"><span class='ocrx_word' id='word_1_168' title='bbox 17 2525 94 2592; x_wconf 80' lang='lat' dir='ltr'><strong>tes?</strong></span> <span class='ocrx_word' id='word_1_169' title='bbox 120 2525 239 2590; x_wconf 79' lang='lat' dir='ltr'><strong>catera</strong></span> <span class='ocrx_word' id='word_1_170' title='bbox 260 2526 346 2592; x_wconf 88' lang='lat' dir='ltr'><strong>enim</strong></span> <span class='ocrx_word' id='word_1_171' title='bbox 368 2528 473 2594; x_wconf 91' lang='lat' dir='ltr'><strong>omnia</strong></span> <span class='ocrx_word' id='word_1_172' title='bbox 494 2529 659 2594; x_wconf 88' lang='lat' dir='ltr'><strong>hominum</strong></span> <span class='ocrx_word' id='word_1_173' title='bbox 681 2552 796 2618; x_wconf 80' lang='lat' dir='ltr'><strong>genera</strong></span> <span class='ocrx_word' id='word_1_174' title='bbox 818 2552 836 2594; x_wconf 89' lang='lat' dir='ltr'><strong>a</strong></span> <span class='ocrx_word' id='word_1_175' title='bbox 863 2530 1047 2618; x_wconf 81' lang='lat' dir='ltr'><strong>prophetico</strong></span> 
     </span>
     <span class='ocr_line' id='line_1_23' title="bbox 19 2633 1049 2722; baseline 0.002 -24"><span class='ocrx_word' id='word_1_176' title='bbox 19 2633 148 2722; x_wconf 86' lang='lat' dir='ltr'><strong>Spiritu</strong></span> <span class='ocrx_word' id='word_1_177' title='bbox 169 2646 276 2721; x_wconf 78' lang='lat' dir='ltr'><strong>gentes</strong></span> <span class='ocrx_word' id='word_1_178' title='bbox 297 2649 450 2702; x_wconf 81' lang='lat' dir='ltr'><strong>vocentur</strong></span> <span class='ocrx_word' id='word_1_179' title='bbox 467 2659 475 2700; x_wconf 73' lang='grc' dir='ltr'><strong><em>ε</em></strong></span> <span class='ocrx_word' id='word_1_180' title='bbox 497 2636 636 2704; x_wconf 67' lang='lat' dir='ltr'><strong>Iudaicos</strong></span> <span class='ocrx_word' id='word_1_181' title='bbox 659 2649 767 2703; x_wconf 91' lang='lat' dir='ltr'><strong>autem</strong></span> <span class='ocrx_word' id='word_1_182' title='bbox 788 2649 821 2702; x_wconf 87' lang='lat' dir='ltr'><strong>et</strong></span> <span class='ocrx_word' id='word_1_183' title='bbox 846 2637 1049 2704; x_wconf 72' lang='lat' dir='ltr'><strong>Samaritarum</strong></span> 
     </span>
     <span class='ocr_line' id='line_1_24' title="bbox 21 2741 1051 2832; baseline 0.003 -25"><span class='ocrx_word' id='word_1_184' title='bbox 21 2744 142 2816; x_wconf 88' lang='lat' dir='ltr'><strong>trihus,</strong></span> <span class='ocrx_word' id='word_1_185' title='bbox 157 2741 253 2808; x_wconf 86' lang='lat' dir='ltr'><strong>Israel</strong></span> <span class='ocrx_word' id='word_1_186' title='bbox 275 2755 308 2809; x_wconf 89' lang='lat' dir='ltr'><strong>et</strong></span> <span class='ocrx_word' id='word_1_187' title='bbox 322 2744 436 2810; x_wconf 89' lang='lat' dir='ltr'><strong>domus</strong></span> <span class='ocrx_word' id='word_1_188' title='bbox 457 2745 568 2813; x_wconf 88' lang='lat' dir='ltr'><strong>Iacob.</strong></span> <span class='ocrx_word' id='word_1_189' title='bbox 596 2746 766 2825; x_wconf 85' lang='lat' dir='ltr'><strong>Quomodo</strong></span> <span class='ocrx_word' id='word_1_190' title='bbox 788 2756 896 2812; x_wconf 90' lang='lat' dir='ltr'><strong>autem</strong></span> <span class='ocrx_word' id='word_1_191' title='bbox 916 2745 1051 2832; x_wconf 66' lang='lat' dir='ltr'><strong>predice</strong></span> 
     </span>
     <span class='ocr_line' id='line_1_25' title="bbox 24 2851 1053 2944; baseline 0.001 -29"><span class='ocrx_word' id='word_1_192' title='bbox 24 2865 96 2916; x_wconf 87' lang='lat' dir='ltr'><strong>tum</strong></span> <span class='ocrx_word' id='word_1_193' title='bbox 114 2851 154 2915; x_wconf 85' lang='lat' dir='ltr'><strong>sit</strong></span> <span class='ocrx_word' id='word_1_194' title='bbox 172 2851 277 2939; x_wconf 87' lang='lat' dir='ltr'><strong>plures</strong></span> <span class='ocrx_word' id='word_1_195' title='bbox 292 2877 331 2919; x_wconf 85' lang='lat' dir='ltr'><strong>ex</strong></span> <span class='ocrx_word' id='word_1_196' title='bbox 350 2856 496 2944; x_wconf 77' lang='lat' dir='ltr'><strong>gentihus</strong></span> <span class='ocrx_word' id='word_1_197' title='bbox 511 2856 700 2932; x_wconf 88' lang='lat' dir='ltr'><strong>credituros,</strong></span> <span class='ocrx_word' id='word_1_198' title='bbox 719 2877 817 2944; x_wconf 82' lang='lat' dir='ltr'><strong>quem</strong></span> <span class='ocrx_word' id='word_1_199' title='bbox 833 2875 873 2919; x_wconf 82' lang='lat' dir='ltr'><strong>ex</strong></span> <span class='ocrx_word' id='word_1_200' title='bbox 888 2851 1007 2920; x_wconf 73' lang='lat' dir='ltr'><strong>iudaeis</strong></span> <span class='ocrx_word' id='word_1_201' title='bbox 1020 2864 1053 2916; x_wconf 91' lang='lat' dir='ltr'><strong>et</strong></span> 
     </span>
     <span class='ocr_line' id='line_1_26' title="bbox 24 2961 1051 3052; baseline 0.002 -26"><span class='ocrx_word' id='word_1_202' title='bbox 24 2961 245 3038; x_wconf 84' lang='lat' dir='ltr'><strong>Samaritanis,</strong></span> <span class='ocrx_word' id='word_1_203' title='bbox 264 2964 449 3030; x_wconf 80' lang='lat' dir='ltr'><strong>vatIeIuium</strong></span> <span class='ocrx_word' id='word_1_204' title='bbox 466 2965 644 3042; x_wconf 78' lang='lat' dir='ltr'><strong>afferemus,</strong></span> <span class='ocrx_word' id='word_1_205' title='bbox 661 2965 748 3052; x_wconf 89' lang='lat' dir='ltr'><strong>quod</strong></span> <span class='ocrx_word' id='word_1_206' title='bbox 765 2964 810 3030; x_wconf 89' lang='lat' dir='ltr'><strong>sic</strong></span> <span class='ocrx_word' id='word_1_207' title='bbox 826 2963 944 3029; x_wconf 85' lang='lat' dir='ltr'><strong>hahet:</strong></span> <span class='ocrx_word' id='word_1_208' title='bbox 961 2961 1051 3028; x_wconf 60' lang='lat' dir='ltr'><strong>«Ire-</strong></span> 
     </span>
     <span class='ocr_line' id='line_1_27' title="bbox 24 3067 1118 3162; baseline 0.004 -32"><span class='ocrx_word' id='word_1_209' title='bbox 24 3097 36 3130; x_wconf 72' lang='lat'><em>»</em></span> <span class='ocrx_word' id='word_1_210' title='bbox 57 3078 128 3132; x_wconf 88' lang='lat' dir='ltr'><strong>tare</strong></span> <span class='ocrx_word' id='word_1_211' title='bbox 150 3067 260 3134; x_wconf 88' lang='lat' dir='ltr'><strong>sterilis</strong></span> <span class='ocrx_word' id='word_1_212' title='bbox 281 3093 351 3158; x_wconf 85' lang='lat' dir='ltr'><strong>quae</strong></span> <span class='ocrx_word' id='word_1_213' title='bbox 372 3095 439 3138; x_wconf 91' lang='lat' dir='ltr'><strong>uon</strong></span> <span class='ocrx_word' id='word_1_214' title='bbox 458 3074 557 3162; x_wconf 83' lang='lat' dir='ltr'><strong>paris;</strong></span> <span class='ocrx_word' id='word_1_215' title='bbox 574 3095 706 3160; x_wconf 89' lang='lat' dir='ltr'><strong>erumpe</strong></span> <span class='ocrx_word' id='word_1_216' title='bbox 727 3083 760 3137; x_wconf 87' lang='lat' dir='ltr'><strong>et</strong></span> <span class='ocrx_word' id='word_1_217' title='bbox 780 3069 966 3157; x_wconf 80' lang='lat' dir='ltr'><strong>clamaque</strong></span> <span class='ocrx_word' id='word_1_218' title='bbox 987 3091 1051 3136; x_wconf 88' lang='lat' dir='ltr'><strong>nou</strong></span> <span class='ocrx_word' id='word_1_219' title='bbox 1113 3079 1118 3087; x_wconf 92' lang='lat'>&#39;</span> 
     </span>
     <span class='ocr_line' id='line_1_28' title="bbox 25 3171 1053 3266; baseline 0.002 -32"><span class='ocrx_word' id='word_1_220' title='bbox 25 3203 40 3234; x_wconf 74' lang='grc' dir='ltr'><strong>ι</strong></span> <span class='ocrx_word' id='word_1_221' title='bbox 57 3171 221 3259; x_wconf 89' lang='lat' dir='ltr'><strong>parturis:</strong></span> <span class='ocrx_word' id='word_1_222' title='bbox 242 3176 389 3260; x_wconf 85' lang='lat' dir='ltr'><strong>quoniam</strong></span> <span class='ocrx_word' id='word_1_223' title='bbox 405 3177 505 3244; x_wconf 87' lang='lat' dir='ltr'><strong>multo</strong></span> <span class='ocrx_word' id='word_1_224' title='bbox 519 3175 624 3266; x_wconf 87' lang='lat' dir='ltr'><strong>piures</strong></span> <span class='ocrx_word' id='word_1_225' title='bbox 635 3187 708 3242; x_wconf 89' lang='lat' dir='ltr'><strong>sunt</strong></span> <span class='ocrx_word' id='word_1_226' title='bbox 724 3173 780 3240; x_wconf 81' lang='lat' dir='ltr'><strong>titii</strong></span> <span class='ocrx_word' id='word_1_227' title='bbox 798 3175 939 3250; x_wconf 81' lang='lat' dir='ltr'><strong>deserte,</strong></span> <span class='ocrx_word' id='word_1_228' title='bbox 956 3195 1053 3260; x_wconf 86' lang='lat' dir='ltr'><strong>quam</strong></span> 
     </span>
     <span class='ocr_line' id='line_1_29' title="bbox 26 3277 1054 3373; baseline 0.001 -33"><span class='ocrx_word' id='word_1_229' title='bbox 26 3311 41 3340; x_wconf 70' lang='grc' dir='ltr'><strong><em>ι</em></strong></span> <span class='ocrx_word' id='word_1_230' title='bbox 62 3279 136 3366; x_wconf 86' lang='lat' dir='ltr'><strong>ejus</strong></span> <span class='ocrx_word' id='word_1_231' title='bbox 157 3301 226 3366; x_wconf 83' lang='lat' dir='ltr'><strong>quae</strong></span> <span class='ocrx_word' id='word_1_232' title='bbox 244 3279 338 3348; x_wconf 85' lang='lat' dir='ltr'><strong>hehet</strong></span> <span class='ocrx_word' id='word_1_233' title='bbox 352 3286 485 3352; x_wconf 81' lang='lat' dir='ltr'><strong>virum³.</strong></span> <span class='ocrx_word' id='word_1_234' title='bbox 502 3315 515 3349; x_wconf 76' lang='lat' dir='ltr'><strong>e</strong></span> <span class='ocrx_word' id='word_1_235' title='bbox 530 3283 668 3353; x_wconf 81' lang='lat' dir='ltr'><strong>Desertae</strong></span> <span class='ocrx_word' id='word_1_236' title='bbox 682 3305 820 3373; x_wconf 86' lang='lat' dir='ltr'><strong>namque</strong></span> <span class='ocrx_word' id='word_1_237' title='bbox 838 3293 928 3348; x_wconf 86' lang='lat' dir='ltr'><strong>erent</strong></span> <span class='ocrx_word' id='word_1_238' title='bbox 941 3291 974 3344; x_wconf 89' lang='lat' dir='ltr'><strong>et</strong></span> <span class='ocrx_word' id='word_1_239' title='bbox 989 3277 1054 3342; x_wconf 85' lang='lat' dir='ltr'><strong>veri</strong></span> 
     </span>
     <span class='ocr_line' id='line_1_30' title="bbox 26 3383 1055 3480; baseline 0.002 -30"><span class='ocrx_word' id='word_1_240' title='bbox 26 3385 90 3452; x_wconf 89' lang='lat' dir='ltr'><strong>Dei</strong></span> <span class='ocrx_word' id='word_1_241' title='bbox 108 3385 226 3474; x_wconf 75' lang='lat' dir='ltr'><strong>ignarae</strong></span> <span class='ocrx_word' id='word_1_242' title='bbox 248 3402 355 3476; x_wconf 78' lang='lat' dir='ltr'><strong>gentes</strong></span> <span class='ocrx_word' id='word_1_243' title='bbox 374 3415 483 3458; x_wconf 88' lang='lat' dir='ltr'><strong>omues</strong></span> <span class='ocrx_word' id='word_1_244' title='bbox 503 3415 655 3458; x_wconf 81' lang='lat' dir='ltr'><strong>manuum</strong></span> <span class='ocrx_word' id='word_1_245' title='bbox 673 3413 770 3480; x_wconf 86' lang='lat' dir='ltr'><strong>opera</strong></span> <span class='ocrx_word' id='word_1_246' title='bbox 784 3387 934 3455; x_wconf 84' lang='lat' dir='ltr'><strong>colentes.</strong></span> <span class='ocrx_word' id='word_1_247' title='bbox 952 3383 1055 3452; x_wconf 71' lang='lat' dir='ltr'><strong>Iudaei</strong></span> 
     </span>
     <span class='ocr_line' id='line_1_31' title="bbox 27 3481 1056 3590; baseline -0.004 -32"><span class='ocrx_word' id='word_1_248' title='bbox 27 3505 140 3559; x_wconf 90' lang='lat' dir='ltr'><strong>autem</strong></span> <span class='ocrx_word' id='word_1_249' title='bbox 161 3503 195 3559; x_wconf 87' lang='lat' dir='ltr'><strong>et</strong></span> <span class='ocrx_word' id='word_1_250' title='bbox 217 3493 417 3578; x_wconf 78' lang='lat' dir='ltr'><strong>Samaritani,</strong></span> <span class='ocrx_word' id='word_1_251' title='bbox 438 3501 492 3590; x_wconf 93' lang='lat' dir='ltr'><strong>qui</strong></span> <span class='ocrx_word' id='word_1_252' title='bbox 514 3501 573 3566; x_wconf 88' lang='lat' dir='ltr'><strong>Dei</strong></span> <span class='ocrx_word' id='word_1_253' title='bbox 591 3501 724 3564; x_wconf 80' lang='lat' dir='ltr'><strong>verbum</strong></span> <span class='ocrx_word' id='word_1_254' title='bbox 738 3481 798 3562; x_wconf 90' lang='lat' dir='ltr'><strong>sibi</strong></span> <span class='ocrx_word' id='word_1_255' title='bbox 815 3517 873 3584; x_wconf 89' lang='lat' dir='ltr'><strong>per</strong></span> <span class='ocrx_word' id='word_1_256' title='bbox 884 3488 1056 3578; x_wconf 87' lang='lat' dir='ltr'><strong>Prophetas</strong></span> 
     </span>
     <span class='ocr_line' id='line_1_32' title="bbox 27 3602 1054 3694; baseline -0.001 -28"><span class='ocrx_word' id='word_1_257' title='bbox 27 3602 185 3670; x_wconf 87' lang='lat' dir='ltr'><strong>traditum</strong></span> <span class='ocrx_word' id='word_1_258' title='bbox 206 3603 388 3686; x_wconf 80' lang='lat' dir='ltr'><strong>habebant,</strong></span> <span class='ocrx_word' id='word_1_259' title='bbox 411 3623 443 3675; x_wconf 89' lang='lat' dir='ltr'><strong>et</strong></span> <span class='ocrx_word' id='word_1_260' title='bbox 463 3609 627 3675; x_wconf 89' lang='lat' dir='ltr'><strong>Christum</strong></span> <span class='ocrx_word' id='word_1_261' title='bbox 646 3629 772 3694; x_wconf 85' lang='lat' dir='ltr'><strong>semper</strong></span> <span class='ocrx_word' id='word_1_262' title='bbox 789 3611 1054 3693; x_wconf 80' lang='lat' dir='ltr'><strong>exspectaverant,</strong></span> 
     </span>
     <span class='ocr_line' id='line_1_33' title="bbox 28 3711 1056 3807; baseline -0.001 -31"><span class='ocrx_word' id='word_1_263' title='bbox 28 3712 255 3783; x_wconf 80' lang='lat' dir='ltr'><strong>advenientem</strong></span> <span class='ocrx_word' id='word_1_264' title='bbox 269 3728 302 3783; x_wconf 87' lang='lat' dir='ltr'><strong>et</strong></span> <span class='ocrx_word' id='word_1_265' title='bbox 317 3729 508 3807; x_wconf 73' lang='lat' dir='ltr'><strong>presentem</strong></span> <span class='ocrx_word' id='word_1_266' title='bbox 522 3739 587 3783; x_wconf 90' lang='lat' dir='ltr'><strong>noa</strong></span> <span class='ocrx_word' id='word_1_267' title='bbox 601 3723 809 3804; x_wconf 75' lang='lat' dir='ltr'><strong>agnoverunt,</strong></span> <span class='ocrx_word' id='word_1_268' title='bbox 824 3711 930 3802; x_wconf 84' lang='lat' dir='ltr'><strong>paucis</strong></span> <span class='ocrx_word' id='word_1_269' title='bbox 947 3731 1056 3802; x_wconf 86' lang='lat' dir='ltr'><strong>excep-</strong></span> 
     </span>
    </p>
   </div>
   <div class='ocr_carea' id='block_1_3' title="bbox 62 3841 1006 3911">
    <p class='ocr_par' dir='ltr' id='par_1_4' title="bbox 62 3841 1006 3911">
     <span class='ocr_line' id='line_1_34' title="bbox 62 3841 1006 3911; baseline -0.003 -21"><span class='ocrx_word' id='word_1_270' title='bbox 62 3845 68 3874; x_wconf 89' lang='lat'><strong>¹</strong></span> <span class='ocrx_word' id='word_1_271' title='bbox 85 3843 162 3892; x_wconf 85' lang='lat' dir='ltr'><strong>Zach.</strong></span> <span class='ocrx_word' id='word_1_272' title='bbox 176 3861 223 3907; x_wconf 79' lang='lat' dir='ltr'><strong>nr,</strong></span> <span class='ocrx_word' id='word_1_273' title='bbox 239 3862 278 3908; x_wconf 81' lang='lat' dir='ltr'><strong>aa,</strong></span> <span class='ocrx_word' id='word_1_274' title='bbox 296 3845 473 3896; x_wconf 81' lang='lat' dir='ltr'><strong>re.-·²Esai.</strong></span> <span class='ocrx_word' id='word_1_275' title='bbox 494 3863 561 3904; x_wconf 76' lang='lat' dir='ltr'><strong>asur,</strong></span> <span class='ocrx_word' id='word_1_276' title='bbox 583 3862 620 3911; x_wconf 82' lang='lat' dir='ltr'><strong>r7,</strong></span> <span class='ocrx_word' id='word_1_277' title='bbox 635 3853 661 3894; x_wconf 83' lang='lat' dir='ltr'><strong>et</strong></span> <span class='ocrx_word' id='word_1_278' title='bbox 682 3861 745 3904; x_wconf 77' lang='lat' dir='ltr'><strong>extr,</strong></span> <span class='ocrx_word' id='word_1_279' title='bbox 767 3841 937 3891; x_wconf 53' lang='grc' dir='ltr'><strong>ιμ’-ἘΜ</strong></span> <span class='ocrx_word' id='word_1_280' title='bbox 953 3859 971 3902; x_wconf 85' lang='grc' dir='ltr'><strong>ι,</strong></span> <span class='ocrx_word' id='word_1_281' title='bbox 984 3857 1006 3904; x_wconf 85' lang='lat'><strong>9.</strong></span> 
     </span>
    </p>
   </div>
   <div class='ocr_carea' id='block_1_4' title="bbox 0 0 1357 4626">
    <p class='ocr_par' dir='ltr' id='par_1_5' title="bbox 0 0 1357 4626">
     <span class='ocr_line' id='line_1_35' title="bbox 0 0 1357 4626; baseline 0 0"><span class='ocrx_word' id='word_1_282' title='bbox 0 0 1357 4626; x_wconf 95' lang='lat' dir='ltr'><strong> </strong></span> 
     </span>
    </p>
   </div>
  </div>
 </body>
</html>
