2616 4620
273 332 313 374 aa
339 323 535 384 serenicurt,-
559 331 620 375 ura.
646 331 692 374 ru.
934 313 992 398 105

22 448 236 514 monstrasset,
265 461 328 504 non
355 439 452 505 totius
480 439 563 505 orbis
595 449 762 514 terrarum,
790 438 846 503 sed
871 450 993 506 tantum

22 569 163 634 mporum
177 545 272 612 luisse
295 545 389 622 dixin
405 559 438 612 et
453 548 506 635 qui
525 547 559 613 in
576 545 740 613 altissimos
761 559 884 616 montes
903 547 996 638 sugis-

22 653 66 731 at,
93 677 146 721 eos
169 652 343 722 incolumes
367 655 510 720 evasisse·
531 651 593 722 Alii
613 652 838 723 Deucalionem
859 667 892 720 et
916 656 996 744 Pyre

22 785 72 828 am
86 775 162 830 tunc
179 761 317 829 extitisse
326 759 453 838 dicunt,
466 783 582 850 eosque
595 762 628 827 in
644 783 716 829 arca
733 772 871 829 servatos
885 763 993 838 fuisses

22 871 204 940 rucalionem
219 883 325 938 autem
339 893 379 938 ex
392 867 464 938 arca
482 894 655 960 egressum,
666 869 783 960 lapides
794 879 865 960 post
874 884 998 962 tergum

22 994 125 1061 stasne,
140 985 235 1071 atque
251 1003 291 1047 ex
311 980 359 1046 his
376 978 521 1045 homines
535 989 626 1046 natos
640 1001 717 1046 esse.
740 979 821 1047 Hinc
834 981 998 1048 hominum

22 1089 215 1156 altitudinem
232 1103 321 1177 λαοὺς,
340 1089 403 1156 sive
418 1086 564 1179 populos,
588 1087 776 1179 appellatam
795 1088 913 1156 dicunt.
938 1089 1000 1157 Alii

22 1221 172 1287 ymenum
194 1200 227 1265 in
250 1196 389 1265 secundo
415 1193 530 1262 diluvio
558 1195 694 1261 extitisse
724 1193 843 1261 dicunt.
873 1195 1000 1263 Miseros

23 1321 77 1372 tur
97 1329 134 1373 ao
155 1307 268 1396 impios
287 1317 320 1372 et
343 1302 453 1372 stultos
466 1303 614 1393 [reperiri
633 1303 686 1393 qui
706 1300 779 1369 talia
800 1293 957 1393 scripsere
970 1318 1001 1372 et

24 1415 194 1504 ilosophati
214 1424 289 1481 sunt
306 1411 408 1480 inutili
430 1434 538 1501 opera,
557 1435 597 1478 ex
616 1411 666 1478 his
688 1431 758 1500 ques
778 1411 911 1480 diximus
930 1415 1002 1480 satis

22 1524 184 1614 rspicuum
204 1532 261 1589 est.
290 1521 403 1588 Noster
424 1531 530 1586 autem
551 1521 705 1610 propheta
730 1529 763 1587 et
786 1517 921 1587 famulus
945 1523 1004 1588 Dei

22 1655 83 1698 oses
103 1631 256 1722 originem
275 1631 386 1696 mundi
406 1652 577 1718 exponens,
592 1630 730 1697 narravit
743 1631 902 1719 quomodo
922 1629 1005 1696 dilu-

21 1765 68 1806 rm
82 1741 116 1806 in
126 1752 210 1806 terra
225 1739 344 1805 tactum
358 1739 410 1814 sit,
427 1738 492 1802 imo
506 1738 603 1803 etiam
617 1762 687 1826 quae
698 1762 774 1805 cum
788 1738 906 1805 diluvio
917 1739 1003 1806 fuere

22 1851 155 1938 njuncta
171 1847 329 1937 quomodo
344 1846 520 1920 evenerintr
538 1870 603 1913 non
623 1845 789 1936 Pyrrham,
812 1860 866 1914 aut
880 1848 1005 1916 Deuca-

22 1981 101 2024 nem
117 1967 172 2024 aut
198 1954 386 2046 Clymenum
408 1953 541 2044 lingens,
564 1967 619 2021 aut
638 1977 765 2046 campos
787 1955 889 2024 solum
910 1958 1005 2024 inun-

22 2079 75 2131 tos
94 2064 201 2142 fuisse,
217 2073 249 2130 et
264 2063 318 2152 qui
339 2062 373 2130 in
386 2072 509 2130 montes
525 2062 686 2152 fugissent,
702 2061 784 2131 solos
804 2066 935 2134 evasisse
955 2068 1006 2133 in-

22 2174 136 2242 lumes.

22 2283 120 2349 XIX.
135 2281 200 2350 Sed
211 2305 314 2373 neque
326 2284 421 2350 etiam
435 2281 569 2348 alterum
585 2281 735 2351 diluvium
746 2282 840 2350 fuisse
854 2283 1003 2359 declarat,

23 2415 44 2454 o
62 2388 188 2456 nullum
202 2387 335 2478 amplius
351 2387 503 2453 diluvium
518 2409 671 2476 aquarum
684 2389 805 2455 mimdo
819 2400 1006 2456 eventurum

22 2522 50 2563 se
77 2497 204 2570 asserit:
221 2495 488 2585 quomadmodum
509 2517 544 2560 re
558 2517 630 2562 vera
644 2518 706 2562 noc
719 2497 823 2563 evenit
837 2519 897 2564 nec
910 2521 1006 2564 even-

22 2629 94 2672 ·um
109 2617 167 2671 eat.
186 2604 269 2672 Octo
284 2617 389 2671 autem
411 2603 540 2670 omnino
563 2603 706 2671 homines
724 2605 757 2672 in
777 2627 849 2672 arca
869 2615 1006 2672 seriatos

22 2738 77 2782 sse
97 2713 187 2790 dicit,
212 2735 249 2778 ea
269 2734 364 2801 mam
383 2713 472 2801 jussu
491 2711 550 2777 Dei
571 2733 636 2778 non
655 2709 841 2788 Deucalion,
856 2711 912 2777 sed
927 2712 1005 2788 Noe,

22 2827 75 2910 jus
96 2845 215 2890 nomen
234 2822 404 2889 Hebraeum
427 2821 453 2886 si
472 2818 583 2886 Graeca
606 2820 833 2909 interpreteris,
854 2817 940 2884 idem
961 2832 1009 2884 est

35 2932 182 3020 requies,
198 2940 416 2998 construxerat
421 2949 431 3000 ς
450 2925 718 3014 quemadmodum
736 2926 769 2991 in
785 2922 846 2989 ali'o
861 2921 941 2990 libro
956 2927 1008 2992 de·

22 3039 243 3114 instravimus,
266 3035 332 3103 Noe
351 3034 534 3104 hominibus
552 3031 635 3098 illins
654 3033 752 3099 aetatis
773 3032 915 3099 tutorum
932 3034 1010 3100 dilu-

22 3171 70 3212 im
86 3143 299 3217 nuntiantem,
311 3141 355 3206 ita
370 3137 429 3205 illis
440 3149 509 3205 esse
519 3137 723 3206 vaticinatum
736 3161 746 3203 r
759 3137 906 3217 «Venite
919 3154 1011 3208 vocat

22 3279 67 3322 ‘os
86 3251 173 3319 Deus
188 3248 228 3316 ad
243 3246 469 3338 paenitentiam.
491 3246 609 3312 »Unde
623 3243 796 3314 Deucalion
814 3249 940 3338 proprie
955 3274 1011 3339 ap-

22 3363 121 3430 llatus
140 3367 196 3424 eet.
219 3355 301 3421 Huic
319 3354 386 3422 Noe
406 3365 471 3421 tres
492 3364 581 3421 erant
601 3353 669 3433 filii,
692 3356 959 3445 quemadmodum
979 3358 1012 3424 in

22 3465 668 3552 :undolibrodemonstravimus,quorum
679 3465 902 3543 nominaSem,
912 3465 1013 3532 Chem

24 3577 169 3668 taphet,
190 3575 244 3664 qui
266 3598 355 3641 suam
377 3571 489 3663 singuli
512 3597 641 3640 uxorem
657 3574 851 3648 habuerunt;
865 3587 934 3640 tum
948 3577 1013 3665 ipse

22 3708 115 3754 uxor
130 3683 210 3773 ejus.
229 3682 322 3750 llunc
336 3681 498 3748 hominem
514 3679 657 3747 nonnulli
677 3681 866 3750 Eunuchum
881 3706 1013 3752 vocave-

22 3807 67 3864 rt.
88 3791 175 3857 Octo
190 3790 285 3880 igitur
300 3789 429 3855 omnino
444 3788 587 3856 homines
601 3811 676 3855 cum
686 3789 719 3855 in
730 3813 802 3856 arca
814 3791 931 3858 inventi
942 3791 1015 3857 luis·

22 3917 64 3980 rt,
85 3897 262 3966 incolruneo
278 3920 414 3966 evasere.
432 3897 521 3966 idem
536 3897 639 3966 Moses
652 3898 847 3968 demonstrat
862 3899 1013 3968 diluvium

75 4027 113 4074 11.
802 4009 838 4073 ιδ
