2616 4620
313 246 372 321 184
552 239 558 249 ’
617 291 621 300 ·
650 267 675 310 s.
700 269 727 310 a.
755 269 784 310 n.
813 267 980 311 ranorum

1244 299 1245 332 l

309 369 381 434 dem
391 391 430 435 ex
440 357 567 434 materia
579 373 767 436 constituere
778 393 843 436 non
855 367 1214 454 dubitati‘ythagonnm.
1244 363 1245 404 l

308 479 362 567 qui
376 490 423 543 tot
437 501 475 543 ec
485 489 570 542 muta
583 479 622 544 de
637 479 695 544 diis
710 479 874 554 laboravit,
890 503 930 545 ac
941 499 1066 544 sursum
1075 476 1228 565 deorsunpr¹

309 585 446 672 grinatue
465 595 525 658 est,
544 597 701 672 postremo
720 597 829 650 natura
847 597 880 650 et
898 583 1032 649 fortuito
1050 603 1232 693 coneunnomp

309 692 473 768 contineri,
490 715 549 759 nec
565 691 661 758 ullam
677 693 839 758 hominum
855 693 1107 783 procurationem
1119 689 1211 774 deospr
1227 696 1233 789 Ι

308 799 426 864 delinit.
450 799 539 864 lllitto
553 801 648 866 etiam
662 814 739 890 quot
754 814 785 866 et
800 814 914 888 quanta
932 799 1136 865 Clitomachus
1147 792 1235 889 lule-l

308 928 364 971 cus
384 907 579 994 excogitant,
600 920 635 971 ut
649 907 750 972 nullos
764 931 830 972 esse
845 907 921 972 deos
936 907 1096 996 probaret.
1115 901 1235 982 Quanti

307 1014 403 1080 etiam
421 1013 556 1080 Critias?
573 1039 677 1080 nonne
695 1015 889 1102 Protagoras,
911 1017 1011 1102 cujus
1026 1025 1071 1078 est
1081 1009 1160 1076 illud:
1171 1004 1235 1070 «te

308 1135 442 1187 »utrum
461 1123 523 1188 siat
543 1122 585 1187 dii
605 1145 731 1210 possum
751 1122 866 1197 dicere,
887 1145 950 1186 nec
974 1118 1082 1209 quales
1097 1119 1148 1182 sint
1160 1104 1238 1183 alme-l

307 1257 320 1290 ι
335 1239 417 1294 trare
432 1253 440 1294 :
458 1227 651 1294 multaenim
663 1241 813 1316 suntque
824 1251 876 1294 me
891 1225 1116 1294 deterreant.
1127 1223 1224 1300 Quor.

307 1337 347 1400 ah
363 1335 541 1402 Euhemero
555 1357 684 1400 eummae
703 1336 868 1423 impietatis
881 1335 1018 1400 homine
1036 1334 1114 1398 dicta
1126 1342 1223 1399 sonte

308 1467 555 1510 commemorare
564 1443 691 1532 quidem
701 1467 803 1532 operae
812 1445 948 1531 pretium
961 1443 1098 1509 videtur.
1111 1438 1211 1519 leonins»

308 1575 403 1640 quem
423 1551 520 1618 multa
541 1552 580 1617 de
600 1551 657 1618 diis
679 1553 827 1618 disserere
848 1575 941 1618 ausus
961 1563 1027 1625 est,
1049 1561 1177 1637 postium
1189 1540 1215 1604 ιὲ·
1242 1625 1243 1628 Ἴ

308 1661 436 1726 omnino
450 1683 530 1734 esse,
545 1683 583 1726 ac
599 1660 727 1726 fortuito
741 1663 845 1726 omnia
861 1661 1038 1748 gubernari
1055 1648 1216 1722 contenditll

309 1780 426 1844 autem,
445 1770 498 1854 qui
513 1781 577 1834 tam
592 1769 689 1834 multa
706 1770 744 1834 de
760 1769 940 1834 monarchia
959 1770 1023 1833 Dei
1040 1763 1183 1853 disputarit,
1194 1777 1222 1818 a:

309 1877 411 1942 aalma
437 1875 586 1949 humane,
616 1875 826 1940 immortalem
851 1899 919 1940 eam
946 1899 1020 1940 esse
1047 1887 1169 1940 statuens,
1184 1887 1220 1927 ιιι

308 1994 415 2071 postea
433 2003 543 2047 secum
560 1982 626 2070 ipse
645 2005 783 2070 pugnare
802 1983 1064 2071 deprehenditur,
1084 1983 1147 2044 dum
1159 1991 1225 2059 qunt-

309 2089 382 2152 dam
401 2087 520 2152 animas
540 2088 572 2151 in
594 2086 668 2152 elios
689 2088 830 2153 homines
851 2090 987 2176 migrare
1011 2088 1099 2159 dicit,
1116 2077 1222 2170 quim&

309 2207 414 2260 autem
441 2197 473 2259 in
501 2194 645 2260 animalia
672 2197 798 2260 rationis
819 2198 955 2284 expertia
990 2189 1223 2262 concederetur]

308 2301 465 2370 horrenda
480 2315 511 2366 et
525 2302 657 2368 nefanda
671 2304 738 2389 ejus
757 2304 907 2368 sententia
927 2305 1002 2369 viris
1018 2286 1219 2391 prudentiotiit

309 2415 407 2485 bitur,
428 2423 463 2475 ut
482 2413 534 2498 qui
553 2411 627 2477 olim
645 2412 740 2477 homo
759 2413 863 2486 luerit,
886 2412 910 2476 is
929 2435 1041 2476 rursus
1061 2410 1143 2497 lupus
1155 2393 1226 2464 roeo·

309 2522 377 2594 fiat,
393 2532 448 2584 aut
463 2520 566 2586 asinus
580 2531 634 2584 aut
649 2519 734 2585 aliud
748 2519 907 2607 quidpiam
921 2519 1039 2586 animal
1055 2513 1162 2583 rationis
1170 2499 1224 2588 expes]

310 2630 392 2694 lluic
410 2650 546 2692 consone
564 2625 755 2714 Pythagoras
773 2650 897 2713 quoque
915 2640 1055 2715 nugatus
1073 2645 1133 2688 esse
1146 2609 1223 2700 deperi*

311 2739 407 2814 ditur,
422 2749 630 2826 preterquam
645 2736 729 2822 quod
744 2731 837 2801 etiam
849 2737 1077 2824 providentiam
1092 2717 1228 2798 sustulitllt

311 2847 404 2935 igitur
419 2844 605 2912 credemus?
619 2844 792 2912 Philemoni
808 2843 936 2910 Comico
952 2844 1091 2910 dicenti:

389 3015 526 3071 Praeclara
539 3031 660 3090 namque
672 3013 795 3070 numinis
804 3009 960 3068 cultoribus

389 3119 460 3193 Spes
470 3113 633 3173 adsalutem
644 3113 787 3192 suppetit?
889 3164 894 3172 .

313 3279 352 3319 an
375 3254 411 3318 iis
433 3277 510 3342 quos
536 3253 681 3330 diximus,
705 3255 894 3331 Euhemero,
918 3256 1055 3344 Epicuro
1074 3265 1103 3320 et
1120 3245 1241 3334 Pythago*

313 3361 493 3447 ceterisque
511 3359 614 3424 Deum
626 3359 793 3426 colendum
807 3383 874 3427 esse
889 3363 1083 3450 negantibus,
1097 3381 1129 3424 ao
1143 3345 1233 3442 ,men

311 3471 387 3534 tiam
401 3467 601 3533 tollentibus?
621 3468 721 3533 Aede
740 3469 806 3533 Deo
822 3469 948 3556 quidem
964 3446 1231 3559 esponderunt

312 3589 426 3665 quotus
445 3586 491 3642 est
506 3575 610 3640 Aristo
627 3599 635 3640 ε

393 3719 510 3776 Conllde
522 3717 627 3795 dignis;
639 3737 704 3778 nam
715 3719 846 3786 omnihus
857 3723 928 3779 solet
938 3727 1016 3781 Deus

391 3819 482 3892 Opem
494 3818 599 3888 tulisse,
611 3819 788 3895 maximeque
799 3819 911 3879 talibus.
