2772 4620
245 213 306 292 284
539 231 650 280 slscrr
673 233 791 278 susrtttt
815 231 967 278 userius

240 341 342 406 omnis
361 339 400 406 de
421 340 489 406 Deo
508 353 663 414 versatur,
678 363 717 404 ac
732 339 771 404 dn
787 341 856 426 ejus
875 337 1089 428 singularitute
1107 347 1143 401 et
1164 333 1278 424 prori-

241 447 347 514 dentia
361 447 550 535 questiones
574 448 613 512 alt
630 447 675 512 eis
697 469 821 534 semper
844 444 1069 512 instituuntur?
1085 443 1152 509 Aut
1167 441 1277 530 philo-

241 554 358 642 sophias
372 576 413 618 en
428 577 492 620 non
507 554 570 620 hoc
584 574 663 641 opus
677 565 726 617 est
740 552 780 616 de
794 553 861 618 Deo
876 551 1040 640 quaererel

285 660 381 736 Sane,
397 662 540 747 inquam,
556 661 599 724 ita
613 672 647 726 ct
660 682 718 724 nos
738 659 963 724 existimamus.
982 658 1045 724 Sed
1065 645 1218 745 plerique
1240 678 1277 718 ne

243 767 275 830 id
291 766 420 852 quidem
434 765 592 840 laborant,
608 778 716 830 utrum
733 789 814 830 unua
829 789 869 831 an
887 763 997 854 plures
1009 764 1071 829 sint
1085 763 1146 836 dii,
1157 775 1193 827 et
1211 763 1278 826 uni-

244 874 359 961 cuique
378 885 522 938 nostrum
541 884 650 940 utrum
671 873 858 962 provideant
878 896 996 945 necne,
1017 872 1106 960 quasi
1126 871 1202 936 haec
1224 891 1279 935 co

244 980 343 1066 gnitio
358 979 437 1046 nihil
449 980 492 1044 ed
506 963 601 1046 beate
615 977 785 1046 vivendum
798 979 920 1054 alferat.
940 981 1123 1058 Quinetiam
1139 1000 1277 1066 persna-

245 1089 320 1152 dere
345 1087 437 1154 nobis
458 1101 615 1154 conantur
636 1089 739 1156 Deum
765 1089 900 1154 universi
923 1087 1052 1174 quidem
1073 1109 1112 1152 ac
1133 1086 1278 1173 ipsorum

246 1219 398 1285 generum
412 1209 445 1262 et
462 1199 640 1285 specierum
655 1219 766 1264 curam
782 1219 903 1286 gerere,
920 1198 982 1262 mei
1003 1208 1109 1260 autem
1128 1206 1163 1258 et
1181 1195 1230 1258 tui
1248 1205 1278 1256 et

247 1301 443 1390 singulorum
461 1327 526 1369 non
541 1305 618 1370 item
624 1329 633 1378 ς
659 1328 761 1393 neque
775 1305 861 1370 enim
875 1303 943 1370 sore
959 1316 994 1368 ut
1009 1325 1083 1368 eum
1098 1312 1168 1367 tote
1186 1313 1278 1366 nocte¹

247 1433 286 1474 ec
308 1409 359 1474 die
376 1433 588 1498 precaremur.
610 1413 680 1478 lloc
696 1425 803 1478 autem
822 1434 962 1499 quonam
985 1409 1045 1474 illis
1065 1409 1195 1482 erodet,
1218 1408 1278 1472 dit

248 1513 332 1580 licile
358 1539 422 1581 non
445 1529 493 1582 est
512 1517 697 1606 intelligere.
720 1518 884 1606 Proposita
909 1518 994 1582 enlm
1017 1527 1065 1580 est
1084 1515 1134 1580 lris
1157 1515 1220 1602 qui.
1237 1515 1278 1578 ita

249 1622 402 1697 sentiunt,
418 1624 591 1690 disserendi
612 1637 645 1689 et
665 1624 816 1712 sequendi
832 1647 896 1712 quo
912 1623 1041 1689 libuerit
1058 1622 1231 1710 impunitas
1248 1634 1278 1684 et

251 1727 390 1804 licentia,
406 1753 444 1796 ac
458 1732 572 1819 agendi
587 1732 741 1819 quidquid
757 1731 912 1796 voluerint
928 1744 961 1795 et
972 1729 1112 1803 dicendi,
1130 1751 1192 1794 nec
1206 1751 1278 1816 sup-

251 1835 382 1924 plicium
400 1839 628 1915 metuentibus,
644 1861 705 1904 nec
718 1839 794 1905 boni
809 1839 981 1926 quidquam
1003 1861 1021 1902 a
1037 1838 1105 1903 Deo
1125 1837 1280 1924 speranti-

252 1946 321 2010 bus.
344 1945 514 2022 Quomodo
528 1947 612 2010 enim
628 1958 770 2012 metuunt
784 1957 840 2011 aut
855 1958 982 2034 sperent
996 1949 1051 2032 qui
1065 1945 1178 2010 eadem
1199 1965 1281 2008 sem-

252 2073 309 2138 por
317 2050 421 2115 sutura
434 2051 556 2126 dicunt,
571 2075 684 2138 meque
695 2065 728 2116 et
740 2065 769 2116 te
777 2053 890 2118 eodem
902 2075 1011 2117 rursus
1023 2052 1120 2116 modo
1132 2052 1280 2122 viamus,

253 2179 314 2222 nec
328 2157 473 2222 meliores
487 2158 598 2235 suctos,
614 2181 676 2224 nec
689 2158 883 2224 deteriores?
898 2158 959 2224 Alii
974 2160 1117 2246 quidum,
1133 2181 1210 2222 cum
1222 2160 1282 2222 im-

255 2262 421 2329 mortalem
436 2275 468 2328 et
479 2265 700 2351 incorpoream
715 2266 853 2330 animem
868 2288 935 2330 esse
950 2276 1083 2353 ponant,
1096 2287 1157 2330 nec
1175 2287 1281 2351 poenas

256 2370 384 2434 daturos
396 2393 430 2435 se
445 2383 571 2458 putant,
583 2373 607 2436 si
622 2373 701 2460 quid
714 2371 789 2438 mali
804 2372 936 2438 fecerint
954 2371 1037 2459 (pati
1052 2373 1139 2436 enim
1150 2395 1214 2436 nou
1230 2395 1283 2458 po-

257 2490 318 2544 test
332 2477 418 2564 quod
431 2479 655 2568 incorporeum
667 2485 749 2569 est),
765 2503 825 2547 nec
839 2481 905 2568 jam
915 2480 1000 2554 Deo,
1010 2502 1084 2545 cum
1098 2477 1281 2544 immortalis

257 2586 297 2649 sit
309 2585 427 2661 anima,
448 2586 621 2675 quidquam
637 2589 789 2676 indigent.

301 2691 384 2758 Tum
396 2690 447 2758 ille
459 2696 580 2760 urbane
591 2695 758 2761 subridens
769 2719 777 2759 :
789 2694 839 2760 Tu
850 2717 937 2770 vero,
950 2690 1067 2782 inquit,
1078 2693 1121 2758 lais
1132 2694 1168 2756 de
1179 2693 1273 2755 rebus

261 2802 335 2888 quid
350 2825 472 2879 censes,
489 2817 521 2870 et
537 2813 605 2893 qu‘ae
620 2817 675 2870 tua
691 2805 731 2870 de
744 2805 812 2870 Deo
827 2806 994 2879 sententie,
1011 2816 1045 2868 et
1059 2826 1120 2890 qun
1134 2799 1272 2889 philoso-
1372 2837 1373 2892 3

261 2910 356 2994 phiai'
369 2913 500 2998 Expone
515 2915 615 2978 nobis.

305 3017 345 3081 ll.
365 3019 518 3105 Equidem
530 3022 599 3098 tibi,
617 3023 758 3111 inquam,
772 3023 848 3109 quid
859 3023 938 3087 mihi
948 3023 1092 3088 videatur
1103 3021 1278 3085 edisseram.
1372 3045 1373 3102 i

263 3121 318 3186 Est
333 3124 417 3190 enim
432 3150 539 3192 revera
555 3129 690 3194 maxima
706 3129 859 3215 possessio
874 3129 1087 3217 philosophie,
1104 3151 1141 3192 ac
1160 3125 1285 3214 plurimi

265 3229 348 3315 apud
362 3230 464 3296 Deum
477 3234 582 3321 pretii,
599 3234 639 3299 ad
655 3259 750 3324 quem
766 3259 823 3301 nos
839 3237 998 3324 perducit,
1015 3237 1132 3322 cuique
1147 3257 1205 3299 nos
1224 3230 1286 3297 sola

267 3340 466 3404 commendat
486 3365 643 3430 :vereque
659 3341 702 3406 illi
719 3345 819 3409 uncti
841 3356 915 3408 sunt
930 3345 984 3432 qui
999 3343 1141 3408 animum
1163 3341 1204 3406 nd
1218 3338 1289 3428 phi-

266 3444 438 3532 losophiam
453 3450 639 3540 adjungunt.
656 3451 742 3530 Quid
752 3465 859 3518 autem
874 3453 913 3518 sit
928 3451 1139 3540 philosophia,
1152 3462 1186 3514 et
1196 3471 1290 3536 quam

267 3555 308 3618 ob
324 3575 449 3621 causam
463 3561 502 3624 ab
523 3560 666 3626 homines
682 3559 829 3634 demissa,
846 3557 1013 3648 plerosque
1031 3557 1117 3623 latet.
1137 3557 1219 3626 Nam
1234 3577 1293 3619 nec

267 3659 418 3729 Platonici
433 3680 553 3743 essent,
568 3693 629 3734 nec
643 3669 755 3745 Stoici,
773 3693 832 3734 nec
847 3668 1063 3759 Peripatetici,
1081 3690 1141 3734 nec
1156 3661 1295 3731 Theom-

269 3767 336 3841 tici,
352 3793 411 3834 nec
426 3771 637 3861 Pythagoricit
657 3799 732 3842 oum
747 3801 809 3842 una
825 3780 866 3840 sit
880 3779 949 3842 hac
963 3775 1104 3840 seleutia.
1125 3771 1216 3838 Undc
1235 3793 1297 3834 au·
