2688 4626
348 264 389 308 su
412 261 536 314 eneces
560 262 772 308 couonrsrro.
1017 241 1074 306 185

38 393 156 438 eruere
174 368 285 441 volens
301 391 378 438 eum
391 369 534 458 primum
547 367 627 434 iiosi
638 369 722 436 risus
736 382 799 446 est,
816 369 845 435 ei
865 369 943 435 dixit
960 389 968 434 s
986 369 1077 458 «Ego

56 503 142 548 sum
161 482 300 548 existens
316 477 381 546 iiie.
395 477 600 566 »Oportebat
613 477 713 552 euim,
726 491 762 542 ut
772 479 922 568 equidem
935 478 1078 553 arbitror,

38 601 62 654 rt
76 591 142 678 qui
157 591 310 680 princeps
321 601 354 654 et
365 588 431 656 dux
442 587 586 653 Heluaeae
597 587 699 676 gentis
710 585 835 653 iuturus
846 599 928 663 emt,
940 587 1081 652 omniurn

37 699 171 766 »rimus
192 699 380 764 existentem
398 704 605 784 cognosceret
624 693 738 759 Deum.
764 693 856 760 Unde
884 695 980 760 etism
1009 715 1081 760 eum

37 803 77 868 iii
93 805 254 870 omniurn
264 804 366 892 primo
375 801 457 870 risus
467 809 528 875 est,
541 807 694 886 quantum
706 797 828 866 homini
840 798 885 866 iss
896 809 966 864 eret
976 796 1080 862 Deum

37 913 163 988 rideri,
181 913 259 978 dixit
272 910 313 978 od
327 932 399 976 eum
413 933 423 975 r
437 908 508 997 Ego
521 928 595 972 sum
610 907 751 972 existens
762 906 825 971 ite.
846 905 969 972 Deinde
988 904 1078 972 ilium

36 1021 71 1084 id
91 1022 256 1086 flesraeos
270 1019 440 1092 missurus.
456 1016 569 1083 eadem
585 1012 645 1080 iilis
659 1015 752 1102 jussit
766 1015 892 1082 disere:
910 1013 1077 1080 sEristens

36 1161 39 1188 ·
60 1127 121 1194 iiie
140 1128 233 1194 nisit
247 1149 299 1192 me
313 1126 354 1192 nd
366 1148 459 1194 voss

72 1233 195 1304 xxti.
211 1235 287 1302 Haee
298 1234 393 1322 igitur
406 1231 495 1300 Pisto
507 1251 582 1300 eum
592 1231 626 1298 in
638 1229 775 1321 AEgypto
788 1231 962 1308 didicisset,
979 1253 1018 1300 ee
1027 1255 1079 1299 ve·

35 1343 212 1409 trementer
227 1340 436 1408 delectaretur
453 1339 504 1408 his
521 1339 563 1405 de
581 1363 646 1409 uno
661 1341 731 1407 Deo
748 1341 856 1414 dietiss
875 1363 993 1408 nomen
1007 1343 1080 1431 qui·

36 1449 109 1516 iem
127 1447 241 1524 diesis.
253 1471 292 1516 eo
307 1449 392 1538 quod
406 1471 508 1516 unum
523 1450 550 1516 is
563 1459 597 1515 et
609 1447 804 1538 singularem
815 1449 946 1514 doceret
962 1447 1080 1522 Deum,

35 1579 222 1624 nemorsre
233 1559 319 1648 npud
330 1558 541 1626 Athenienses
551 1570 660 1625 tutum
671 1581 740 1626 esse
751 1581 817 1626 non
833 1558 936 1634 duxit,
949 1560 1084 1648 Areopa-

34 1687 110 1754 gum
131 1678 283 1734 metuens
297 1689 305 1733 r
319 1666 376 1732 sed
393 1667 483 1755 quod
497 1665 650 1755 predere
661 1669 700 1732 ub
719 1689 759 1732 eo
778 1665 900 1734 dietum
918 1666 1034 1742 fueret,
1053 1665 1085 1732 id

34 1795 100 1838 ron
123 1787 285 1860 tanquam
300 1774 340 1840 eb
357 1795 396 1838 eo
411 1783 597 1861 neeeptum,
613 1773 670 1837 sed
683 1785 720 1838 ut
736 1795 826 1838 suum
844 1774 941 1861 ipsine
959 1786 1086 1840 senten-

33 1881 121 1948 siem
137 1903 303 1970 exponens
314 1881 347 1948 in
362 1879 416 1948 iiio
428 1881 596 1970 diiigenter
607 1879 769 1946 elaborato
784 1903 891 1970 opere,
904 1881 1037 1957 Timeo,
1054 1884 1085 1948 iu

33 2013 105 2078 quo
130 1989 173 2056 de
190 1991 287 2056 rebus
301 1989 416 2056 divinis
427 1987 588 2077 disputare
599 1987 748 2064 instituit,
760 1989 845 2054 idem
860 1989 901 2055 de
912 1989 980 2056 Deo
991 1991 1086 2080 scrip

33 2098 74 2164 sit
99 2121 149 2166 ae
174 2096 288 2164 Moses.
308 2097 362 2164 Ait
383 2097 470 2164 enim
490 2120 500 2162 ε
519 2121 534 2158 r
550 2095 691 2162 Primum
713 2117 788 2162 meo
815 2095 944 2185 quidem
963 2097 1083 2186 judieio

32 2235 42 2266 s
61 2205 342 2279 diseeruendum,
362 2203 516 2292 quidnam
529 2202 569 2269 sit
583 2201 681 2278 iilud,
698 2203 785 2289 quod
805 2225 931 2292 semper
952 2204 1082 2294 quidem

32 2345 45 2374 s
62 2313 191 2389 existit,
210 2312 330 2381 suetum
342 2323 451 2380 sutem
466 2333 532 2378 usn
552 2321 613 2387 est,
631 2322 664 2378 et
680 2310 759 2398 quid
770 2309 848 2380 iilud
860 2315 946 2401 quod
960 2313 1081 2403 fitqui·

36 2450 49 2480 ι
66 2421 150 2488 dem
163 2443 302 2509 semper,
324 2441 490 2508 nonquam
510 2430 617 2489 sutem
631 2419 745 2484 existit.
764 2447 778 2482 s
796 2421 847 2488 An
869 2445 934 2488 non
959 2423 1039 2497 hoe,
1061 2446 1081 2487 o

41 2529 167 2604 Graeci,
182 2529 294 2618 hirqui
308 2527 484 2618 intelligere
495 2541 641 2618 possunt,
653 2551 755 2594 unum
766 2541 799 2595 et
813 2529 1080 2606 idemsidebitur,

36 2637 110 2702 soio
135 2637 265 2707 ertiouio
290 2637 471 2718 diversum?
488 2637 575 2706 Dixit
596 2637 683 2704 enim
703 2637 824 2715 dieses,
844 2641 988 2705 emissem
1007 2639 1081 2715 tto,-

36 2745 133 2812 Piato
149 2757 268 2825 summ,
282 2749 423 2814 enirm
437 2744 523 2812 tund
536 2772 547 2810 :
558 2757 734 2833 utrumque
745 2758 854 2814 eutem
865 2769 992 2834 semper
1001 2747 1084 2812 enis-

36 2853 122 2932 teuti
142 2851 210 2920 Deo
226 2875 404 2942 congruere
418 2851 623 2924 menifestum
642 2864 700 2918 est.
721 2854 793 2941 ipse
811 2854 898 2920 enim
917 2853 1002 2920 seius
1016 2865 1080 2931 est,

35 2965 96 3051 qui
117 2985 244 3051 semper
257 2963 370 3032 existet
381 2985 443 3030 nee
458 2961 560 3030 iectus
572 2963 623 3030 sit.
637 2961 726 3042 Quid
741 2973 848 3029 eutem
859 2961 993 3030 aiterum
1004 2963 1082 3032 iliud

35 3075 99 3147 sit,
113 3071 204 3160 quod
219 3093 343 3161 semper
352 3071 499 3138 existenti
511 3072 695 3161 opponitur,
708 3072 748 3137 de
760 3095 824 3164 quo
834 3073 901 3162 ipse
913 3073 1009 3140 dixit:
1022 3077 1083 3142 «Et

40 3209 54 3242 s
76 3176 158 3266 quid
173 3173 251 3242 iliud
264 3176 350 3264 quod
363 3177 401 3242 fit
413 3177 542 3265 quidem
555 3201 692 3266 semper,
704 3201 871 3266 nunquam
886 3188 994 3248 sutem
1006 3181 1084 3246 eris-

39 3316 55 3352 »
77 3283 134 3358 tit,
152 3293 301 3352 »attente
315 3284 589 3352 considerandum.
608 3283 817 3376 Reperiemus
839 3287 926 3352 enim
948 3285 1034 3354 olere
1052 3299 1085 3354 et

43 3404 161 3483 operte
176 3391 218 3463 nb
234 3413 275 3458 eo
290 3389 353 3456 dici
374 3392 549 3480 ingenitum
567 3392 697 3480 quidem
713 3415 783 3458 esse
801 3403 972 3468 eternum
986 3393 1083 3462 {setes

44 3516 154 3572 sutem
177 3514 212 3568 et
234 3500 384 3568 conditos
409 3499 698 3588 (quemadmodum
718 3500 786 3587 ipse
810 3499 931 3567 dietum
952 3523 1019 3569 esse
1041 3504 1081 3570 de

47 3613 105 3680 iliis
124 3613 180 3688 nit,
197 3611 263 3680 Dii
274 3611 416 3683 deorum
434 3631 577 3694 errorum
590 3631 648 3698 ego
663 3606 793 3696 opifex)
812 3609 943 3676 nesciet
959 3615 1076 3701 perires

49 3721 92 3787 sie
107 3722 191 3790 enim
205 3722 272 3812 ipse
286 3718 451 3808 loquitur:
470 3715 638 3784 rPrimum
649 3715 757 3806 igitsrr,
773 3739 845 3784 nseo
858 3720 985 3807 quidem
996 3725 1077 3813 judi-

49 3833 142 3908 scio,
159 3821 425 3920 disseruenduiu,
445 3827 525 3926 quid
547 3829 587 3896 sit
610 3825 689 3894 iiiud
704 3827 789 3917 quod
808 3853 930 3920 semper
945 3833 1077 3922 quidem
