2772 4620
308 315 456 362 nitrosus
480 311 541 359 con
564 310 725 356 rorrnosn
748 307 861 350 sunno.
1033 275 1090 338 511

76 451 90 484 ι
109 419 226 487 dolum.
245 423 320 488 llaec
335 421 448 496 iecisti,
463 432 496 485 et
509 419 592 485 tacui
608 437 616 479 ε
635 415 809 503 suspicatus
823 433 857 474 os
872 429 924 472 me
937 402 1099 492 iniquitate
1193 449 1196 456 Α

75 557 92 590 s
105 531 164 596 tibi
182 531 248 596 lore
269 527 412 618 slmilem.
434 530 572 616 Anguem
590 535 635 600 te,
654 531 686 588 et
704 531 838 586 statuum
857 525 966 582 contro
989 509 1100 576 looiem

75 667 92 696 s
109 647 197 702 tuom
208 647 337 725 peccato
348 647 414 700 tua.
428 633 594 721 Intelligitc
605 631 713 718 utique
723 624 803 702 haec,
816 625 868 713 qui
882 616 1100 688 obliviscimini

78 775 92 805 s
109 746 214 810 Deum
235 767 243 808 ε
264 743 446 832 nequando
462 744 572 831 rapiat,
586 751 619 804 ot
633 761 696 806 non
712 738 751 802 sit
766 737 819 824 qui
832 733 952 820 eripiat
970 725 1101 794 Sucrili-

82 881 95 911 s
114 853 200 916 cium
211 851 311 916 laudis
326 851 548 917 honorificabit
561 871 612 913 me
630 871 638 911 τ
656 858 688 911 et
702 844 765 910 illic
780 845 850 917 iter,
860 863 922 927 quo
936 834 1100 903 ostendam

83 989 97 1019 ι
115 957 159 1023 illi
168 958 302 1026 salutme
316 983 422 1026 meum
431 959 452 1025 ¹.
468 959 601 1046 »ltaque
616 953 767 1022 sacrificio
780 974 839 1018 nec
849 975 867 1016 a
878 949 965 1015 vobis
976 945 1100 1033 recipit,

79 1089 189 1158 noque
210 1069 296 1132 otiis
315 1069 455 1156 Indigens
470 1068 510 1132 cb
528 1065 615 1130 initio
634 1062 703 1129 lieri
724 1061 884 1152 praecepit,
901 1058 954 1124 sed
973 1064 1102 1146 propter

82 1189 212 1270 peccota
228 1187 338 1245 vestra.
358 1177 438 1244 Nom
451 1185 483 1242 et
500 1176 602 1266 ipsum
617 1171 786 1261 templum,
801 1169 886 1257 quod
897 1163 1102 1251 Ierosolyrni-

82 1299 195 1352 tenum
208 1285 334 1360 dicitur,
352 1307 415 1351 non
431 1297 518 1351 uteo
534 1282 675 1371 indigens
690 1279 821 1344 domum
836 1297 925 1342 stram
940 1271 987 1336 vel
1000 1269 1103 1335 aulum

84 1393 263 1484 appellarits
289 1394 342 1460 sed
356 1403 398 1458 ut
416 1391 526 1457 saltem
547 1391 590 1456 ibi
610 1390 641 1454 in
662 1409 736 1453 eum
749 1383 862 1451 Intenti
881 1379 1046 1446 simulacra
1066 1399 1106 1440 ne

84 1503 239 1567 coleretis.
254 1501 332 1568 Rem
348 1503 389 1566 ito
400 1523 468 1566 esse
480 1509 566 1588 potet
576 1521 616 1563 ex
630 1497 678 1562 his
692 1495 790 1560 Esoiae
803 1491 927 1557 verbis:
948 1484 1107 1565 «Qualem

87 1637 101 1669 s
117 1609 246 1673 domum
257 1607 415 1673 aedilicotis
426 1607 603 1681 milri,‹licit
613 1599 918 1670 Dominuleoelum
930 1597 1008 1662 mihi
1021 1593 1110 1658 sedes

87 1744 100 1776 s
115 1724 174 1787 est,
190 1725 223 1779 et
236 1725 319 1779 terro
332 1712 506 1779 scabellum
519 1713 638 1800 pedum
654 1707 827 1774 meorum².
846 1737 858 1767 s

132 1821 255 1888 XXIII.
274 1822 369 1900 Quod
385 1823 410 1886 si
424 1821 493 1886 haec
507 1819 648 1909 prolitcri
665 1817 815 1892 nolimus,
832 1817 955 1883 eveniet
970 1815 1061 1881 nobis
1078 1823 1112 1876 ut

88 1932 123 1993 in
139 1930 290 1994 absurdos
311 1928 722 2015 incidamus'cogitutiones,
739 1926 827 2012 quasi
846 1948 909 1989 non
929 1925 1012 1989 idem
1027 1921 1112 1986 Deus

90 2037 188 2101 luerit
201 2037 393 2124 temporibus
408 2035 541 2102 Ilenoch
555 2047 587 2100 et
597 2033 731 2100 oliorum
741 2035 896 2108 omnium,
913 2034 966 2120 qui
982 2054 1041 2096 nec
1053 2031 1111 2094 cir-

91 2144 320 2208 cumcisionem
335 2144 437 2209 cornis
450 2143 601 2216 habuere,
618 2163 678 2207 nec
692 2143 819 2206 sabbato
836 2151 867 2205 et
882 2139 940 2205 alio
956 2135 1111 2228 ejusmodi

91 2254 309 2327 observarunt,
327 2253 442 2340 quippe
457 2265 530 2317 cum
548 2275 566 2316 o
581 2249 667 2315 Mose
683 2250 821 2315 instituto
837 2250 967 2320 luerint:
982 2248 1029 2312 vel
1046 2273 1108 2313 non

90 2361 233 2425 eamdem
249 2360 400 2447 justitiam
411 2359 450 2423 nb
466 2359 551 2424 omni
566 2381 689 2446 semper
700 2358 863 2422 hominum
877 2380 991 2446 genere
1004 2357 1110 2422 obser-

89 2470 156 2534 vori
171 2466 323 2548 voluerit:
342 2491 412 2555 quae
430 2465 573 2555 prolecto
593 2466 735 2556 profiteri
749 2465 917 2532 ridiculum
931 2477 964 2530 et
979 2464 1110 2530 stultum

93 2597 162 2639 esso
180 2573 287 2661 liquet.
313 2575 465 2641 Sesleum
486 2577 540 2662 qui
564 2597 688 2665 semper
710 2575 794 2640 idem
819 2585 883 2650 est,
904 2575 973 2640 haec
994 2586 1025 2640 ot
1050 2573 1109 2640 olio

93 2682 247 2770 ejusmodi
257 2693 384 2771 propter
395 2693 577 2772 peccatores
587 2680 728 2771 profiteri
743 2684 980 2773 praescripsisse,
992 2692 1024 2745 et
1039 2685 1113 2769 p'er-

92 2791 265 2856 humanum
283 2790 384 2865 illum,
407 2802 439 2855 et
458 2793 637 2879 praescium,
653 2801 686 2854 et
708 2789 833 2856 nullius
846 2792 891 2855 rei
913 2813 1062 2879 egenum,
1082 2802 1114 2856 et

91 2900 210 2986 justum
224 2909 257 2962 et
271 2901 392 2963 bonum
407 2898 609 2984 pronuntiare
628 2907 685 2961 est.
707 2895 804 2975 Quod
819 2899 844 2962 si
860 2897 929 2962 baec
944 2898 985 2961 ito
1003 2919 1035 2960 sc
1050 2921 1113 2962 non

92 2992 228 3076 habent;
248 3005 433 3091 respondete
454 3005 545 3079 mihi,
561 3028 581 3069 o
600 3005 669 3078 viri,
686 3003 736 3068 his
753 3005 794 3069 de
813 3006 920 3080 rebus,
941 3005 980 3069 de
999 3005 1113 3094 quibus

95 3113 276 3197 qrraerimns,
292 3112 367 3196 quid
385 3113 532 3178 sentiatis.
548 3113 682 3178 Nomine
699 3113 922 3200 respondente,
935 3111 1005 3179 Tibi
1024 3140 1111 3205 ergo,

96 3217 240 3304 Trypho,
256 3217 337 3280 otiis
353 3218 405 3303 qui
419 3217 566 3305 proselyti
582 3241 649 3284 esse
664 3218 831 3295 voluerint,
846 3220 982 3285 divinam
1000 3222 1116 3286 doctri-

97 3349 185 3400 nam,
200 3345 295 3411 quom
311 3347 350 3390 ex
367 3324 420 3390 illo
435 3329 499 3392 viro
521 3328 636 3405 audivi,
657 3329 844 3416 praetlicnbo.
859 3328 979 3395 Videtis
1001 3341 1035 3394 ut
1051 3330 1117 3396 ele-

96 3443 203 3500 menta
228 3453 289 3497 nec
312 3433 461 3509 otientur,
483 3456 543 3499 nec
562 3438 690 3501 sabbato
712 3435 827 3524 ognntl
847 3435 971 3500 blanete
995 3447 1029 3500 ut
1053 3441 1116 3502 noti

97 3543 179 3606 estis.
201 3539 234 3605 Si
250 3540 335 3604 enim
354 3562 414 3606 nec
434 3553 505 3606 ante
521 3541 681 3608 Abraham
700 3543 952 3620 circumcisione,
970 3567 1029 3611 nec
1043 3559 1115 3613 onte

98 3649 223 3736 Moysen
236 3651 380 3724 sabbato,
394 3649 477 3714 leriis
486 3661 517 3715 ct
529 3651 713 3716 muneribus
725 3659 894 3739 opuserntr
909 3673 1010 3741 neque
1021 3657 1113 3723 otiam

99 3755 239 3822 similiter
255 3781 335 3846 opus
350 3768 410 3832 est,
431 3769 598 3847 postquem
616 3759 790 3824 secundum
806 3749 996 3828 voluntatem
1017 3764 1115 3832 Potris

132 3881 140 3914 ¹
152 3881 214 3932 I’ul.
225 3901 290 3944 nux,
302 3903 323 3935 r.
334 3885 457 3935 Auso.
471 3905 535 3946 cxvi,
548 3905 568 3938 r.
