2648 4598
371 255 411 339 78
659 303 664 310 -
776 265 984 316 amanlconn

368 405 447 470 quos
466 383 531 468 jam
549 373 696 453 diximus,
718 377 892 452 dromones,
917 377 1086 442 uictimam
1098 379 1217 463 ansgario

368 511 483 575 casque
498 485 683 554 lambentes.
705 485 756 550 Ilii
771 483 953 560 autemilli,
973 485 1021 572 qui
1033 481 1113 548 multis
1122 481 1217 569 planus,

366 618 500 682 rumque
518 595 646 659 nomina
667 595 777 660 statuis
798 595 1014 682 imponuntur,
1029 591 1224 662 dominumtuu-

364 717 413 770 cst
424 727 461 768 ox
473 725 584 768 corum
597 703 741 778 historia,
755 702 894 768 luerunt.
912 701 962 768 dc
972 701 1105 766 damonas
1111 698 1218 784 quidun

364 809 491 874 nomina
504 809 663 880 invadere,
677 820 865 895 argumento
875 821 924 874 ost
937 809 1078 895 cujusque
1084 801 1215 885 illorsum*

362 917 422 986 lllii
441 918 527 982 cuim
543 916 642 984 virilia
658 930 820 992 exsecant,
838 929 873 982 ut
892 915 999 989 Rhcar
1020 913 1064 980 alii
1077 911 1222 978 rularuuru

364 1029 456 1102 dunt,
477 1039 512 1091 nt
530 1027 630 1092 Diana
649 1051 657 1091 :
679 1026 815 1092 Taurica
831 1025 928 1090 ctiam
947 1024 1075 1112 hospitas
1089 1033 1161 1085 natat.
1174 1020 1231 1080 tm

364 1137 418 1225 qui
433 1160 467 1202 aa
483 1137 541 1225 ipsi
553 1135 664 1203 cultris
679 1149 711 1200 ot
725 1135 855 1224 llagcllis
870 1135 1054 1210 dilacerant,
1067 1127 1223 1218 atquotsintlt

364 1271 442 1312 num
460 1249 580 1335 specics
599 1247 815 1334 praetermitto.
839 1245 949 1333 Naqua
968 1245 1051 1310 anim
1065 1241 1111 1308 Dei
1123 1251 1156 1302 ast
1167 1237 1209 1299 ala
1228 1253 1230 1265 ·

364 1369 440 1422 sunt
453 1367 564 1422 contra
580 1368 726 1420 naturam
741 1353 911 1444 impellcra.

441 1503 561 1555 Daemon
577 1495 645 1554 mali
660 1496 730 1574 quid
747 1497 770 1554 si
786 1507 869 1574 paret
883 1493 1062 1566 mortalibus,

443 1599 526 1652 Mans
542 1595 668 1672 primum
686 1595 723 1652 ab
736 1595 789 1652 illu
801 1595 925 1656 laeditnr.

365 1725 450 1789 Deus
462 1737 569 1789 autom
582 1750 655 1792 cum
667 1727 804 1814 perlecta
815 1731 917 1794 bonus
929 1731 982 1804 sit,
996 1713 1215 1816 perpetuolrratis·
1235 1793 1236 1836 p

367 1829 451 1898 Alios
469 1834 562 1921 igitur
577 1857 644 1897 esso
660 1836 712 1922 qui
730 1848 912 1923 operentur,
932 1833 1010 1902 alios
1025 1827 1219 1924 quibuscum·-
1235 1839 1236 1919 p

365 1951 441 2015 tuac,
464 1943 600 2007 maximo
622 1953 694 2008 suut
711 1943 901 2008 documento
922 1943 1023 2010 Troas
1038 1955 1068 2010 ct
1082 1937 1214 2011 Pariuntp-
1233 1941 1236 1978 l

367 2049 530 2114 civitatum
552 2049 649 2114 altera
672 2063 788 2114 statuas
811 2051 906 2116 habat
929 2050 1091 2139 Noryllini,
1112 2043 1231 2132 quiunttv

366 2169 470 2233 «atate,
486 2159 613 2225 Parium
629 2173 735 2225 mrtem
747 2161 914 2227 Alexandri
926 2175 957 2227 ct
970 2162 1082 2228 Protei.
1100 2148 1218 2224 Aleutd'stss

366 2267 398 2330 in
410 2265 478 2330 soro
488 2268 669 2355 sepulcrum
681 2283 712 2334 at
725 2269 928 2336 simulacrum
938 2285 997 2337 cst.
1010 2272 1055 2338 Ac
1064 2255 1236 2344 caeterrplttfl

367 2386 429 2436 tum
446 2374 597 2460 Neryllini
609 2375 773 2463 publicum
787 2390 1009 2445 ornamentum
1022 2389 1091 2444 sunt
1108 2373 1143 2460 (si
1152 2355 1229 2432 lucil*

365 2481 442 2546 vitus
455 2487 616 2573 ornatur);
632 2509 693 2550 una
707 2497 812 2550 autem
825 2511 862 2552 ex
874 2485 933 2552 illis
945 2486 1069 2553 oracula
1081 2479 1236 2620 oderartsurp

365 2615 440 2657 nura
452 2593 660 2670 existimatur,
673 2620 711 2661 ac
721 2609 886 2686 propterca
900 2621 986 2663 sacra
1002 2597 1114 2662 faciunt
1123 2600 1147 2654 ot
1157 2582 1205 2646 aunt

366 2715 397 2766 ct
410 2716 562 2768 coronant
575 2715 709 2768 statuum
721 2703 925 2770 Trondcnsos.
946 2706 1040 2786 Quod
1053 2689 1213 2769 automni-ll

366 2821 397 2874 ct
409 2809 511 2874 Protei
525 2823 640 2875 statuas
653 2823 772 2898 spectat
789 2811 891 2896 (hunc
902 2826 1007 2878 autem
1019 2835 1080 2876 non
1090 2795 1217 2894 ignorati-⁴¹2

364 2919 396 2982 in
409 2919 512 3006 ignum
525 2919 607 2984 circu
620 2919 800 3006 Olympiam
812 2920 985 3012 injecisse),
998 2921 1089 3009 hujus
1098 2913 1171 2978 atium
1178 2907 1230 2963 suu

366 3027 435 3092 culn
450 3029 566 3092 dicitur
578 3027 687 3100 odorm
704 3025 871 3092 dlexandri
884 3039 991 3094 autem
1003 3040 1105 3096 statum

443 3164 559 3244 (Infelix
572 3167 661 3238 Puris,
676 3167 767 3223 forma
782 3167 984 3243 pulcherrime,
1000 3171 1029 3228 in
1043 3163 1156 3225 mulieres
1167 3153 1221 3208 lull

365 3307 516 3374 sacrificia
535 3309 669 3397 publicis
689 3311 866 3399 sumptibus
884 3327 916 3378 ct
937 3313 1002 3378 dics
1021 3311 1096 3383 lasti,
1115 3307 1228 3382 tanquan<

365 3415 462 3482 diauti
474 3418 553 3494 Dco,
566 3430 770 3507 peraguntur.
791 3419 903 3486 Utrum
919 3423 1014 3509 igitur
1025 3413 1171 3504 Ncryllinsst
1181 3393 1231 3461 atla

364 3536 396 3586 ot
412 3525 587 3594 dlcxaudar
601 3528 671 3594 haec
685 3529 769 3594 eirca
784 3541 902 3594 statuas
917 3543 1095 3618 operantur,
1109 3545 1140 3586 an
1152 3517 1196 3601 ipsa
1204 3512 1232 3566 ¹1¹³*

361 3638 497 3700 natura?
516 3638 557 3702 At
575 3641 705 3706 matoria
725 3663 766 3704 aes
784 3651 847 3713 csta
870 3641 945 3728 quid
962 3653 1066 3707 autom
1084 3659 1117 3702 ns
1131 3648 1172 3718 per
1184 3639 1203 3681 ⁵⁰
1214 3634 1236 3778 lp

364 3739 449 3822 quod
464 3766 570 3810 rursus
585 3746 677 3812 aliam
693 3749 725 3812 in
741 3749 875 3813 sormam
891 3750 1053 3838 diffingere
1066 3749 1137 3814 lioet,
1152 3728 1204 3799 utu
1214 3743 1236 3802 r,

364 3844 415 3912 lllss
430 3855 512 3937 opud
528 3855 722 3924 Herodotum
739 3857 882 3922 dmusisl
899 3857 1165 3943 Naryllinusautun
1176 3819 1236 3898 (llll
