2630 4614
262 197 301 272 64
663 212 875 254 srunnsconss

261 325 428 390 Artemidis
450 322 591 410 Ephesiae
612 321 827 396 simulacrum,
845 335 879 387 et
893 323 1058 399 llirrerrae,
1074 325 1143 390 sire
1161 325 1276 392 Athens

261 435 308 500 vel
326 435 428 523 potius
444 431 563 498 Athelre
582 432 714 517 (Athela
729 434 817 514 enim¹
829 432 946 498 dicitur
960 435 1000 497 nh
1017 433 1069 498 his
1085 434 1226 520 quirem
1237 460 1277 498 se-

259 543 530 617 morimundum,
554 542 599 607 sic
620 543 705 606 euim
720 541 798 607 illud
818 565 858 606 ex
877 542 944 608 oleu
966 545 1142 632 antiquum
1164 544 1273 609 smus

258 657 384 742 crum),
396 664 428 719 et
439 653 609 720 Minervam
621 653 782 718 sedentem
791 653 923 740 Endyus
934 654 1007 719 fecit
1017 653 1148 719 Daedali
1161 656 1273 744 discipu·

259 763 307 826 Ius
323 785 331 826 ι
349 763 478 850 Pythius
494 774 600 827 nutem
619 783 699 850 opus
720 759 878 830 Theodori
897 774 930 828 et
944 761 1084 829 Teleclis
1104 789 1113 827 ε
1133 763 1238 829 Delius
1252 788 1271 828 s:

260 873 406 946 Artemis,
423 873 548 938 Idectaei
562 883 594 938 et
609 869 789 960 Angelionis
803 893 864 936 urs.
879 871 965 937 Iuno
982 870 1093 936 Sumie
1114 886 1150 936 et
1165 875 1270 962 Argita.

258 982 396 1047 Smilidis
417 1005 528 1050 monus
553 980 695 1046 :Phidiae
716 993 827 1046 caeters
846 980 1026 1047 simulacra.
1046 981 1162 1048 Venus
1181 985 1271 1048 Cnidii

257 1093 416 1169 meretrix,
430 1091 589 1158 Praxitelis
601 1113 651 1156 urs
664 1113 673 1154 ι
686 1091 872 1179 Epidaurius
887 1089 1110 1181 AEsculspius,
1124 1117 1204 1182 opus
1214 1095 1270 1159 Phi-

256 1202 324 1268 diae.
341 1202 412 1267 Uno
422 1203 517 1267 verbo
530 1199 651 1266 nullum
661 1212 710 1266 est
721 1223 759 1265 ex
770 1200 817 1265 his
829 1199 1017 1276 simulacris,
1030 1203 1127 1290 quod
1145 1204 1206 1270 dici
1215 1229 1270 1291 pu»

258 1315 297 1377 sit
308 1313 426 1378 luctum
437 1313 476 1377 als
492 1311 620 1376 homine
636 1333 698 1375 non
715 1311 818 1376 luisse.
835 1309 869 1374 Si
883 1311 978 1398 igitur
995 1311 1055 1388 dii,
1070 1335 1135 1378 cur
1148 1315 1188 1378 sb
1202 1316 1269 1378 initis
1312 1333 1313 1358 I

255 1445 318 1487 uon
340 1421 453 1488 eraut?
475 1443 533 1486 cur
552 1421 589 1485 iis
603 1421 794 1486 recentiores
815 1444 833 1484 a
853 1421 967 1508 quibus
991 1422 1071 1488 lecti
1087 1425 1189 1490 sunt?
1204 1427 1268 1503 Qus

255 1530 435 1596 hominibus
457 1541 488 1593 ct
511 1541 577 1592 erte
601 1551 679 1616 opus
701 1529 873 1604 habebunt,
889 1541 924 1592 ut
944 1528 1202 1598 liereutITerrs
1218 1534 1266 1598 ln

256 1652 328 1704 sunt
343 1651 376 1704 et
391 1637 508 1726 lapides
524 1649 555 1702 et
571 1639 699 1702 materia
714 1648 747 1702 et
761 1661 811 1702 urs
824 1639 956 1704 curioso.

297 1747 415 1813 XVIII.
435 1746 499 1812 sed
513 1747 585 1834 quin
602 1747 711 1814 dicunt
728 1739 869 1814 nonnulli
883 1747 1058 1814 simulacra
1074 1751 1150 1816 haec
1164 1753 1263 1838 quiden

253 1879 333 1932 osse,
349 1856 425 1920 ileos
440 1865 546 1920 sutem
566 1877 646 1928 esse,
663 1878 799 1941 quorum
821 1867 894 1920 suut
909 1855 1098 1930 simulacrur
1122 1871 1157 1924 et
1171 1860 1262 1949 suppl·

253 1965 346 2030 caudi
360 1964 514 2029 rationem
528 1985 623 2049 quum
638 1961 811 2030 simulacris
827 1962 992 2038 adhihent,
1006 1976 1041 2028 et
1054 1967 1197 2034 victimas
1206 1991 1263 2054 ques

252 2072 312 2138 illis
326 2073 475 2147 offerunt,
488 2073 529 2138 sd
539 2073 614 2138 deos
628 2071 737 2136 referri
752 2083 784 2135 et
799 2071 857 2136 diis
871 2070 953 2146 fieri,
966 2093 1031 2138 nec
1049 2072 1146 2140 elium
1160 2075 1259 2140 maced

252 2180 328 2244 deos
345 2180 515 2244 accedendi
533 2179 663 2244 modum
683 2178 830 2264 (difficile
850 2180 935 2244 enim
955 2193 1007 2244 est
1025 2195 1067 2246 ut
1086 2183 1125 2246 ilii
1137 2181 1212 2248 clere
1228 2195 1255 2244 st

253 2300 358 2375 aperte
376 2288 575 2376 videantur);
601 2298 634 2352 et
653 2287 724 2374 quia
747 2289 924 2374 argumenti
942 2286 1018 2352 loco
1039 2313 1091 2356 cu·
1105 2291 1144 2356 itu
1160 2311 1192 2354 sc
1204 2313 1250 2353 res

253 2397 377 2471 hubent,
394 2394 618 2462 nonnullorum
636 2393 874 2462 simulacrorum
889 2393 1081 2462 efficientias
1092 2397 1255 2486 pmlsnmls

251 2531 319 2596 ogo,
343 2507 535 2594 inquiramus
559 2507 673 2594 ecquid
693 2527 732 2570 ex
754 2506 906 2594 impositis
928 2510 1119 2575 nominihus
1142 2510 1258 2576 husu

248 2615 452 2682 efficacitatis.
469 2614 531 2680 Vos
543 2626 661 2690 eutem,
675 2616 784 2689 oreho,
801 2614 929 2680 maximi
947 2616 1256 2704 Imperatoresmtc·

250 2750 344 2816 quum
360 2725 602 2815 disputationem
618 2724 701 2790 hunc
724 2724 892 2812 Ingrediar,
912 2735 948 2789 nt
966 2728 1050 2792 veris
1074 2727 1264 2794 rstiosriustio

251 2839 342 2902 uibus
364 2837 464 2902 utenti
484 2835 660 2924 ignoscetis.
687 2833 797 2922 Neque
817 2835 901 2900 euim
917 2835 996 2903 mihi
1017 2840 1219 2925 propositum
1229 2849 1263 2900 est

250 2945 414 3012 simulacre
436 2946 641 3033 redurguerer
661 2945 715 3010 sed
732 2967 805 3010 cum
822 2943 926 3011 afficto
941 2946 1080 3012 crimina
1101 2947 1263 3013 dissolnn.

250 3055 382 3120 instituti
394 3057 491 3120 nostri
507 3056 661 3120 rationem
673 3054 816 3119 exhibeo.
832 3055 920 3120 Licet
931 3067 1039 3120 sutem
1051 3080 1095 3122 ex
1111 3059 1266 3124 vobismet·

248 3163 320 3251 ipsis
332 3162 456 3228 coeleste
473 3185 605 3250 regnum
618 3162 786 3250 spectetis:
802 3163 1074 3250 quemadmodum
1092 3168 1185 3232 enim
1199 3167 1267 3230 rob's

249 3273 328 3360 putri
344 3283 376 3337 et
391 3270 455 3335 filio
479 3283 588 3360 parent
604 3271 720 3346 omnis,
741 3273 795 3360 qui
815 3271 937 3338 coelitus
956 3297 1095 3362 regnum
1115 3275 1267 3365 ammisti-

251 3384 354 3472 (rsgis
364 3382 454 3446 enim
463 3383 581 3446 anima
595 3386 632 3446 iu
644 3407 748 3448 mnu
760 3383 823 3446 Dei
831 3382 855 3458 ¹,
875 3383 977 3470 inquit
988 3385 1204 3472 propheticus
1215 3385 1266 3474 Syl

248 3491 357 3578 ritus),
370 3493 411 3556 ita
423 3491 490 3556 Deo
501 3493 632 3578 ejusque
643 3490 761 3567 Verbo,
773 3515 868 3579 quem
879 3491 980 3557 filium
992 3515 1055 3560 non
1068 3496 1269 3586 separabiles

248 3623 314 3664 esse
325 3599 537 3690 intelligimus,
551 3603 655 3666 omniu
668 3604 819 3691 subjectu.
835 3599 917 3668 Illud
929 3604 1024 3692 igitur
1035 3605 1119 3672 mihi
1131 3620 1209 3672 onte
1220 3627 1263 3668 on

247 3707 296 3769 niu
315 3711 508 3795 perpendite.
529 3710 577 3776 llb
598 3711 698 3785 initio,
722 3723 756 3776 ut
770 3713 870 3787 siunt,
888 3712 930 3777 dii
946 3736 1012 3778 nou
1029 3728 1143 3788 erentr
1167 3716 1220 3781 sed
1240 3715 1271 3776 its

278 3833 285 3865 ¹
300 3831 374 3882 I‘ror:
385 3851 435 3894 xri,
448 3855 467 3885 ι.
