2646 4596
270 241 335 318 dod
569 255 681 303 sirtori
703 257 822 302 rosrnu
844 258 994 304 uanrrms

269 374 394 440 aarum,
411 359 590 430 didicissent
596 386 606 436 t
625 384 725 452 pauca
740 363 835 430 otiam
855 365 949 431 verba
967 387 1005 430 cx
1023 362 1171 440 llicbm,
1185 368 1264 434 unius
1314 385 1315 426 t

269 497 308 538 ax
323 472 504 547 duodecim,
517 469 668 537 ¹vaticinio
682 469 868 536 recitantem
879 493 931 534 mc
945 469 1099 558 perferatis
1117 469 1217 538 salim.
1231 477 1264 540 la
1314 495 1315 538 t

268 592 341 646 sunt
355 578 536 667 hujusmodi
550 601 558 642 s
578 603 591 638 ι
606 577 647 642 Et
663 579 723 644 orit
737 578 770 644 iu
781 577 957 648 novissimis
969 578 1086 644 dicrum
1100 579 1264 646 manilastm
1311 624 1314 693 1

268 707 387 753 »mona
400 685 541 760 Domini,
557 695 748 773 propalatus
763 684 796 750 in
812 707 936 752 summo
951 687 1119 762 montium,
1135 685 1264 752 sublitur-
1313 698 1314 711 ¹

266 823 279 858 ι
296 805 347 860 tus
361 795 428 882 ipsc
448 816 543 882 super
564 791 660 860 collos
677 817 686 858 r
701 805 735 858 at
749 791 882 860 flurium
896 807 1016 881 ponent
1035 795 1152 882 inipso
1166 795 1263 884 popul,

266 914 328 968 act
341 900 552 968 ambalabunt
571 914 679 990 gentes
697 899 817 977 multat,
832 914 865 966 ot
880 902 989 967 dicent
1008 924 1016 965 τ
1036 899 1163 978 Venite,
1177 925 1265 967 utcu

265 1039 278 1072 ι
295 1010 408 1075 damus
422 1010 463 1077 ad
477 1021 620 1080 montom
633 1009 774 1084 Domini,
788 1021 821 1076 ct
843 1009 876 1074 in
892 1008 1021 1075 domum
1036 1009 1095 1075 Doi
1114 1009 1207 1076 Jacob
1220 1033 1228 1072 :
1241 1025 1265 1074 a

265 1117 463 1184 »ostendant
482 1117 573 1184 nobis
594 1117 677 1184 riam
696 1118 780 1204 cjasc
805 1128 838 1181 ct
863 1115 1097 1182 ambulabimus
1118 1117 1149 1182 in
1168 1117 1265 1182 comitis

266 1255 279 1288 s
295 1229 364 1315 ojus
383 1251 391 1292 ε
408 1226 482 1313 quia
497 1227 538 1292 da
558 1225 635 1291 Sion
650 1224 747 1290 exibit
761 1223 823 1299 lox,
837 1237 870 1288 et
884 1227 1019 1290 verbnm
1031 1224 1161 1290 Domini
1173 1223 1206 1290 dc
1216 1225 1264 1290 la-

267 1363 280 1398 »
295 1333 445 1408 rusulum,
458 1309 491 1398 dt
500 1333 657 1420 judicabit
672 1333 754 1399 inter
764 1332 896 1421 populos
910 1331 1040 1408 multos,
1053 1345 1088 1398 et
1098 1345 1264 1422 arguam

265 1473 278 1506 a
293 1443 450 1509 tcs'lortcs
466 1463 565 1529 usqua
575 1442 609 1508 in
619 1438 828 1529 longinquum
840 1465 849 1506 :
862 1453 895 1506 at
906 1442 1077 1508 concidant
1088 1441 1201 1531 gladios
1209 1463 1264 1506 asoa

265 1579 278 1614 s
292 1552 325 1618 in
336 1563 452 1625 aratro,
464 1561 497 1614 at
511 1549 616 1614 hastas
630 1571 700 1614 suas
715 1549 748 1614 in
763 1547 857 1614 lalccs
870 1572 878 1613 :
892 1560 925 1613 et
935 1573 1001 1615 non
1012 1561 1117 1614 sumat
1127 1571 1198 1637 gem
1208 1570 1264 1614 con

265 1686 278 1720 ι
295 1671 345 1725 tra.
358 1669 485 1748 gentem
499 1655 652 1745 gladium,
668 1667 701 1720 ct
715 1679 780 1721 non
795 1655 918 1721 discmt
932 1654 1014 1720 ultra
1035 1655 1265 1746 belligamrull

265 1766 417 1832 »sudabit
431 1766 479 1832 air
492 1765 551 1830 sub
567 1765 629 1830 vito
645 1787 714 1838 sua,
729 1775 761 1828 ct
775 1764 834 1828 sub
854 1761 918 1828 ficu
933 1787 989 1828 sua
1005 1787 1013 1826 ε
1032 1777 1066 1828 ct
1080 1786 1144 1830 non
1158 1766 1209 1830 crit
1221 1765 1263 1850 qni

264 1883 448 1938 »antumant
466 1895 474 1934 ε
494 1871 567 1958 quia
584 1893 618 1936 os
633 1870 760 1935 Domini
775 1869 927 1934 virtutum
941 1869 1112 1956 loquutum
1126 1881 1263 1958 csteqno-

263 2009 277 2042 ι
293 1981 379 2046 niam
394 1983 503 2044 oinucs
518 1977 627 2066 populi
641 1975 850 2043 ambulabunt
866 1977 898 2040 in
914 1977 1043 2042 nominc
1062 1977 1192 2045 deornm
1206 2001 1265 2042 suo

264 2109 389 2152 arum:
413 2109 468 2152 nos
488 2097 594 2150 autom
616 2082 847 2150 ambulabimus
869 2083 902 2148 in
926 2082 1056 2150 n'ominc
1068 2085 1199 2151 'Domini
1220 2084 1266 2148 llai

264 2225 276 2258 ι
293 2195 392 2261 nostri
412 2195 445 2258 in
460 2205 623 2258 aternum.
645 2193 686 2258 Et
701 2189 762 2256 crit
779 2192 812 2256 in
828 2191 878 2255 dia
893 2190 958 2268 illa,
976 2191 1122 2281 colligam
1135 2191 1266 2282 angustiis

262 2331 276 2364 ι
292 2300 451 2375 affectam,
467 2312 499 2364 ct
514 2302 648 2387 ajectam
665 2301 874 2388 congregabo,
889 2312 922 2364 at
937 2323 1009 2366 eam
1020 2301 1203 2388 quamrdlixi
1213 2323 1223 2362 .·
1233 2311 1263 2362 ct

263 2428 405 2495 »ponam
427 2405 576 2494 angustiis
594 2403 740 2470 affectam
757 2405 790 2472 in
805 2403 986 2480 residuum,
1003 2418 1037 2470 et
1051 2427 1213 2494 oppressam
1231 2403 1263 2466 in

262 2543 275 2576 s
289 2523 596 2606 gautompotantcm.
607 2513 648 2576 Et
655 2512 798 2600 regnabit
806 2511 959 2577 Dominus
966 2511 1164 2602 supercosiu
1171 2520 1266 2577 monta

261 2652 274 2688 ι
289 2623 367 2690 Sion
382 2645 421 2687 ax
435 2621 497 2686 hoc
511 2641 597 2698 nunc
611 2631 643 2684 ct
660 2618 806 2706 usquein
822 2618 972 2687 sacculum
982 2620 1004 2684 ¹.
1023 2651 1036 2684 ι

305 2729 375 2798 GX.
393 2729 452 2794 His
464 2727 601 2794 recitatis
616 2727 686 2794 haec
699 2727 826 2794 addidit
842 2728 889 2795 Ac
903 2743 1023 2795 vostros
1034 2725 1268 2818 quidemmagts

261 2853 339 2915 tros,
356 2839 458 2913 oriri,
474 2837 579 2902 omnia
593 2837 690 2924 buius
705 2836 767 2904 loci
782 2840 877 2903 vcrba
891 2840 924 2904 iu
937 2839 1103 2906 Christum
1119 2843 1200 2911 dicta
1212 2861 1270 2904 ton·

260 2945 344 3012 ficari
358 2931 422 3012 non
437 2945 546 3032 ignoro
562 2966 571 3007 z
590 2965 664 3008 anm
679 2957 786 3012 autam
801 2946 944 3012 nondum
958 2949 1094 3024 vonisse,
1111 2951 1146 3014 id
1165 2969 1269 3036 quoquc

260 3054 301 3118 ab
317 3054 361 3117 ais
376 3053 472 3118 asscri
486 3047 626 3140 intelligo
640 3075 648 3115 ι
662 3065 717 3116 aut
731 3055 756 3117 si
771 3055 867 3120 ctiam
879 3055 999 3121 venisse
1010 3056 1134 3134 dicant,
1147 3057 1273 3124 nondum

261 3160 463 3248 cognoscitur
485 3155 584 3246 qualis
605 3159 657 3236 sit,
681 3161 843 3247 inquiunt:
871 3163 926 3228 scd
951 3186 1025 3230 cum
1048 3167 1233 3232 manifestus
1250 3175 1274 3228 ct

212 3316 218 3324 .
259 3265 412 3354 gloriosus
429 3263 536 3338 fucrit,
556 3275 633 3330 tuuc
652 3279 860 3354 cognoscetur
883 3267 984 3356 qualis
1006 3271 1057 3335 sit.
1077 3269 1175 3340 Tunc
1194 3273 1274 3336 eum

260 3385 410 3440 eventura
426 3371 535 3437 dicunt
547 3395 617 3460 quac
629 3373 661 3438 in
672 3372 735 3439 hoc
745 3373 924 3440 testimonio
935 3357 1096 3465 leguntur,
1110 3379 1202 3466 quasi
1212 3365 1275 3443 non-

261 3479 338 3546 dum
357 3478 438 3544 ullus
460 3479 631 3567 prophetica
650 3480 771 3546 fructus
790 3483 941 3547 exstiterit
961 3506 968 3546 ε
994 3485 1140 3550 homines
1165 3487 1274 3550 ratione

261 3585 416 3666 destituti,¹
431 3589 485 3674 qui
496 3612 560 3654 non
568 3588 743 3677 intelligant
757 3591 789 3654 id
804 3593 889 3680 quod
900 3615 939 3658 cx
953 3595 1101 3660 omnibus
1114 3594 1275 3682 scripturis

261 3690 511 3762 demonstratum
532 3709 591 3773 cst,
612 3697 691 3783 duos
707 3697 823 3766 Christi
838 3701 988 3768 adventus
1010 3725 1078 3786 csso
1095 3703 1270 3771 nuntiatos:

292 3814 390 3868 tbtieh.
403 3835 437 3876 ιν,
452 3835 471 3866 r.
