2646 4628
374 281 499 328 conrna
523 281 674 327 nnnasrs.
982 259 1037 323 281

16 400 111 456 mter
133 409 225 478 posse
247 409 394 456 enarrare
413 387 498 454 unde
520 389 694 456 substantia
717 388 869 464 materiae,
891 409 956 454 non
971 409 1043 454 are-

16 509 115 564 entes
128 497 280 588 quoniam
288 497 374 564 Deus
386 521 425 562 ex
436 496 485 562 his
496 519 566 586 qnae
578 521 642 565 non
654 507 757 574 erant,
770 496 1044 586 quomadmodum

15 605 117 683 eluit,
134 630 172 676 aa
183 606 351 696 qne-iaetu
367 618 453 682 sunt,
467 617 503 671 nt
514 618 632 682 essent,
645 607 750 674 omnia
767 605 854 682 ierit,
867 627 922 672 sua
934 604 1044 672 volun-

15 728 66 784 rte
80 729 116 784 et
128 717 245 786 virtute
260 717 435 786 substantia
448 739 536 794 uana,
549 739 711 784 sermones
723 739 818 783 ranoa
830 715 1042 807 eollegeruntr

15 849 79 892 ere
96 826 301 896 ostendentes
317 849 407 896 suam
421 823 642 894 infidelitatem
661 849 669 892 ε
687 826 837 915 quoniam
852 826 983 918 quidem
996 826 1046 894 hia

15 959 76 1002 uae
92 948 170 1004 aunt
184 959 250 1002 non
265 934 414 1012 eredunt,
432 935 464 1002 in
480 933 513 1001 id
529 935 618 1024 quod
632 957 697 1004 non
712 948 760 1002 eat
775 935 973 1003 deciderunt.

46 1047 155 1128 Quod
164 1048 251 1114 anim
262 1047 375 1114 dicunt
387 1071 426 1113 ax
436 1044 585 1136 iacrymis
593 1047 774 1114 Achamoth
783 1047 967 1114 humectum
977 1069 1049 1136 pro·

15 1159 105 1226 iiaae
120 1157 344 1234 substantiam,
359 1181 378 1224 a
394 1157 459 1224 risu
475 1167 582 1226 antem
597 1155 750 1234 incidam,
767 1179 785 1223 a
806 1157 930 1224 tristitia
942 1169 1049 1224 autem

15 1267 158 1344 olidam,
174 1279 207 1334 et
229 1291 247 1336 a
268 1268 383 1334 timore
405 1265 574 1340 mobilem
593 1279 626 1333 et
645 1267 678 1332 in
693 1265 743 1332 his
762 1263 863 1332 eitum
879 1288 1001 1356 sapere,
1017 1279 1050 1332 et

14 1378 161 1446 niiatum
180 1401 262 1454 ease,
283 1375 445 1466 quomodo
465 1376 535 1444 haeo
552 1397 617 1442 non
637 1375 731 1466 digna
749 1375 907 1452 irrisione,
923 1387 957 1442 et
977 1399 1050 1442 vere

14 1487 169 1555 idicuiai
183 1488 238 1576 'qni
259 1510 325 1554 non
340 1485 477 1555 eredunt
492 1485 636 1574 quidem,
652 1485 804 1574 quoniam
826 1485 928 1574 ipsam
950 1498 1053 1552 mate-

14 1599 106 1675 ·iam,
127 1619 204 1666 eum
227 1599 268 1664 sit
287 1609 400 1688 potans
423 1610 457 1662 et
473 1597 560 1664 dives
575 1598 609 1664 in
630 1597 780 1664 omnibus
799 1595 898 1673 Dens,
919 1597 1050 1675 creavit,

14 1709 194 1776 rescientes
207 1718 363 1798 qnamum
378 1716 483 1795 potest
501 1703 672 1794 spiritualia
686 1717 719 1772 et
734 1705 840 1772 divina
857 1707 1049 1780 substantias

14 1818 185 1887 :rodentes
206 1827 313 1882 autom
327 1815 480 1902 quoniam
493 1813 596 1882 Mater
616 1813 772 1903 ipsorum,
789 1837 885 1906 quam
902 1815 1052 1882 seminam

14 1951 26 1997 r
45 1928 167 1994 semina
178 1937 307 2002 rooant,
320 1924 508 2016 aprmdiotis
519 1925 719 2013 passionibus
730 1925 835 1992 emisit
846 1935 967 1992 tantam
979 1949 1054 1992 con-

14 2037 146 2104 ditionis
161 2036 327 2103 materiam
341 2057 350 2100 t
364 2047 397 2102 ot
407 2045 585 2124 querentes
598 2033 729 2125 quidem
743 2035 830 2102 unde
841 2035 1053 2126 suppeditavit

14 2146 199 2214 fabricatori
221 2141 412 2214 oonditionis
439 2142 629 2216 substantias
655 2165 720 2209 non
744 2155 921 2232 quaerentes
944 2155 1052 2209 autem

13 2256 105 2328 unde
119 2253 212 2322 Matri
227 2253 384 2343 ipsorum,
395 2273 493 2342 quam
506 2250 717 2339 Enthymesin
728 2263 760 2316 et
776 2251 931 2340 impetum
941 2250 1051 2318 AEonis

13 2367 152 2440 terrentia
160 2364 285 2442 dieunt,
298 2359 598 2452 laerymasantast
610 2361 817 2437 autaudores,
830 2373 885 2427 aut
896 2361 1050 2437 tristitias,

13 2493 75 2552 aut
90 2475 212 2566 reliqna
226 2476 367 2542 materiae
381 2473 527 2540 emissio,

14 2625 18 2664 ,ς
64 2587 248 2656 Attribuere
262 2585 348 2652 anim
362 2583 571 2652 substantiam
585 2605 698 2650 eorum
714 2605 784 2674 quae
796 2579 877 2650 iacta
892 2593 979 2658 aunt,
993 2582 1052 2648 vir-

15 2700 82 2768 tuti
95 2711 128 2764 at
139 2693 292 2780 voluntati
307 2694 444 2784 ejusqui
459 2705 507 2760 est
521 2693 667 2762 omnium
682 2693 781 2768 Deus,
794 2705 827 2758 at
842 2690 1007 2768 credibile,
1020 2703 1053 2757 et

13 2805 227 2900 peoeptabile,
242 2819 275 2872 et
290 2816 453 2879 constans3
475 2806 556 2886 etin
571 2803 635 2871 hoe
650 2805 732 2870 bena
748 2802 885 2877 dicatur,
902 2802 1053 2888 quoniam

13 2945 40 2998 ,ι
55 2943 126 3008 quae
140 2913 345 3006 impossibilia
356 2927 431 2980 sunt
440 2913 527 3002 apud
542 2911 700 2986 homines,
711 2908 871 2999 possibilia
882 2921 957 2976 aunt
968 2911 1053 2999 apud

13 3057 31 3110 ρ
44 3023 179 3094 Deum².
193 3021 377 3102 »Quoniam
386 3021 532 3088 homines
542 3019 673 3108 quidem
685 3017 725 3084 de
736 3015 836 3086 nihilo
847 3039 911 3084 non
922 3033 1055 3110 possunt

13 3133 278 3224 anquiritanae,
299 3131 415 3198 sedda
440 3129 573 3196 materia
595 3129 773 3220 subjacenti
799 3151 808 3196 a
832 3129 918 3196 Deus
932 3143 1052 3208 autem,

13 3267 119 3337 ‚quam
134 3243 277 3311 homines
294 3243 357 3308 boo
369 3242 474 3331 primo
485 3239 610 3317 melior,
627 3263 666 3306 eo
680 3241 766 3330 quod
778 3241 944 3310 materiam
955 3241 1055 3308 sabri-

14 3355 155 3440 eationia
170 3375 248 3430 auae,
270 3373 345 3420 oum
363 3361 437 3418 ante
453 3373 518 3418 non
533 3361 628 3427 esset,
649 3351 717 3441 ipsa
737 3350 916 3418 adinvenit!
942 3351 1054 3419 Dicere

13 3477 131 3554 ,autem
141 3465 181 3530 de
192 3461 379 3552 Enthymeai
390 3460 500 3530 AEonis
511 3461 645 3528 errantia
658 3459 814 3551 prolatam
829 3462 1007 3539 materiem,
1022 3475 1056 3529 et

13 3577 116 3668 ,ionga
130 3573 259 3665 quidem
274 3571 410 3640 AEonem
420 3575 461 3640 ab
474 3571 660 3660 Enthymesi
672 3573 741 3660 aina
753 3583 942 3662 separatam,
954 3584 987 3638 et
998 3571 1057 3637 hu·

13 3690 76 3777 ,jus
84 3679 625 3773 rursuapasaionemetaffectionem
634 3693 721 3748 extra
734 3683 834 3771 ipsam
846 3683 975 3772 quidem
986 3683 1058 3771 ejus

13 3849 15 3884 t
60 3831 236 3882 ¹Soioeaismna
250 3841 351 3896 apertus
367 3841 415 3892 eat,
435 3833 521 3898 inquit
539 3831 640 3892 niutan
660 3833 712 3884 ime
730 3833 798 3884 enim
814 3834 899 3884 omnia
911 3842 980 3884 recto
998 3849 1058 3886 essu

28 3917 151 3968 eiierenda
163 3928 230 3966 erant.
246 3945 276 3955 -
288 3916 299 3951 ²
310 3919 370 3968 Luc.
386 3933 457 3978 rens,
469 3935 508 3984 ²7·
