<?xml version="1.0" encoding="UTF-8"?>
<!DOCTYPE html PUBLIC "-//W3C//DTD XHTML 1.0 Transitional//EN"
    "http://www.w3.org/TR/xhtml1/DTD/xhtml1-transitional.dtd">
<html xmlns="http://www.w3.org/1999/xhtml" xml:lang="en" lang="en">
 <head>
  <title>
</title>
<meta http-equiv="Content-Type" content="text/html;charset=utf-8" />
  <meta name='ocr-system' content='tesseract 3.04.00' />
  <meta name='ocr-capabilities' content='ocr_page ocr_carea ocr_par ocr_line ocrx_word'/>
</head>
<body>
  <div class='ocr_page' id='page_1' title='image "./collectioselect02guilgoog_0791.png"; bbox 0 0 2684 4638; ppageno 0'>
   <div class='ocr_carea' id='block_1_1' title="bbox 274 300 1300 503">
    <p class='ocr_par' dir='ltr' id='par_1_1' title="bbox 274 300 1300 503">
     <span class='ocr_line' id='line_1_1' title="bbox 278 300 995 368; baseline 0 -22"><span class='ocrx_word' id='word_1_1' title='bbox 278 301 340 368; x_wconf 77' lang='lat' dir='ltr'><strong>epo</strong></span> <span class='ocrx_word' id='word_1_2' title='bbox 604 300 719 348; x_wconf 77' lang='lat' dir='ltr'><strong>sarcrr</strong></span> <span class='ocrx_word' id='word_1_3' title='bbox 741 301 856 348; x_wconf 75' lang='lat' dir='ltr'><strong>sununs</strong></span> <span class='ocrx_word' id='word_1_4' title='bbox 879 301 941 348; x_wconf 80' lang='lat' dir='ltr'><strong>arn.</strong></span> <span class='ocrx_word' id='word_1_5' title='bbox 970 303 995 346; x_wconf 87' lang='lat' dir='ltr'><strong>u</strong></span> 
     </span>
     <span class='ocr_line' id='line_1_2' title="bbox 274 409 1300 503; baseline -0.003 -23"><span class='ocrx_word' id='word_1_6' title='bbox 274 410 349 480; x_wconf 76' lang='lat' dir='ltr'><strong>rosit</strong></span> <span class='ocrx_word' id='word_1_7' title='bbox 375 411 496 489; x_wconf 85' lang='lat' dir='ltr'><strong>omnis,</strong></span> <span class='ocrx_word' id='word_1_8' title='bbox 523 433 627 503; x_wconf 86' lang='lat' dir='ltr'><strong>neque</strong></span> <span class='ocrx_word' id='word_1_9' title='bbox 648 410 904 502; x_wconf 72' lang='lat' dir='ltr'><strong>blasphemantes</strong></span> <span class='ocrx_word' id='word_1_10' title='bbox 929 423 1083 481; x_wconf 86' lang='lat' dir='ltr'><strong>nostrum</strong></span> <span class='ocrx_word' id='word_1_11' title='bbox 1109 409 1300 481; x_wconf 81' lang='lat' dir='ltr'><strong>conditorem</strong></span> 
     </span>
    </p>
   </div>
   <div class='ocr_carea' id='block_1_2' title="bbox 275 549 1302 760">
    <p class='ocr_par' dir='ltr' id='par_1_2' title="bbox 275 549 1302 760">
     <span class='ocr_line' id='line_1_3' title="bbox 325 549 1302 652; baseline 0 -28"><span class='ocrx_word' id='word_1_12' title='bbox 325 564 370 626; x_wconf 84' lang='lat'><strong>2¹.</strong></span> <span class='ocrx_word' id='word_1_13' title='bbox 387 555 470 626; x_wconf 89' lang='lat' dir='ltr'><strong>Non</strong></span> <span class='ocrx_word' id='word_1_14' title='bbox 485 553 663 625; x_wconf 80' lang='lat' dir='ltr'>curiosius</span> <span class='ocrx_word' id='word_1_15' title='bbox 676 552 927 652; x_wconf 85' lang='lat' dir='ltr'><strong>investiganda</strong></span> <span class='ocrx_word' id='word_1_16' title='bbox 943 578 1028 650; x_wconf 82' lang='lat' dir='ltr'><strong>quae</strong></span> <span class='ocrx_word' id='word_1_17' title='bbox 1043 556 1188 624; x_wconf 86' lang='lat' dir='ltr'><strong>mentis</strong></span> <span class='ocrx_word' id='word_1_18' title='bbox 1199 549 1302 624; x_wconf 80' lang='lat' dir='ltr'><strong>huma·</strong></span> 
     </span>
     <span class='ocr_line' id='line_1_4' title="bbox 275 656 1157 760; baseline 0 -28"><span class='ocrx_word' id='word_1_19' title='bbox 275 685 329 734; x_wconf 83' lang='lat' dir='ltr'><strong>nae</strong></span> <span class='ocrx_word' id='word_1_20' title='bbox 342 661 422 732; x_wconf 88' lang='lat' dir='ltr'><strong>Deo</strong></span> <span class='ocrx_word' id='word_1_21' title='bbox 440 657 547 756; x_wconf 84' lang='lat' dir='ltr'><strong>louge</strong></span> <span class='ocrx_word' id='word_1_22' title='bbox 565 656 745 732; x_wconf 85' lang='lat' dir='ltr'><strong>inferioris</strong></span> <span class='ocrx_word' id='word_1_23' title='bbox 762 675 910 760; x_wconf 82' lang='lat' dir='ltr'><strong>captum</strong></span> <span class='ocrx_word' id='word_1_24' title='bbox 928 674 1117 760; x_wconf 85' lang='lat' dir='ltr'><strong>superant</strong></span> <span class='ocrx_word' id='word_1_25' title='bbox 1130 662 1157 732; x_wconf 84' lang='lat'><strong>¹.</strong></span> 
     </span>
    </p>
   </div>
   <div class='ocr_carea' id='block_1_3' title="bbox 275 783 1306 3410">
    <p class='ocr_par' dir='ltr' id='par_1_3' title="bbox 275 783 1301 2195">
     <span class='ocr_line' id='line_1_5' title="bbox 319 783 1301 876; baseline 0 -24"><span class='ocrx_word' id='word_1_26' title='bbox 319 785 353 854; x_wconf 87' lang='lat' dir='ltr'><strong>si</strong></span> <span class='ocrx_word' id='word_1_27' title='bbox 371 798 479 853; x_wconf 86' lang='lat' dir='ltr'><strong>autem</strong></span> <span class='ocrx_word' id='word_1_28' title='bbox 496 797 529 852; x_wconf 88' lang='lat' dir='ltr'><strong>et</strong></span> <span class='ocrx_word' id='word_1_29' title='bbox 545 783 657 876; x_wconf 87' lang='lat' dir='ltr'><strong>uliquis</strong></span> <span class='ocrx_word' id='word_1_30' title='bbox 677 811 743 854; x_wconf 93' lang='lat' dir='ltr'><strong>non</strong></span> <span class='ocrx_word' id='word_1_31' title='bbox 762 787 916 855; x_wconf 86' lang='lat' dir='ltr'><strong>invenerit</strong></span> <span class='ocrx_word' id='word_1_32' title='bbox 932 810 1067 854; x_wconf 88' lang='lat' dir='ltr'><strong>causam</strong></span> <span class='ocrx_word' id='word_1_33' title='bbox 1088 787 1241 854; x_wconf 91' lang='lat' dir='ltr'><strong>omnium</strong></span> <span class='ocrx_word' id='word_1_34' title='bbox 1256 810 1301 874; x_wconf 73' lang='lat' dir='ltr'><strong>que</strong></span> 
     </span>
     <span class='ocr_line' id='line_1_6' title="bbox 276 897 1299 990; baseline -0.007 -25"><span class='ocrx_word' id='word_1_35' title='bbox 276 897 494 989; x_wconf 88' lang='lat' dir='ltr'><strong>requiruntur,</strong></span> <span class='ocrx_word' id='word_1_36' title='bbox 512 899 629 990; x_wconf 80' lang='lat' dir='ltr'>cogitet</span> <span class='ocrx_word' id='word_1_37' title='bbox 640 899 714 990; x_wconf 85' lang='lat' dir='ltr'><strong>quio</strong></span> <span class='ocrx_word' id='word_1_38' title='bbox 730 898 827 965; x_wconf 89' lang='lat' dir='ltr'><strong>bomo</strong></span> <span class='ocrx_word' id='word_1_39' title='bbox 838 911 886 966; x_wconf 84' lang='lat' dir='ltr'><strong>est</strong></span> <span class='ocrx_word' id='word_1_40' title='bbox 897 899 931 966; x_wconf 95' lang='lat' dir='ltr'><strong>in</strong></span> <span class='ocrx_word' id='word_1_41' title='bbox 942 897 1116 966; x_wconf 84' lang='lat' dir='ltr'><strong>infinitum</strong></span> <span class='ocrx_word' id='word_1_42' title='bbox 1128 898 1299 964; x_wconf 80' lang='lat' dir='ltr'><strong>minorbss.</strong></span> 
     </span>
     <span class='ocr_line' id='line_1_7' title="bbox 275 1006 1300 1099; baseline -0.003 -26"><span class='ocrx_word' id='word_1_43' title='bbox 275 1019 308 1073; x_wconf 89' lang='lat' dir='ltr'><strong>et</strong></span> <span class='ocrx_word' id='word_1_44' title='bbox 328 1008 382 1097; x_wconf 91' lang='lat' dir='ltr'><strong>qui</strong></span> <span class='ocrx_word' id='word_1_45' title='bbox 399 1029 439 1074; x_wconf 84' lang='lat' dir='ltr'><strong>ex</strong></span> <span class='ocrx_word' id='word_1_46' title='bbox 452 1018 542 1098; x_wconf 87' lang='lat' dir='ltr'><strong>parte</strong></span> <span class='ocrx_word' id='word_1_47' title='bbox 558 1008 718 1098; x_wconf 88' lang='lat' dir='ltr'><strong>acceperit</strong></span> <span class='ocrx_word' id='word_1_48' title='bbox 733 1006 879 1099; x_wconf 82' lang='lat' dir='ltr'><strong>gratiam,</strong></span> <span class='ocrx_word' id='word_1_49' title='bbox 899 1019 932 1074; x_wconf 87' lang='lat' dir='ltr'><strong>et</strong></span> <span class='ocrx_word' id='word_1_50' title='bbox 951 1007 1007 1097; x_wconf 91' lang='lat' dir='ltr'><strong>qui</strong></span> <span class='ocrx_word' id='word_1_51' title='bbox 1023 1007 1185 1074; x_wconf 91' lang='lat' dir='ltr'><strong>nondum</strong></span> <span class='ocrx_word' id='word_1_52' title='bbox 1202 1007 1300 1095; x_wconf 73' lang='lat' dir='ltr'><strong>saquis</strong></span> 
     </span>
     <span class='ocr_line' id='line_1_8' title="bbox 275 1113 1300 1208; baseline -0.001 -24"><span class='ocrx_word' id='word_1_53' title='bbox 275 1113 326 1184; x_wconf 85' lang='lat' dir='ltr'><strong>val</strong></span> <span class='ocrx_word' id='word_1_54' title='bbox 341 1115 449 1184; x_wconf 87' lang='lat' dir='ltr'><strong>similis</strong></span> <span class='ocrx_word' id='word_1_55' title='bbox 465 1118 505 1184; x_wconf 85' lang='lat' dir='ltr'><strong>sit</strong></span> <span class='ocrx_word' id='word_1_56' title='bbox 520 1117 644 1196; x_wconf 83' lang='lat' dir='ltr'><strong>factori,</strong></span> <span class='ocrx_word' id='word_1_57' title='bbox 664 1119 766 1208; x_wconf 88' lang='lat' dir='ltr'><strong>etqui</strong></span> <span class='ocrx_word' id='word_1_58' title='bbox 783 1119 926 1185; x_wconf 92' lang='lat' dir='ltr'><strong>omnium</strong></span> <span class='ocrx_word' id='word_1_59' title='bbox 941 1117 1188 1208; x_wconf 73' lang='lat' dir='ltr'><strong>experientium</strong></span> <span class='ocrx_word' id='word_1_60' title='bbox 1202 1129 1235 1183; x_wconf 81' lang='lat' dir='ltr'><strong>et</strong></span> <span class='ocrx_word' id='word_1_61' title='bbox 1247 1119 1300 1205; x_wconf 62' lang='lat' dir='ltr'><strong>ccp&#39;</strong></span> 
     </span>
     <span class='ocr_line' id='line_1_9' title="bbox 275 1228 1299 1320; baseline -0.005 -24"><span class='ocrx_word' id='word_1_62' title='bbox 275 1229 430 1296; x_wconf 80' lang='lat' dir='ltr'><strong>tutionem</strong></span> <span class='ocrx_word' id='word_1_63' title='bbox 445 1228 563 1296; x_wconf 86' lang='lat' dir='ltr'><strong>bebere</strong></span> <span class='ocrx_word' id='word_1_64' title='bbox 578 1251 643 1296; x_wconf 92' lang='lat' dir='ltr'><strong>non</strong></span> <span class='ocrx_word' id='word_1_65' title='bbox 659 1230 770 1320; x_wconf 83' lang='lat' dir='ltr'><strong>possit,</strong></span> <span class='ocrx_word' id='word_1_66' title='bbox 792 1240 826 1297; x_wconf 92' lang='lat' dir='ltr'><strong>ut</strong></span> <span class='ocrx_word' id='word_1_67' title='bbox 840 1229 946 1296; x_wconf 89' lang='lat' dir='ltr'><strong>Deus:</strong></span> <span class='ocrx_word' id='word_1_68' title='bbox 965 1229 1024 1294; x_wconf 87' lang='lat' dir='ltr'><strong>sed</strong></span> <span class='ocrx_word' id='word_1_69' title='bbox 1040 1230 1075 1296; x_wconf 92' lang='lat' dir='ltr'><strong>in</strong></span> <span class='ocrx_word' id='word_1_70' title='bbox 1091 1242 1257 1317; x_wconf 80' lang='lat' dir='ltr'><strong>quantum</strong></span> <span class='ocrx_word' id='word_1_71' title='bbox 1268 1231 1299 1291; x_wconf 76' lang='lat' dir='ltr'><strong>n</strong></span> 
     </span>
     <span class='ocr_line' id='line_1_10' title="bbox 276 1336 1292 1427; baseline -0.006 -23"><span class='ocrx_word' id='word_1_72' title='bbox 276 1361 336 1404; x_wconf 89' lang='lat' dir='ltr'><strong>nor</strong></span> <span class='ocrx_word' id='word_1_73' title='bbox 348 1349 397 1404; x_wconf 87' lang='lat' dir='ltr'><strong>est</strong></span> <span class='ocrx_word' id='word_1_74' title='bbox 409 1339 449 1404; x_wconf 86' lang='lat' dir='ltr'><strong>ab</strong></span> <span class='ocrx_word' id='word_1_75' title='bbox 462 1361 501 1404; x_wconf 94' lang='lat' dir='ltr'><strong>eo</strong></span> <span class='ocrx_word' id='word_1_76' title='bbox 514 1337 569 1427; x_wconf 83' lang='lat' dir='ltr'><strong>qui</strong></span> <span class='ocrx_word' id='word_1_77' title='bbox 583 1336 684 1404; x_wconf 85' lang='lat' dir='ltr'><strong>sactus</strong></span> <span class='ocrx_word' id='word_1_78' title='bbox 695 1361 760 1404; x_wconf 92' lang='lat' dir='ltr'><strong>non</strong></span> <span class='ocrx_word' id='word_1_79' title='bbox 773 1349 835 1416; x_wconf 88' lang='lat' dir='ltr'><strong>est,</strong></span> <span class='ocrx_word' id='word_1_80' title='bbox 846 1339 944 1426; x_wconf 87' lang='lat' dir='ltr'><strong>etqui</strong></span> <span class='ocrx_word' id='word_1_81' title='bbox 955 1359 1087 1427; x_wconf 80' lang='lat' dir='ltr'><strong>semper</strong></span> <span class='ocrx_word' id='word_1_82' title='bbox 1098 1337 1195 1404; x_wconf 87' lang='lat' dir='ltr'><strong>idem</strong></span> <span class='ocrx_word' id='word_1_83' title='bbox 1206 1351 1261 1412; x_wconf 83' lang='lat' dir='ltr'><strong>est,</strong></span> <span class='ocrx_word' id='word_1_84' title='bbox 1270 1337 1292 1400; x_wconf 69' lang='lat' dir='ltr'><strong>il·</strong></span> 
     </span>
     <span class='ocr_line' id='line_1_11' title="bbox 276 1445 1297 1536; baseline -0.001 -24"><span class='ocrx_word' id='word_1_85' title='bbox 276 1447 331 1536; x_wconf 90' lang='lat' dir='ltr'><strong>qui</strong></span> <span class='ocrx_word' id='word_1_86' title='bbox 347 1445 443 1513; x_wconf 80' lang='lat' dir='ltr'><strong>bodie</strong></span> <span class='ocrx_word' id='word_1_87' title='bbox 458 1445 559 1513; x_wconf 81' lang='lat' dir='ltr'><strong>iectus</strong></span> <span class='ocrx_word' id='word_1_88' title='bbox 575 1457 637 1523; x_wconf 84' lang='lat' dir='ltr'><strong>est,</strong></span> <span class='ocrx_word' id='word_1_89' title='bbox 651 1457 686 1514; x_wconf 87' lang='lat' dir='ltr'><strong>et</strong></span> <span class='ocrx_word' id='word_1_90' title='bbox 700 1447 825 1514; x_wconf 88' lang='lat' dir='ltr'><strong>initium</strong></span> <span class='ocrx_word' id='word_1_91' title='bbox 841 1445 969 1516; x_wconf 74' lang='lat' dir='ltr'><strong>deame</strong></span> <span class='ocrx_word' id='word_1_92' title='bbox 983 1448 1139 1536; x_wconf 77' lang='lat' dir='ltr'><strong>accepit3</strong></span> <span class='ocrx_word' id='word_1_93' title='bbox 1159 1447 1196 1514; x_wconf 86' lang='lat' dir='ltr'><strong>in</strong></span> <span class='ocrx_word' id='word_1_94' title='bbox 1208 1459 1297 1514; x_wconf 74' lang='lat' dir='ltr'><strong>noun</strong></span> 
     </span>
     <span class='ocr_line' id='line_1_12' title="bbox 276 1557 1289 1648; baseline -0.004 -22"><span class='ocrx_word' id='word_1_95' title='bbox 276 1557 454 1626; x_wconf 87' lang='lat' dir='ltr'><strong>secundum</strong></span> <span class='ocrx_word' id='word_1_96' title='bbox 465 1557 643 1635; x_wconf 83' lang='lat' dir='ltr'><strong>scientiam,</strong></span> <span class='ocrx_word' id='word_1_97' title='bbox 659 1570 692 1624; x_wconf 89' lang='lat' dir='ltr'><strong>et</strong></span> <span class='ocrx_word' id='word_1_98' title='bbox 707 1557 748 1624; x_wconf 85' lang='lat' dir='ltr'><strong>ad</strong></span> <span class='ocrx_word' id='word_1_99' title='bbox 763 1559 1017 1648; x_wconf 76' lang='lat' dir='ltr'><strong>investigandum</strong></span> <span class='ocrx_word' id='word_1_100' title='bbox 1030 1581 1155 1626; x_wconf 84' lang='lat' dir='ltr'><strong>causas</strong></span> <span class='ocrx_word' id='word_1_101' title='bbox 1172 1560 1289 1626; x_wconf 80' lang='lat' dir='ltr'><strong>omniun</strong></span> 
     </span>
     <span class='ocr_line' id='line_1_13' title="bbox 276 1666 1296 1762; baseline 0 -28"><span class='ocrx_word' id='word_1_102' title='bbox 276 1669 434 1762; x_wconf 81' lang='lat' dir='ltr'><strong>minorem</strong></span> <span class='ocrx_word' id='word_1_103' title='bbox 449 1689 518 1733; x_wconf 87' lang='lat' dir='ltr'><strong>esse</strong></span> <span class='ocrx_word' id='word_1_104' title='bbox 532 1691 572 1734; x_wconf 90' lang='lat' dir='ltr'><strong>eo</strong></span> <span class='ocrx_word' id='word_1_105' title='bbox 586 1668 642 1758; x_wconf 91' lang='lat' dir='ltr'><strong>qui</strong></span> <span class='ocrx_word' id='word_1_106' title='bbox 657 1666 743 1734; x_wconf 83' lang='lat' dir='ltr'><strong>iecit.</strong></span> <span class='ocrx_word' id='word_1_107' title='bbox 762 1667 832 1735; x_wconf 90' lang='lat' dir='ltr'><strong>Non</strong></span> <span class='ocrx_word' id='word_1_108' title='bbox 848 1668 934 1735; x_wconf 90' lang='lat' dir='ltr'><strong>enim</strong></span> <span class='ocrx_word' id='word_1_109' title='bbox 949 1667 1092 1735; x_wconf 83' lang='lat' dir='ltr'><strong>iniectus</strong></span> <span class='ocrx_word' id='word_1_110' title='bbox 1109 1691 1162 1745; x_wconf 84' lang='lat' dir='ltr'><strong>es,</strong></span> <span class='ocrx_word' id='word_1_111' title='bbox 1186 1692 1208 1734; x_wconf 93' lang='lat' dir='ltr'><strong>o</strong></span> <span class='ocrx_word' id='word_1_112' title='bbox 1221 1669 1296 1736; x_wconf 79' lang='lat' dir='ltr'><strong>hona</strong></span> 
     </span>
     <span class='ocr_line' id='line_1_14' title="bbox 277 1775 1295 1869; baseline -0.003 -24"><span class='ocrx_word' id='word_1_113' title='bbox 277 1801 382 1866; x_wconf 88' lang='lat' dir='ltr'><strong>nequa</strong></span> <span class='ocrx_word' id='word_1_114' title='bbox 401 1799 527 1866; x_wconf 83' lang='lat' dir='ltr'><strong>semper</strong></span> <span class='ocrx_word' id='word_1_115' title='bbox 545 1778 740 1845; x_wconf 83' lang='lat' dir='ltr'><strong>coexistebas</strong></span> <span class='ocrx_word' id='word_1_116' title='bbox 758 1777 840 1855; x_wconf 85' lang='lat' dir='ltr'><strong>Deo,</strong></span> <span class='ocrx_word' id='word_1_117' title='bbox 858 1778 940 1846; x_wconf 88' lang='lat' dir='ltr'><strong>sicut</strong></span> <span class='ocrx_word' id='word_1_118' title='bbox 957 1775 1137 1869; x_wconf 89' lang='lat' dir='ltr'><strong>proprium</strong></span> <span class='ocrx_word' id='word_1_119' title='bbox 1158 1780 1231 1868; x_wconf 84' lang='lat' dir='ltr'><strong>ejus</strong></span> <span class='ocrx_word' id='word_1_120' title='bbox 1248 1777 1295 1844; x_wconf 69' lang='lat' dir='ltr'><strong>ier</strong></span> 
     </span>
     <span class='ocr_line' id='line_1_15' title="bbox 277 1884 1295 1976; baseline -0.004 -22"><span class='ocrx_word' id='word_1_121' title='bbox 277 1888 355 1955; x_wconf 91' lang='lat' dir='ltr'><strong>bum</strong></span> <span class='ocrx_word' id='word_1_122' title='bbox 370 1910 378 1952; x_wconf 73' lang='grc' dir='ltr'><strong>ι</strong></span> <span class='ocrx_word' id='word_1_123' title='bbox 393 1884 448 1952; x_wconf 86' lang='lat' dir='ltr'><strong>sed</strong></span> <span class='ocrx_word' id='word_1_124' title='bbox 460 1897 590 1976; x_wconf 91' lang='lat' dir='ltr'><strong>propter</strong></span> <span class='ocrx_word' id='word_1_125' title='bbox 601 1885 794 1953; x_wconf 77' lang='lat' dir='ltr'><strong>eminentem</strong></span> <span class='ocrx_word' id='word_1_126' title='bbox 804 1886 981 1952; x_wconf 83' lang='lat' dir='ltr'><strong>bonitatem</strong></span> <span class='ocrx_word' id='word_1_127' title='bbox 994 1887 1081 1976; x_wconf 88' lang='lat' dir='ltr'><strong>ejus,</strong></span> <span class='ocrx_word' id='word_1_128' title='bbox 1097 1909 1197 1956; x_wconf 90' lang='lat' dir='ltr'><strong>nunc</strong></span> <span class='ocrx_word' id='word_1_129' title='bbox 1208 1890 1295 1956; x_wconf 80' lang='lat' dir='ltr'><strong>initian</strong></span> 
     </span>
     <span class='ocr_line' id='line_1_16' title="bbox 278 1993 1294 2089; baseline -0.006 -24"><span class='ocrx_word' id='word_1_130' title='bbox 278 1997 409 2065; x_wconf 76' lang='lat' dir='ltr'><strong>iacturae</strong></span> <span class='ocrx_word' id='word_1_131' title='bbox 424 1995 596 2086; x_wconf 83' lang='lat' dir='ltr'><strong>occipiens,</strong></span> <span class='ocrx_word' id='word_1_132' title='bbox 614 1996 730 2064; x_wconf 85' lang='lat' dir='ltr'><strong>sensim</strong></span> <span class='ocrx_word' id='word_1_133' title='bbox 744 1995 840 2065; x_wconf 81' lang='lat' dir='ltr'><strong>discis</strong></span> <span class='ocrx_word' id='word_1_134' title='bbox 855 1993 991 2064; x_wconf 84' lang='lat' dir='ltr'><strong>aVerbo</strong></span> <span class='ocrx_word' id='word_1_135' title='bbox 1005 1996 1240 2089; x_wconf 82' lang='lat' dir='ltr'><strong>dispositiones</strong></span> <span class='ocrx_word' id='word_1_136' title='bbox 1251 1999 1294 2064; x_wconf 64' lang='lat' dir='ltr'><strong>bess</strong></span> 
     </span>
     <span class='ocr_line' id='line_1_17' title="bbox 278 2103 477 2195; baseline -0.005 -24"><span class='ocrx_word' id='word_1_137' title='bbox 278 2106 334 2195; x_wconf 85' lang='lat' dir='ltr'><strong>qui</strong></span> <span class='ocrx_word' id='word_1_138' title='bbox 349 2115 382 2171; x_wconf 88' lang='lat' dir='ltr'><strong>te</strong></span> <span class='ocrx_word' id='word_1_139' title='bbox 394 2103 477 2172; x_wconf 82' lang='lat' dir='ltr'><strong>iecit.</strong></span> 
     </span>
    </p>

    <p class='ocr_par' dir='ltr' id='par_1_4' title="bbox 278 2211 1306 3410">
     <span class='ocr_line' id='line_1_18' title="bbox 322 2211 1294 2304; baseline 0.004 -24"><span class='ocrx_word' id='word_1_140' title='bbox 322 2211 479 2280; x_wconf 87' lang='lat' dir='ltr'><strong>Ordinem</strong></span> <span class='ocrx_word' id='word_1_141' title='bbox 490 2237 566 2304; x_wconf 81' lang='lat' dir='ltr'><strong>ergo</strong></span> <span class='ocrx_word' id='word_1_142' title='bbox 579 2236 667 2280; x_wconf 84' lang='lat' dir='ltr'><strong>serva</strong></span> <span class='ocrx_word' id='word_1_143' title='bbox 680 2225 742 2280; x_wconf 83' lang='lat' dir='ltr'><strong>tuae</strong></span> <span class='ocrx_word' id='word_1_144' title='bbox 754 2213 904 2291; x_wconf 82' lang='lat' dir='ltr'><strong>scientiae,</strong></span> <span class='ocrx_word' id='word_1_145' title='bbox 917 2225 949 2280; x_wconf 84' lang='lat' dir='ltr'><strong>et</strong></span> <span class='ocrx_word' id='word_1_146' title='bbox 960 2237 1001 2280; x_wconf 89' lang='lat' dir='ltr'><strong>ne</strong></span> <span class='ocrx_word' id='word_1_147' title='bbox 1013 2226 1051 2279; x_wconf 84' lang='lat' dir='ltr'><strong>ut</strong></span> <span class='ocrx_word' id='word_1_148' title='bbox 1062 2215 1230 2283; x_wconf 91' lang='lat' dir='ltr'><strong>bonorum</strong></span> <span class='ocrx_word' id='word_1_149' title='bbox 1239 2217 1294 2304; x_wconf 67' lang='lat' dir='ltr'><strong>ipss·</strong></span> 
     </span>
     <span class='ocr_line' id='line_1_19' title="bbox 278 2321 1288 2413; baseline -0.006 -23"><span class='ocrx_word' id='word_1_150' title='bbox 278 2346 334 2390; x_wconf 90' lang='lat' dir='ltr'><strong>rus</strong></span> <span class='ocrx_word' id='word_1_151' title='bbox 345 2323 645 2411; x_wconf 84' lang='lat' dir='ltr'><strong>supertranscendss</strong></span> <span class='ocrx_word' id='word_1_152' title='bbox 653 2322 758 2413; x_wconf 87' lang='lat' dir='ltr'><strong>ipsum</strong></span> <span class='ocrx_word' id='word_1_153' title='bbox 766 2321 887 2397; x_wconf 77' lang='lat' dir='ltr'><strong>Deum:</strong></span> <span class='ocrx_word' id='word_1_154' title='bbox 902 2322 1288 2392; x_wconf 72' lang='lat' dir='ltr'><strong>nonenimtransiiidaet:</strong></span> 
     </span>
     <span class='ocr_line' id='line_1_20' title="bbox 278 2431 1292 2522; baseline -0.001 -22"><span class='ocrx_word' id='word_1_155' title='bbox 278 2455 383 2522; x_wconf 87' lang='lat' dir='ltr'><strong>neque</strong></span> <span class='ocrx_word' id='word_1_156' title='bbox 399 2455 495 2522; x_wconf 88' lang='lat' dir='ltr'><strong>super</strong></span> <span class='ocrx_word' id='word_1_157' title='bbox 505 2431 715 2522; x_wconf 84' lang='lat' dir='ltr'><strong>Demiurgum</strong></span> <span class='ocrx_word' id='word_1_158' title='bbox 730 2432 872 2521; x_wconf 86' lang='lat' dir='ltr'><strong>requires</strong></span> <span class='ocrx_word' id='word_1_159' title='bbox 885 2431 961 2520; x_wconf 88' lang='lat' dir='ltr'><strong>quid</strong></span> <span class='ocrx_word' id='word_1_160' title='bbox 972 2433 1012 2499; x_wconf 88' lang='lat' dir='ltr'><strong>sit</strong></span> <span class='ocrx_word' id='word_1_161' title='bbox 1018 2457 1028 2508; x_wconf 81' lang='lat'><em>3</em></span> <span class='ocrx_word' id='word_1_162' title='bbox 1048 2458 1123 2502; x_wconf 91' lang='lat' dir='ltr'><strong>non</strong></span> <span class='ocrx_word' id='word_1_163' title='bbox 1140 2439 1223 2503; x_wconf 87' lang='lat' dir='ltr'><strong>enim</strong></span> <span class='ocrx_word' id='word_1_164' title='bbox 1230 2437 1292 2499; x_wconf 64' lang='lat' dir='ltr'><strong>nse</strong></span> 
     </span>
     <span class='ocr_line' id='line_1_21' title="bbox 279 2541 1291 2636; baseline -0.004 -25"><span class='ocrx_word' id='word_1_165' title='bbox 279 2543 358 2612; x_wconf 87' lang='lat' dir='ltr'><strong>nica.</strong></span> <span class='ocrx_word' id='word_1_166' title='bbox 373 2541 810 2610; x_wconf 87' lang='lat' dir='ltr'><strong>Indaterminabilisestenim</strong></span> <span class='ocrx_word' id='word_1_167' title='bbox 819 2541 930 2609; x_wconf 78' lang='lat' dir='ltr'><strong>artifex</strong></span> <span class='ocrx_word' id='word_1_168' title='bbox 940 2555 1034 2610; x_wconf 87' lang='lat' dir='ltr'><strong>tuus:</strong></span> <span class='ocrx_word' id='word_1_169' title='bbox 1050 2569 1169 2636; x_wconf 85' lang='lat' dir='ltr'><strong>neque</strong></span> <span class='ocrx_word' id='word_1_170' title='bbox 1181 2560 1291 2634; x_wconf 71' lang='lat' dir='ltr'><strong>tanqu:</strong></span> 
     </span>
     <span class='ocr_line' id='line_1_22' title="bbox 279 2653 1291 2746; baseline -0.001 -23"><span class='ocrx_word' id='word_1_171' title='bbox 279 2656 368 2723; x_wconf 89' lang='lat' dir='ltr'><strong>hunc</strong></span> <span class='ocrx_word' id='word_1_172' title='bbox 378 2665 482 2721; x_wconf 91' lang='lat' dir='ltr'><strong>totum</strong></span> <span class='ocrx_word' id='word_1_173' title='bbox 494 2675 622 2721; x_wconf 87' lang='lat' dir='ltr'><strong>mensus</strong></span> <span class='ocrx_word' id='word_1_174' title='bbox 634 2653 688 2732; x_wconf 91' lang='lat' dir='ltr'><strong>sis,</strong></span> <span class='ocrx_word' id='word_1_175' title='bbox 704 2666 738 2721; x_wconf 89' lang='lat' dir='ltr'><strong>et</strong></span> <span class='ocrx_word' id='word_1_176' title='bbox 748 2665 898 2742; x_wconf 82' lang='lat' dir='ltr'><strong>tanquam</strong></span> <span class='ocrx_word' id='word_1_177' title='bbox 914 2654 968 2743; x_wconf 86' lang='lat' dir='ltr'><strong>qui</strong></span> <span class='ocrx_word' id='word_1_178' title='bbox 979 2677 1037 2743; x_wconf 87' lang='lat' dir='ltr'><strong>per</strong></span> <span class='ocrx_word' id='word_1_179' title='bbox 1050 2679 1196 2724; x_wconf 88' lang='lat' dir='ltr'><strong>omnam</strong></span> <span class='ocrx_word' id='word_1_180' title='bbox 1207 2655 1291 2746; x_wconf 75' lang='lat' dir='ltr'><strong>ejub</strong></span> 
     </span>
     <span class='ocr_line' id='line_1_23' title="bbox 279 2764 1292 2856; baseline -0.005 -21"><span class='ocrx_word' id='word_1_181' title='bbox 279 2767 403 2835; x_wconf 80' lang='lat' dir='ltr'><strong>bricam</strong></span> <span class='ocrx_word' id='word_1_182' title='bbox 413 2764 550 2844; x_wconf 83' lang='lat' dir='ltr'><strong>veneris,</strong></span> <span class='ocrx_word' id='word_1_183' title='bbox 563 2775 596 2832; x_wconf 88' lang='lat' dir='ltr'><strong>at</strong></span> <span class='ocrx_word' id='word_1_184' title='bbox 607 2789 703 2836; x_wconf 86' lang='lat' dir='ltr'><strong>omne</strong></span> <span class='ocrx_word' id='word_1_185' title='bbox 717 2764 804 2854; x_wconf 90' lang='lat' dir='ltr'><strong>quod</strong></span> <span class='ocrx_word' id='word_1_186' title='bbox 818 2775 866 2831; x_wconf 89' lang='lat' dir='ltr'><strong>est</strong></span> <span class='ocrx_word' id='word_1_187' title='bbox 881 2765 913 2830; x_wconf 92' lang='lat' dir='ltr'><strong>in</strong></span> <span class='ocrx_word' id='word_1_188' title='bbox 928 2788 967 2831; x_wconf 90' lang='lat' dir='ltr'><strong>eo</strong></span> <span class='ocrx_word' id='word_1_189' title='bbox 980 2765 1207 2856; x_wconf 85' lang='lat' dir='ltr'><strong>profundum,</strong></span> <span class='ocrx_word' id='word_1_190' title='bbox 1223 2765 1292 2834; x_wconf 69' lang='lat' dir='ltr'><strong>etsi</strong></span> 
     </span>
     <span class='ocr_line' id='line_1_24' title="bbox 282 2871 1293 2967; baseline 0 -23"><span class='ocrx_word' id='word_1_191' title='bbox 282 2876 440 2954; x_wconf 85' lang='lat' dir='ltr'><strong>tudinem,</strong></span> <span class='ocrx_word' id='word_1_192' title='bbox 449 2886 481 2941; x_wconf 83' lang='lat' dir='ltr'><strong>et</strong></span> <span class='ocrx_word' id='word_1_193' title='bbox 489 2871 721 2966; x_wconf 81' lang='lat' dir='ltr'><strong>longitudinem</strong></span> <span class='ocrx_word' id='word_1_194' title='bbox 728 2874 991 2952; x_wconf 77' lang='lat' dir='ltr'><strong>consideraveris,</strong></span> <span class='ocrx_word' id='word_1_195' title='bbox 1000 2899 1100 2965; x_wconf 87' lang='lat' dir='ltr'><strong>super</strong></span> <span class='ocrx_word' id='word_1_196' title='bbox 1109 2878 1226 2967; x_wconf 85' lang='lat' dir='ltr'><strong>ipsum</strong></span> <span class='ocrx_word' id='word_1_197' title='bbox 1235 2877 1293 2944; x_wconf 76' lang='lat' dir='ltr'><strong>dte</strong></span> 
     </span>
     <span class='ocr_line' id='line_1_25' title="bbox 283 2983 1296 3076; baseline -0.003 -22"><span class='ocrx_word' id='word_1_198' title='bbox 283 2985 442 3076; x_wconf 79' lang='lat' dir='ltr'><strong>excogites</strong></span> <span class='ocrx_word' id='word_1_199' title='bbox 456 2983 593 3051; x_wconf 82' lang='lat' dir='ltr'><strong>Putrem.</strong></span> <span class='ocrx_word' id='word_1_200' title='bbox 613 2983 683 3051; x_wconf 90' lang='lat' dir='ltr'><strong>Non</strong></span> <span class='ocrx_word' id='word_1_201' title='bbox 698 2984 783 3050; x_wconf 92' lang='lat' dir='ltr'><strong>enim</strong></span> <span class='ocrx_word' id='word_1_202' title='bbox 803 2985 1008 3073; x_wconf 79' lang='lat' dir='ltr'><strong>excogitabis,</strong></span> <span class='ocrx_word' id='word_1_203' title='bbox 1025 2987 1086 3054; x_wconf 87' lang='lat' dir='ltr'><strong>sed</strong></span> <span class='ocrx_word' id='word_1_204' title='bbox 1100 3001 1222 3054; x_wconf 82' lang='lat' dir='ltr'><strong>contra</strong></span> <span class='ocrx_word' id='word_1_205' title='bbox 1237 3001 1296 3054; x_wconf 77' lang='lat' dir='ltr'><strong>nstr</strong></span> 
     </span>
     <span class='ocr_line' id='line_1_26' title="bbox 281 3099 1293 3194; baseline -0.009 -25"><span class='ocrx_word' id='word_1_206' title='bbox 281 3125 352 3169; x_wconf 84' lang='lat' dir='ltr'><strong>ram</strong></span> <span class='ocrx_word' id='word_1_207' title='bbox 374 3101 525 3178; x_wconf 83' lang='lat' dir='ltr'><strong>sentiens,</strong></span> <span class='ocrx_word' id='word_1_208' title='bbox 544 3099 607 3194; x_wconf 87' lang='lat' dir='ltr'><strong>eris</strong></span> <span class='ocrx_word' id='word_1_209' title='bbox 625 3099 801 3189; x_wconf 82' lang='lat' dir='ltr'><strong>insipiens:</strong></span> <span class='ocrx_word' id='word_1_210' title='bbox 824 3110 858 3165; x_wconf 89' lang='lat' dir='ltr'><strong>et</strong></span> <span class='ocrx_word' id='word_1_211' title='bbox 880 3099 905 3166; x_wconf 94' lang='lat' dir='ltr'><strong>si</strong></span> <span class='ocrx_word' id='word_1_212' title='bbox 924 3099 956 3166; x_wconf 93' lang='lat' dir='ltr'><strong>in</strong></span> <span class='ocrx_word' id='word_1_213' title='bbox 976 3099 1039 3167; x_wconf 88' lang='lat' dir='ltr'><strong>hoc</strong></span> <span class='ocrx_word' id='word_1_214' title='bbox 1057 3122 1293 3190; x_wconf 75' lang='lat' dir='ltr'><strong>perseveraren-</strong></span> 
     </span>
     <span class='ocr_line' id='line_1_27' title="bbox 283 3207 1306 3301; baseline -0.008 -21"><span class='ocrx_word' id='word_1_215' title='bbox 283 3211 404 3280; x_wconf 84' lang='lat' dir='ltr'><strong>incides</strong></span> <span class='ocrx_word' id='word_1_216' title='bbox 415 3212 447 3277; x_wconf 93' lang='lat' dir='ltr'><strong>in</strong></span> <span class='ocrx_word' id='word_1_217' title='bbox 461 3210 627 3288; x_wconf 87' lang='lat' dir='ltr'><strong>insaniam,</strong></span> <span class='ocrx_word' id='word_1_218' title='bbox 640 3207 858 3275; x_wconf 86' lang='lat' dir='ltr'><strong>sublimiorem</strong></span> <span class='ocrx_word' id='word_1_219' title='bbox 869 3209 1007 3299; x_wconf 89' lang='lat' dir='ltr'><strong>teipsum</strong></span> <span class='ocrx_word' id='word_1_220' title='bbox 1018 3207 1256 3301; x_wconf 80' lang='lat' dir='ltr'><strong>melioremque</strong></span> <span class='ocrx_word' id='word_1_221' title='bbox 1263 3207 1306 3272; x_wconf 74' lang='lat' dir='ltr'><strong>be</strong></span> 
     </span>
     <span class='ocr_line' id='line_1_28' title="bbox 282 3318 1184 3410; baseline -0.007 -18"><span class='ocrx_word' id='word_1_222' title='bbox 282 3335 351 3392; x_wconf 86' lang='lat' dir='ltr'><strong>tore</strong></span> <span class='ocrx_word' id='word_1_223' title='bbox 362 3333 419 3388; x_wconf 89' lang='lat' dir='ltr'><strong>tuo</strong></span> <span class='ocrx_word' id='word_1_224' title='bbox 429 3320 623 3396; x_wconf 83' lang='lat' dir='ltr'><strong>existimans,</strong></span> <span class='ocrx_word' id='word_1_225' title='bbox 636 3331 669 3386; x_wconf 89' lang='lat' dir='ltr'><strong>et</strong></span> <span class='ocrx_word' id='word_1_226' title='bbox 681 3318 767 3408; x_wconf 90' lang='lat' dir='ltr'><strong>quod</strong></span> <span class='ocrx_word' id='word_1_227' title='bbox 778 3331 977 3409; x_wconf 76' lang='lat' dir='ltr'><strong>pertranseas</strong></span> <span class='ocrx_word' id='word_1_228' title='bbox 988 3343 1085 3410; x_wconf 82' lang='lat' dir='ltr'><strong>regno</strong></span> <span class='ocrx_word' id='word_1_229' title='bbox 1096 3322 1184 3410; x_wconf 88' lang='lat' dir='ltr'><strong>ejus.</strong></span> 
     </span>
    </p>
   </div>
   <div class='ocr_carea' id='block_1_4' title="bbox 285 3459 1305 3896">
    <p class='ocr_par' dir='ltr' id='par_1_5' title="bbox 285 3459 1305 3672">
     <span class='ocr_line' id='line_1_29' title="bbox 331 3459 1305 3564; baseline -0.005 -26"><span class='ocrx_word' id='word_1_230' title='bbox 331 3465 377 3538; x_wconf 84' lang='lat'><strong>3·.</strong></span> <span class='ocrx_word' id='word_1_231' title='bbox 397 3461 562 3560; x_wconf 82' lang='lat' dir='ltr'><strong>Obscum</strong></span> <span class='ocrx_word' id='word_1_232' title='bbox 582 3487 657 3534; x_wconf 92' lang='lat' dir='ltr'><strong>non</strong></span> <span class='ocrx_word' id='word_1_233' title='bbox 681 3459 879 3560; x_wconf 86' lang='lat' dir='ltr'><strong>parabolis,</strong></span> <span class='ocrx_word' id='word_1_234' title='bbox 905 3461 969 3535; x_wconf 86' lang='lat' dir='ltr'><strong>ssd</strong></span> <span class='ocrx_word' id='word_1_235' title='bbox 995 3461 1102 3536; x_wconf 80' lang='lat' dir='ltr'><strong>claris</strong></span> <span class='ocrx_word' id='word_1_236' title='bbox 1129 3468 1305 3564; x_wconf 78' lang='lat' dir='ltr'><strong>Scriptum</strong></span> 
     </span>
     <span class='ocr_line' id='line_1_30' title="bbox 285 3569 752 3672; baseline -0.011 -26"><span class='ocrx_word' id='word_1_237' title='bbox 285 3576 474 3646; x_wconf 84' lang='lat' dir='ltr'><strong>sententiis</strong></span> <span class='ocrx_word' id='word_1_238' title='bbox 490 3570 703 3672; x_wconf 84' lang='lat' dir='ltr'><strong>explicanda</strong></span> <span class='ocrx_word' id='word_1_239' title='bbox 716 3569 728 3606; x_wconf 91' lang='lat'><strong>¹</strong></span> <span class='ocrx_word' id='word_1_240' title='bbox 744 3598 752 3641; x_wconf 94' lang='lat'><strong>:</strong></span> 
     </span>
    </p>

    <p class='ocr_par' dir='ltr' id='par_1_6' title="bbox 285 3691 1305 3896">
     <span class='ocr_line' id='line_1_31' title="bbox 328 3691 1305 3785; baseline 0.002 -25"><span class='ocrx_word' id='word_1_241' title='bbox 328 3691 449 3762; x_wconf 75' lang='lat' dir='ltr'><strong>sensus</strong></span> <span class='ocrx_word' id='word_1_242' title='bbox 462 3705 571 3762; x_wconf 83' lang='lat' dir='ltr'><strong>sutem</strong></span> <span class='ocrx_word' id='word_1_243' title='bbox 586 3713 695 3771; x_wconf 85' lang='lat' dir='ltr'><strong>senus,</strong></span> <span class='ocrx_word' id='word_1_244' title='bbox 709 3705 744 3760; x_wconf 84' lang='lat' dir='ltr'><strong>et</strong></span> <span class='ocrx_word' id='word_1_245' title='bbox 759 3693 813 3782; x_wconf 77' lang='lat' dir='ltr'><strong>qui</strong></span> <span class='ocrx_word' id='word_1_246' title='bbox 831 3693 898 3762; x_wconf 90' lang='lat' dir='ltr'><strong>aine</strong></span> <span class='ocrx_word' id='word_1_247' title='bbox 913 3694 1057 3785; x_wconf 87' lang='lat' dir='ltr'><strong>periculo</strong></span> <span class='ocrx_word' id='word_1_248' title='bbox 1071 3708 1133 3774; x_wconf 87' lang='lat' dir='ltr'><strong>est,</strong></span> <span class='ocrx_word' id='word_1_249' title='bbox 1150 3708 1184 3764; x_wconf 87' lang='lat' dir='ltr'><strong>at</strong></span> <span class='ocrx_word' id='word_1_250' title='bbox 1201 3695 1305 3785; x_wconf 75' lang='lat' dir='ltr'><strong>reiip&#39;o</strong></span> 
     </span>
     <span class='ocr_line' id='line_1_32' title="bbox 285 3801 1304 3896; baseline 0.009 -28"><span class='ocrx_word' id='word_1_251' title='bbox 285 3823 350 3877; x_wconf 90' lang='lat' dir='ltr'><strong>sus,</strong></span> <span class='ocrx_word' id='word_1_252' title='bbox 369 3814 403 3870; x_wconf 85' lang='lat' dir='ltr'><strong>et</strong></span> <span class='ocrx_word' id='word_1_253' title='bbox 417 3801 528 3872; x_wconf 85' lang='lat' dir='ltr'><strong>omaus</strong></span> <span class='ocrx_word' id='word_1_254' title='bbox 543 3825 668 3882; x_wconf 86' lang='lat' dir='ltr'><strong>verum,</strong></span> <span class='ocrx_word' id='word_1_255' title='bbox 687 3825 758 3894; x_wconf 76' lang='lat' dir='ltr'><strong>qum</strong></span> <span class='ocrx_word' id='word_1_256' title='bbox 777 3803 908 3892; x_wconf 90' lang='lat' dir='ltr'><strong>qnidam</strong></span> <span class='ocrx_word' id='word_1_257' title='bbox 925 3805 1014 3873; x_wconf 91' lang='lat' dir='ltr'><strong>dedit</strong></span> <span class='ocrx_word' id='word_1_258' title='bbox 1030 3807 1065 3875; x_wconf 91' lang='lat' dir='ltr'><strong>in</strong></span> <span class='ocrx_word' id='word_1_259' title='bbox 1083 3805 1256 3878; x_wconf 87' lang='lat' dir='ltr'><strong>bominum</strong></span> <span class='ocrx_word' id='word_1_260' title='bbox 1268 3827 1304 3896; x_wconf 70' lang='lat' dir='ltr'><strong>pc</strong></span> 
     </span>
    </p>
   </div>
   <div class='ocr_carea' id='block_1_5' title="bbox 317 3929 838 3999">
    <p class='ocr_par' dir='ltr' id='par_1_7' title="bbox 317 3929 838 3999">
     <span class='ocr_line' id='line_1_33' title="bbox 317 3929 838 3999; baseline 0.008 -19"><span class='ocrx_word' id='word_1_261' title='bbox 317 3929 404 3998; x_wconf 68' lang='lat' dir='ltr'><strong>&#39;Gap</strong></span> <span class='ocrx_word' id='word_1_262' title='bbox 416 3947 474 3994; x_wconf 80' lang='lat' dir='ltr'><strong>ur,</strong></span> <span class='ocrx_word' id='word_1_263' title='bbox 486 3950 512 3984; x_wconf 87' lang='lat' dir='ltr'><strong>n.</strong></span> <span class='ocrx_word' id='word_1_264' title='bbox 523 3933 572 3986; x_wconf 75' lang='lat' dir='ltr'><strong>bet</strong></span> <span class='ocrx_word' id='word_1_265' title='bbox 582 3932 606 3993; x_wconf 70' lang='lat' dir='ltr'><strong>d.</strong></span> <span class='ocrx_word' id='word_1_266' title='bbox 620 3932 743 3999; x_wconf 83' lang='lat' dir='ltr'><strong>-²Cap.</strong></span> <span class='ocrx_word' id='word_1_267' title='bbox 759 3949 838 3984; x_wconf 77' lang='lat' dir='ltr'><strong>xxvii.</strong></span> 
     </span>
    </p>
   </div>
   <div class='ocr_carea' id='block_1_6' title="bbox 0 0 1354 4638">
    <p class='ocr_par' dir='ltr' id='par_1_8' title="bbox 0 0 1354 4638">
     <span class='ocr_line' id='line_1_34' title="bbox 0 0 1354 4638; baseline 0 0"><span class='ocrx_word' id='word_1_268' title='bbox 0 0 1354 4638; x_wconf 95' lang='lat' dir='ltr'><strong> </strong></span> 
     </span>
    </p>
   </div>
  </div>
 </body>
</html>
