2630 4614
333 249 373 324 ad
701 259 835 304 narrari
858 255 974 300 assrmr

329 373 493 442 hominum
507 371 607 438 laudis
621 391 761 436 amorem
775 367 944 458 appetatis,
959 361 1012 428 sed
1022 356 1222 450 proptulleiopl

328 484 460 558 tionem.
476 493 705 570 contemptores
719 479 829 546 mortis
843 472 1030 542 efficiamini.
1044 467 1212 535 llmdieoinre

330 593 462 662 structio
476 588 637 679 preclara,
653 589 709 656 aed
724 611 818 678 prava
833 589 865 654 in
879 609 922 652 eo
937 579 1055 652 rivmdi
1064 577 1135 648 atie
1148 573 1212 638 extr

329 713 378 767 est
396 723 449 766 eos
463 699 518 787 qui
534 698 638 765 Deum
652 698 809 787 ignorant,
830 707 987 784 tanquam
1001 692 1032 756 in
1043 683 1145 754 solemni
1153 701 1214 745 carr

328 807 534 874 admiratione
546 817 579 871 et
593 804 705 894 plausu
719 804 830 892 excipi.
845 801 937 882 Quid
951 797 1036 865 enim
1048 805 1089 860 est
1099 788 1217 856 dmm:

327 919 367 982 ab
382 938 419 981 ea
434 913 635 1004 decipimini?
650 914 789 982 Ministro
803 924 851 978 est
866 911 926 978 tibi
942 893 1219 996 rigentimninnmla

328 1022 507 1112 piditatum.
528 1020 584 1090 Vis
603 1020 722 1090 bellum
740 1043 861 1110 gerere,
881 1030 917 1084 et
938 1012 1109 1105 Apollinem
1124 1001 1221 1072 erant

329 1133 464 1200 aedium
479 1130 574 1220 capis.
587 1129 642 1198 Vis
656 1151 767 1220 rapere
781 1127 950 1217 virginem,
964 1135 998 1189 et
1013 1120 1157 1186 &menen
1163 1111 1221 1189 tiit*

330 1239 445 1308 auxilio
459 1241 575 1310 venire.
593 1237 736 1329 AEgrotas
749 1259 805 1325 per
822 1247 852 1302 te
868 1235 953 1322 ipse,
971 1242 1007 1298 et
1020 1238 1056 1292 ut
1069 1225 1221 1312 Agamana·

332 1374 402 1420 cem
417 1349 620 1426 consiliarios,
638 1348 682 1414 ita
697 1346 772 1413 deos
786 1345 843 1412 tibi
859 1344 952 1432 cupis
968 1339 1086 1406 adesse-
1103 1327 1221 1410 Quadam?

332 1484 413 1551 aqua
427 1471 563 1550 pota,·et
579 1457 720 1524 adhibito
735 1455 828 1522 thure
846 1475 958 1522 amens
973 1451 1013 1518 fit
1027 1472 1036 1513 ε
1049 1447 1122 1512 bane
1132 1433 1220 1504 rurale

333 1571 420 1640 dicis.
436 1568 586 1636 Praescius
599 1577 668 1633 erat
683 1565 861 1632 futurorum
871 1560 990 1651 Apollo
1001 1569 1035 1624 et
1044 1546 1219 1622 ratidaatlffi

333 1681 445 1771 gister:
457 1701 491 1746 se
505 1679 570 1766 ipsc
584 1678 617 1742 in
630 1675 763 1765 Daphne
776 1673 942 1740 frustratus
953 1682 1017 1736 cst.
1034 1645 1217 1746 (decretalis-²

333 1789 463 1866 divinat,
480 1805 668 1873 ausumque
681 1807 752 1869 aves
767 1783 872 1850 sutura
887 1766 1213 1872 praenuntiantibus:

334 1896 470 1963 malibus
484 1907 518 1962 et
532 1895 645 1985 plantio
663 1891 829 1983 ignobilior
842 1890 896 1958 cs?
909 1886 1101 1958 Praeclarum
1119 1875 1159 1942 lili
1167 1877 1214 1934 al:

334 2004 456 2096 lignum
476 2027 650 2094 praesagum
665 2015 699 2069 et
712 2003 816 2069 avium
834 1998 974 2068 volatum
997 1988 1132 2063 sumere!
1145 1970 1219 2060 eri'

335 2137 477 2190 avarum,
494 2115 578 2180 idem
593 2111 679 2180 etde
694 2135 728 2178 re
741 2109 883 2178 facienda
895 2109 1087 2176 vaticinatur
1099 2123 1106 2162 :
1117 2079 1218 2183 qulat

335 2235 367 2288 et
381 2245 502 2312 pugnas
513 2225 639 2299 excitat,
651 2223 735 2289 idem
745 2233 778 2288 et
788 2221 828 2288 dc
838 2216 912 2287 belli
924 2214 1059 2286 victoria
1073 2188 1214 2299 pmdlssld'

334 2331 527 2396 turbationes
542 2332 637 2398 animi
654 2331 777 2406 viceris,
797 2326 900 2395 omnia
915 2349 987 2414 quae
1002 2325 1037 2390 in
1050 2305 1214 2399 mundtssll'y

334 2450 465 2506 temnas.
490 2439 573 2506 (lum
593 2437 670 2506 tales
688 2439 798 2514 simus,
819 2435 915 2504 nolite
936 2458 993 2502 nos
1018 2431 1093 2500 odio
1112 2405 1221 2522 percpi

334 2549 528 2614 damonibus
543 2547 681 2635 rejectis,
702 2546 804 2613 solum
820 2545 923 2612 Deum
944 2520 1221 2629 momorderas

333 2685 347 2718 ι
362 2656 466 2744 ipsum
480 2654 561 2720 lacta
575 2665 661 2730 sunt,
677 2664 709 2720 et
723 2653 789 2720 sine
804 2653 872 2742 ipso
887 2652 1006 2719 lactum
1022 2659 1072 2716 est
1086 2627 1221 2711 nihill’ll'

334 2778 440 2832 autem
455 2764 565 2832 veneni
582 2775 630 2830 est
645 2763 679 2830 in
697 2762 746 2829 hie
761 2785 830 2852 quae
848 2773 1033 2838 nascuntur,
1047 2756 1081 2824 id
1094 2742 1226 2844 Impera»

334 2885 405 2941 tum
425 2885 570 2940 nostrum
589 2872 777 2960 supervenit.
800 2873 921 2939 Horum
946 2871 1112 2960 imaginem
1131 2847 1226 2922 demon&

335 2977 426 3051 licct;
445 2991 567 3046 tantum
580 3002 635 3046 voa
649 2977 835 3056 auscultate,
850 2989 882 3045 et
896 2979 950 3067 qui
963 2977 1064 3044 credit
1078 2960 1198 3045 inteligtl
1218 3047 1220 3056 Ι

377 3085 452 3152 ΧΧ.
471 3087 573 3154 Etiam
587 3089 613 3153 si
626 3099 658 3154 te
675 3088 852 3177 pharmacis
871 3111 975 3164 cures,
990 3084 1075 3174 quod
1092 3051 1231 3175 quidemll·

334 3193 560 3285 indulgentiam
582 3197 738 3269 concedo;
764 3208 889 3285 oportet
910 3207 1014 3260 tamen
1035 3205 1070 3257 ut
1090 3167 1230 3251 tegimenti

335 3329 404 3374 rem
417 3304 485 3373 Deo
498 3305 643 3394 assignes.
660 3303 769 3370 Trahit
784 3305 868 3372 enim
882 3327 938 3370 noa
953 3301 1058 3368 adhuc
1071 3286 1187 3365 mundus.
1196 3279 1231 3334 eu·

336 3416 447 3482 teriam
460 3427 589 3505 propter
602 3413 849 3482 imbecillitatem
864 3436 978 3503 quaero.
996 3410 1062 3480 llae
1076 3403 1149 3474 enim
1159 3379 1239 3458 errata*

336 3547 396 3590 mae
411 3524 544 3613 Spiritus
558 3537 695 3601 sanctus,
711 3547 807 3614 quem
822 3547 896 3590 cum
913 3521 1073 3612 peccando
1085 3495 1235 3608 projecisti·}³'

337 3629 411 3696 latit
424 3633 521 3698 instar
536 3631 624 3722 pulli,
639 3646 672 3699 et
689 3633 776 3700 humi
792 3633 911 3700 decidit
928 3655 936 3695 e
954 3629 1069 3697 celesti
1082 3635 1167 3692 autem
1178 3600 1239 3670 llll

337 3734 472 3825 delapsa.
484 3741 666 3810 inferiorum
676 3741 902 3809 commercium
912 3739 1067 3830 appetivit.
1078 3707 1235 3802 praemitti

371 3867 462 3916 ¹Joan.
476 3868 527 3926 ¹2³·
