<?xml version="1.0" encoding="UTF-8"?>
<!DOCTYPE html PUBLIC "-//W3C//DTD XHTML 1.0 Transitional//EN"
    "http://www.w3.org/TR/xhtml1/DTD/xhtml1-transitional.dtd">
<html xmlns="http://www.w3.org/1999/xhtml" xml:lang="en" lang="en">
 <head>
  <title>
</title>
<meta http-equiv="Content-Type" content="text/html;charset=utf-8" />
  <meta name='ocr-system' content='tesseract 3.04.00' />
  <meta name='ocr-capabilities' content='ocr_page ocr_carea ocr_par ocr_line ocrx_word'/>
</head>
<body>
  <div class='ocr_page' id='page_1' title='image "./collectioselect02guilgoog_0255.png"; bbox 0 0 2688 4626; ppageno 0'>
   <div class='ocr_carea' id='block_1_1' title="bbox 267 238 1247 1650">
    <p class='ocr_par' dir='ltr' id='par_1_1' title="bbox 271 238 1007 316">
     <span class='ocr_line' id='line_1_1' title="bbox 271 238 1007 316; baseline 0.007 -13"><span class='ocrx_word' id='word_1_1' title='bbox 271 238 332 316; x_wconf 69' lang='lat'><strong>246</strong></span> <span class='ocrx_word' id='word_1_2' title='bbox 564 263 678 308; x_wconf 76' lang='lat' dir='ltr'><strong>sancus</strong></span> <span class='ocrx_word' id='word_1_3' title='bbox 698 263 824 310; x_wconf 73' lang='lat' dir='ltr'><strong>rustam</strong></span> <span class='ocrx_word' id='word_1_4' title='bbox 850 265 1007 309; x_wconf 79' lang='grc' dir='ltr'>ιιιιιιιιι</span> 
     </span>
    </p>

    <p class='ocr_par' dir='ltr' id='par_1_2' title="bbox 267 367 1247 1650">
     <span class='ocr_line' id='line_1_2' title="bbox 267 367 1245 461; baseline 0.002 -29"><span class='ocrx_word' id='word_1_5' title='bbox 267 378 304 434; x_wconf 87' lang='lat' dir='ltr'><strong>ut</strong></span> <span class='ocrx_word' id='word_1_6' title='bbox 318 367 423 458; x_wconf 72' lang='lat' dir='ltr'><strong>gladio</strong></span> <span class='ocrx_word' id='word_1_7' title='bbox 439 367 573 438; x_wconf 63' lang='lat' dir='ltr'><strong>nsandi</strong></span> <span class='ocrx_word' id='word_1_8' title='bbox 593 371 656 438; x_wconf 90' lang='lat' dir='ltr'><strong>sint</strong></span> <span class='ocrx_word' id='word_1_9' title='bbox 675 372 730 458; x_wconf 92' lang='lat' dir='ltr'><strong>qui</strong></span> <span class='ocrx_word' id='word_1_10' title='bbox 744 394 814 438; x_wconf 90' lang='lat' dir='ltr'><strong>non</strong></span> <span class='ocrx_word' id='word_1_11' title='bbox 829 371 1014 461; x_wconf 74' lang='lat' dir='ltr'><strong>paruerints</strong></span> <span class='ocrx_word' id='word_1_12' title='bbox 1034 372 1086 438; x_wconf 82' lang='lat' dir='ltr'><strong>seri</strong></span> <span class='ocrx_word' id='word_1_13' title='bbox 1100 369 1198 460; x_wconf 77' lang='lat' dir='ltr'><strong>gladius</strong></span> <span class='ocrx_word' id='word_1_14' title='bbox 1207 369 1245 436; x_wconf 82' lang='lat' dir='ltr'><strong>[isi</strong></span> 
     </span>
     <span class='ocr_line' id='line_1_3' title="bbox 268 478 1246 570; baseline 0.001 -29"><span class='ocrx_word' id='word_1_15' title='bbox 268 478 349 567; x_wconf 72' lang='lat' dir='ltr'><strong>ignis</strong></span> <span class='ocrx_word' id='word_1_16' title='bbox 367 489 428 556; x_wconf 84' lang='lat' dir='ltr'><strong>cst,</strong></span> <span class='ocrx_word' id='word_1_17' title='bbox 443 481 535 568; x_wconf 90' lang='lat' dir='ltr'><strong>cujus</strong></span> <span class='ocrx_word' id='word_1_18' title='bbox 549 501 620 547; x_wconf 87' lang='lat' dir='ltr'><strong>esca</strong></span> <span class='ocrx_word' id='word_1_19' title='bbox 636 479 718 546; x_wconf 80' lang='lat' dir='ltr'><strong>fiunt</strong></span> <span class='ocrx_word' id='word_1_20' title='bbox 732 481 788 570; x_wconf 92' lang='lat' dir='ltr'><strong>qui</strong></span> <span class='ocrx_word' id='word_1_21' title='bbox 804 478 895 548; x_wconf 84' lang='lat' dir='ltr'><strong>mala</strong></span> <span class='ocrx_word' id='word_1_22' title='bbox 911 491 1035 570; x_wconf 79' lang='lat' dir='ltr'><strong>patrare</strong></span> <span class='ocrx_word' id='word_1_23' title='bbox 1048 479 1204 546; x_wconf 89' lang='lat' dir='ltr'><strong>inanimum</strong></span> <span class='ocrx_word' id='word_1_24' title='bbox 1214 479 1246 542; x_wconf 79' lang='lat' dir='ltr'><strong>iu</strong></span> 
     </span>
     <span class='ocr_line' id='line_1_4' title="bbox 269 583 1246 676; baseline -0.003 -26"><span class='ocrx_word' id='word_1_25' title='bbox 269 585 402 654; x_wconf 85' lang='lat' dir='ltr'><strong>ducunt.</strong></span> <span class='ocrx_word' id='word_1_26' title='bbox 419 587 503 654; x_wconf 86' lang='lat' dir='ltr'><strong>Hinc</strong></span> <span class='ocrx_word' id='word_1_27' title='bbox 513 588 577 654; x_wconf 86' lang='lat' dir='ltr'><strong>ait:</strong></span> <span class='ocrx_word' id='word_1_28' title='bbox 595 585 750 654; x_wconf 78' lang='lat' dir='ltr'><strong>«Gladius</strong></span> <span class='ocrx_word' id='word_1_29' title='bbox 761 587 922 676; x_wconf 80' lang='lat' dir='ltr'><strong>depascet</strong></span> <span class='ocrx_word' id='word_1_30' title='bbox 937 609 1014 653; x_wconf 79' lang='lat' dir='ltr'><strong>vos:</strong></span> <span class='ocrx_word' id='word_1_31' title='bbox 1031 609 1064 652; x_wconf 89' lang='lat' dir='ltr'><strong>us</strong></span> <span class='ocrx_word' id='word_1_32' title='bbox 1077 585 1150 650; x_wconf 90' lang='lat' dir='ltr'><strong>enim</strong></span> <span class='ocrx_word' id='word_1_33' title='bbox 1158 583 1246 649; x_wconf 82' lang='lat' dir='ltr'><strong>Domini</strong></span> 
     </span>
     <span class='ocr_line' id='line_1_5' title="bbox 270 692 1246 783; baseline -0.003 -26"><span class='ocrx_word' id='word_1_34' title='bbox 270 692 465 783; x_wconf 76' lang='grc' dir='ltr'>ιΙοιῃιιιῑιιιιι</span> <span class='ocrx_word' id='word_1_35' title='bbox 481 707 539 762; x_wconf 83' lang='lat' dir='ltr'><strong>est.</strong></span> <span class='ocrx_word' id='word_1_36' title='bbox 554 725 568 760; x_wconf 82' lang='grc' dir='ltr'>ι</span> <span class='ocrx_word' id='word_1_37' title='bbox 583 695 681 776; x_wconf 87' lang='lat' dir='ltr'><strong>Quod</strong></span> <span class='ocrx_word' id='word_1_38' title='bbox 698 697 724 762; x_wconf 89' lang='lat' dir='ltr'><strong>si</strong></span> <span class='ocrx_word' id='word_1_39' title='bbox 742 696 781 762; x_wconf 86' lang='lat' dir='ltr'><strong>de</strong></span> <span class='ocrx_word' id='word_1_40' title='bbox 805 706 944 764; x_wconf 76' lang='lat' dir='ltr'>secante</span> <span class='ocrx_word' id='word_1_41' title='bbox 962 706 995 760; x_wconf 88' lang='lat' dir='ltr'><strong>et</strong></span> <span class='ocrx_word' id='word_1_42' title='bbox 1012 693 1161 761; x_wconf 72' lang='lat' dir='ltr'><strong>confestim</strong></span> <span class='ocrx_word' id='word_1_43' title='bbox 1174 693 1246 756; x_wconf 82' lang='lat' dir='ltr'><strong>dimit-</strong></span> 
     </span>
     <span class='ocr_line' id='line_1_6' title="bbox 269 803 1247 895; baseline -0.006 -26"><span class='ocrx_word' id='word_1_44' title='bbox 269 815 356 870; x_wconf 82' lang='lat' dir='ltr'><strong>tentc</strong></span> <span class='ocrx_word' id='word_1_45' title='bbox 371 803 474 895; x_wconf 77' lang='lat' dir='ltr'><strong>gladio</strong></span> <span class='ocrx_word' id='word_1_46' title='bbox 485 805 680 894; x_wconf 87' lang='lat' dir='ltr'><strong>loqueretur,</strong></span> <span class='ocrx_word' id='word_1_47' title='bbox 693 829 757 873; x_wconf 90' lang='lat' dir='ltr'><strong>non</strong></span> <span class='ocrx_word' id='word_1_48' title='bbox 769 806 913 881; x_wconf 85' lang='lat' dir='ltr'><strong>diceret,</strong></span> <span class='ocrx_word' id='word_1_49' title='bbox 930 807 1083 894; x_wconf 79' lang='lat' dir='ltr'><strong>depascet.</strong></span> <span class='ocrx_word' id='word_1_50' title='bbox 1100 803 1247 889; x_wconf 67' lang='lat' dir='ltr'><strong>Quapropter</strong></span> 
     </span>
     <span class='ocr_line' id='line_1_7' title="bbox 269 911 1247 1006; baseline -0.007 -29"><span class='ocrx_word' id='word_1_51' title='bbox 269 911 357 1004; x_wconf 90' lang='lat' dir='ltr'><strong>quod</strong></span> <span class='ocrx_word' id='word_1_52' title='bbox 375 913 421 978; x_wconf 84' lang='lat' dir='ltr'><strong>ait</strong></span> <span class='ocrx_word' id='word_1_53' title='bbox 438 912 548 980; x_wconf 83' lang='lat' dir='ltr'><strong>Plato:</strong></span> <span class='ocrx_word' id='word_1_54' title='bbox 578 913 685 1004; x_wconf 80' lang='lat' dir='ltr'><strong>Culpa</strong></span> <span class='ocrx_word' id='word_1_55' title='bbox 705 915 874 1006; x_wconf 77' lang='lat' dir='ltr'><strong>eligentis,</strong></span> <span class='ocrx_word' id='word_1_56' title='bbox 902 915 994 981; x_wconf 82' lang='lat' dir='ltr'><strong>Deus</strong></span> <span class='ocrx_word' id='word_1_57' title='bbox 1010 929 1101 978; x_wconf 68' lang='lat' dir='ltr'><strong>rostro</strong></span> <span class='ocrx_word' id='word_1_58' title='bbox 1115 912 1247 996; x_wconf 65' lang='lat' dir='ltr'><strong>culpans</strong></span> 
     </span>
     <span class='ocr_line' id='line_1_8' title="bbox 268 1017 1247 1110; baseline -0.007 -24"><span class='ocrx_word' id='word_1_59' title='bbox 268 1019 355 1086; x_wconf 81' lang='lat' dir='ltr'><strong>hisso</strong></span> <span class='ocrx_word' id='word_1_60' title='bbox 370 1021 524 1109; x_wconf 83' lang='lat' dir='ltr'><strong>propheta</strong></span> <span class='ocrx_word' id='word_1_61' title='bbox 540 1031 703 1088; x_wconf 82' lang='lat' dir='ltr'><strong>mutuatus</strong></span> <span class='ocrx_word' id='word_1_62' title='bbox 720 1022 807 1090; x_wconf 79' lang='lat' dir='ltr'><strong>diris.</strong></span> <span class='ocrx_word' id='word_1_63' title='bbox 829 1021 1008 1110; x_wconf 82' lang='lat' dir='ltr'><strong>Antiquior</strong></span> <span class='ocrx_word' id='word_1_64' title='bbox 1021 1019 1101 1085; x_wconf 89' lang='lat' dir='ltr'><strong>enim</strong></span> <span class='ocrx_word' id='word_1_65' title='bbox 1113 1017 1189 1082; x_wconf 77' lang='lat' dir='ltr'><strong>hiuses</strong></span> <span class='ocrx_word' id='word_1_66' title='bbox 1199 1037 1247 1079; x_wconf 87' lang='lat' dir='ltr'><strong>on-</strong></span> 
     </span>
     <span class='ocr_line' id='line_1_9' title="bbox 270 1125 1247 1218; baseline -0.009 -24"><span class='ocrx_word' id='word_1_67' title='bbox 270 1127 365 1194; x_wconf 88' lang='lat' dir='ltr'><strong>nihus</strong></span> <span class='ocrx_word' id='word_1_68' title='bbox 375 1128 471 1194; x_wconf 83' lang='lat' dir='ltr'><strong>etism</strong></span> <span class='ocrx_word' id='word_1_69' title='bbox 482 1127 669 1196; x_wconf 80' lang='lat' dir='ltr'><strong>Graecorum</strong></span> <span class='ocrx_word' id='word_1_70' title='bbox 679 1129 904 1218; x_wconf 78' lang='lat' dir='ltr'><strong>scriptoribus.</strong></span> <span class='ocrx_word' id='word_1_71' title='bbox 917 1130 1024 1216; x_wconf 80' lang='lat' dir='ltr'><strong>Atque</strong></span> <span class='ocrx_word' id='word_1_72' title='bbox 1034 1125 1130 1192; x_wconf 89' lang='lat' dir='ltr'><strong>omnir</strong></span> <span class='ocrx_word' id='word_1_73' title='bbox 1138 1141 1247 1209; x_wconf 77' lang='lat' dir='ltr'><strong>quecun·</strong></span> 
     </span>
     <span class='ocr_line' id='line_1_10' title="bbox 270 1225 1246 1325; baseline -0.011 -26"><span class='ocrx_word' id='word_1_74' title='bbox 270 1257 333 1325; x_wconf 88' lang='lat' dir='ltr'><strong>que</strong></span> <span class='ocrx_word' id='word_1_75' title='bbox 352 1235 392 1301; x_wconf 86' lang='lat' dir='ltr'><strong>dc</strong></span> <span class='ocrx_word' id='word_1_76' title='bbox 411 1235 645 1303; x_wconf 86' lang='lat' dir='ltr'><strong>immortalitate</strong></span> <span class='ocrx_word' id='word_1_77' title='bbox 660 1237 785 1314; x_wconf 79' lang='lat' dir='ltr'><strong>animae,</strong></span> <span class='ocrx_word' id='word_1_78' title='bbox 805 1236 858 1304; x_wconf 81' lang='lat' dir='ltr'><strong>vel</strong></span> <span class='ocrx_word' id='word_1_79' title='bbox 879 1235 987 1324; x_wconf 85' lang='lat' dir='ltr'><strong>poenis</strong></span> <span class='ocrx_word' id='word_1_80' title='bbox 1005 1244 1074 1322; x_wconf 85' lang='lat' dir='ltr'><strong>post</strong></span> <span class='ocrx_word' id='word_1_81' title='bbox 1087 1241 1200 1304; x_wconf 83' lang='lat' dir='ltr'><strong>mortem,</strong></span> <span class='ocrx_word' id='word_1_82' title='bbox 1213 1225 1246 1290; x_wconf 86' lang='lat' dir='ltr'><strong>rel</strong></span> 
     </span>
     <span class='ocr_line' id='line_1_11' title="bbox 272 1334 1245 1434; baseline -0.014 -24"><span class='ocrx_word' id='word_1_83' title='bbox 272 1341 450 1414; x_wconf 84' lang='lat' dir='ltr'><strong>coeiestium</strong></span> <span class='ocrx_word' id='word_1_84' title='bbox 471 1367 577 1410; x_wconf 87' lang='lat' dir='ltr'><strong>rerum</strong></span> <span class='ocrx_word' id='word_1_85' title='bbox 597 1345 869 1434; x_wconf 83' lang='lat' dir='ltr'><strong>contemplatione</strong></span> <span class='ocrx_word' id='word_1_86' title='bbox 893 1343 946 1410; x_wconf 81' lang='lat' dir='ltr'><strong>vel</strong></span> <span class='ocrx_word' id='word_1_87' title='bbox 968 1340 1115 1408; x_wconf 81' lang='lat' dir='ltr'><strong>similibus</strong></span> <span class='ocrx_word' id='word_1_88' title='bbox 1136 1334 1245 1401; x_wconf 69' lang='lat' dir='ltr'><strong>senentis</strong></span> 
     </span>
     <span class='ocr_line' id='line_1_12' title="bbox 273 1441 1244 1543; baseline -0.012 -25"><span class='ocrx_word' id='word_1_89' title='bbox 273 1465 343 1520; x_wconf 88' lang='lat' dir='ltr'><strong>tum</strong></span> <span class='ocrx_word' id='word_1_90' title='bbox 361 1452 553 1542; x_wconf 77' lang='lat' dir='ltr'><strong>philosophi,</strong></span> <span class='ocrx_word' id='word_1_91' title='bbox 569 1463 639 1518; x_wconf 90' lang='lat' dir='ltr'><strong>tum</strong></span> <span class='ocrx_word' id='word_1_92' title='bbox 649 1465 751 1543; x_wconf 83' lang='lat' dir='ltr'><strong>poetae</strong></span> <span class='ocrx_word' id='word_1_93' title='bbox 766 1453 935 1527; x_wconf 83' lang='lat' dir='ltr'><strong>diruerunt,</strong></span> <span class='ocrx_word' id='word_1_94' title='bbox 952 1459 1076 1537; x_wconf 88' lang='lat' dir='ltr'><strong>sumpto</strong></span> <span class='ocrx_word' id='word_1_95' title='bbox 1089 1469 1124 1512; x_wconf 83' lang='lat' dir='ltr'><strong>ex</strong></span> <span class='ocrx_word' id='word_1_96' title='bbox 1134 1441 1244 1530; x_wconf 72' lang='lat' dir='ltr'><strong>Prophetis</strong></span> 
     </span>
     <span class='ocr_line' id='line_1_13' title="bbox 273 1558 1241 1650; baseline -0.012 -24"><span class='ocrx_word' id='word_1_97' title='bbox 273 1571 460 1650; x_wconf 80' lang='lat' dir='ltr'><strong>argumento</strong></span> <span class='ocrx_word' id='word_1_98' title='bbox 474 1570 506 1626; x_wconf 89' lang='lat' dir='ltr'><strong>et</strong></span> <span class='ocrx_word' id='word_1_99' title='bbox 518 1559 692 1650; x_wconf 78' lang='lat' dir='ltr'><strong>intelligere</strong></span> <span class='ocrx_word' id='word_1_100' title='bbox 703 1585 752 1628; x_wconf 88' lang='lat' dir='ltr'><strong>res</strong></span> <span class='ocrx_word' id='word_1_101' title='bbox 767 1559 837 1628; x_wconf 84' lang='lat' dir='ltr'><strong>illas</strong></span> <span class='ocrx_word' id='word_1_102' title='bbox 848 1569 1030 1650; x_wconf 90' lang='lat' dir='ltr'><strong>potuerunt</strong></span> <span class='ocrx_word' id='word_1_103' title='bbox 1039 1565 1071 1622; x_wconf 86' lang='lat' dir='ltr'><strong>et</strong></span> <span class='ocrx_word' id='word_1_104' title='bbox 1079 1558 1241 1642; x_wconf 76' lang='lat' dir='ltr'><strong>exposuerunt</strong></span> 
     </span>
    </p>
   </div>
   <div class='ocr_carea' id='block_1_2' title="bbox 272 1654 1301 1737">
    <p class='ocr_par' dir='ltr' id='par_1_3' title="bbox 272 1654 1301 1737">
     <span class='ocr_line' id='line_1_14' title="bbox 272 1654 1301 1737; baseline -0.02 0"><span class='ocrx_word' id='word_1_105' title='bbox 272 1669 356 1737; x_wconf 85' lang='lat' dir='ltr'><strong>Hinc</strong></span> <span class='ocrx_word' id='word_1_106' title='bbox 369 1669 516 1736; x_wconf 90' lang='lat' dir='ltr'><strong>omnihus</strong></span> <span class='ocrx_word' id='word_1_107' title='bbox 529 1668 677 1736; x_wconf 81' lang='lat' dir='ltr'><strong>videntur</strong></span> <span class='ocrx_word' id='word_1_108' title='bbox 692 1670 793 1735; x_wconf 86' lang='lat' dir='ltr'><strong>inesse</strong></span> <span class='ocrx_word' id='word_1_109' title='bbox 812 1667 960 1736; x_wconf 76' lang='lat' dir='ltr'><strong>ueritatis</strong></span> <span class='ocrx_word' id='word_1_110' title='bbox 975 1664 1099 1732; x_wconf 88' lang='lat' dir='ltr'><strong>semina.</strong></span> <span class='ocrx_word' id='word_1_111' title='bbox 1118 1657 1169 1724; x_wconf 85' lang='lat' dir='ltr'><strong>Sed</strong></span> <span class='ocrx_word' id='word_1_112' title='bbox 1179 1655 1243 1720; x_wconf 87' lang='lat' dir='ltr'><strong>niau</strong></span> <span class='ocrx_word' id='word_1_113' title='bbox 1300 1654 1301 1665; x_wconf 75' lang='grc'>’</span> 
     </span>
    </p>
   </div>
   <div class='ocr_carea' id='block_1_3' title="bbox 240 1765 1243 2953">
    <p class='ocr_par' dir='ltr' id='par_1_4' title="bbox 273 1765 1243 2524">
     <span class='ocr_line' id='line_1_15' title="bbox 273 1765 1242 1866; baseline -0.011 -24"><span class='ocrx_word' id='word_1_114' title='bbox 273 1789 421 1845; x_wconf 79' lang='lat' dir='ltr'><strong>accurate</strong></span> <span class='ocrx_word' id='word_1_115' title='bbox 434 1778 474 1843; x_wconf 84' lang='lat' dir='ltr'><strong>uh</strong></span> <span class='ocrx_word' id='word_1_116' title='bbox 491 1775 550 1843; x_wconf 88' lang='lat' dir='ltr'><strong>iliis</strong></span> <span class='ocrx_word' id='word_1_117' title='bbox 565 1777 724 1866; x_wconf 82' lang='lat' dir='ltr'><strong>cognitam</strong></span> <span class='ocrx_word' id='word_1_118' title='bbox 734 1776 830 1842; x_wconf 80' lang='lat' dir='ltr'><strong>fuisse</strong></span> <span class='ocrx_word' id='word_1_119' title='bbox 845 1800 888 1842; x_wconf 82' lang='lat' dir='ltr'><strong>cx</strong></span> <span class='ocrx_word' id='word_1_120' title='bbox 903 1799 945 1842; x_wconf 87' lang='lat' dir='ltr'><strong>eo</strong></span> <span class='ocrx_word' id='word_1_121' title='bbox 960 1773 1071 1863; x_wconf 89' lang='lat' dir='ltr'><strong>liquet,</strong></span> <span class='ocrx_word' id='word_1_122' title='bbox 1086 1765 1157 1856; x_wconf 86' lang='lat' dir='ltr'><strong>quod</strong></span> <span class='ocrx_word' id='word_1_123' title='bbox 1165 1771 1242 1828; x_wconf 59' lang='lat' dir='ltr'><strong>coum</strong></span> 
     </span>
     <span class='ocr_line' id='line_1_16' title="bbox 274 1868 1243 1976; baseline -0.014 -24"><span class='ocrx_word' id='word_1_124' title='bbox 274 1887 321 1952; x_wconf 88' lang='lat' dir='ltr'><strong>riu</strong></span> <span class='ocrx_word' id='word_1_125' title='bbox 335 1868 539 1976; x_wconf 33' lang='lat' dir='ltr'><strong>sibimetipsis*</strong></span> <span class='ocrx_word' id='word_1_126' title='bbox 550 1885 666 1951; x_wconf 87' lang='lat' dir='ltr'><strong>dicant.</strong></span> <span class='ocrx_word' id='word_1_127' title='bbox 687 1884 782 1964; x_wconf 86' lang='lat' dir='ltr'><strong>Quod</strong></span> <span class='ocrx_word' id='word_1_128' title='bbox 792 1908 871 1974; x_wconf 81' lang='lat' dir='ltr'><strong>ergo</strong></span> <span class='ocrx_word' id='word_1_129' title='bbox 884 1907 937 1951; x_wconf 88' lang='lat' dir='ltr'><strong>res</strong></span> <span class='ocrx_word' id='word_1_130' title='bbox 953 1883 1072 1949; x_wconf 80' lang='lat' dir='ltr'><strong>iuturus</strong></span> <span class='ocrx_word' id='word_1_131' title='bbox 1083 1875 1190 1942; x_wconf 81' lang='lat' dir='ltr'><strong>dicimus</strong></span> <span class='ocrx_word' id='word_1_132' title='bbox 1197 1888 1243 1956; x_wconf 59' lang='lat' dir='ltr'><strong>prs</strong></span> 
     </span>
     <span class='ocr_line' id='line_1_17' title="bbox 275 1975 1240 2083; baseline -0.021 -23"><span class='ocrx_word' id='word_1_133' title='bbox 275 1994 377 2061; x_wconf 87' lang='lat' dir='ltr'><strong>dietas</strong></span> <span class='ocrx_word' id='word_1_134' title='bbox 392 1993 500 2070; x_wconf 79' lang='lat' dir='ltr'><strong>fuisse,</strong></span> <span class='ocrx_word' id='word_1_135' title='bbox 524 2016 588 2060; x_wconf 90' lang='lat' dir='ltr'><strong>non</strong></span> <span class='ocrx_word' id='word_1_136' title='bbox 603 2016 642 2060; x_wconf 89' lang='lat' dir='ltr'><strong>eo</strong></span> <span class='ocrx_word' id='word_1_137' title='bbox 659 1993 807 2070; x_wconf 82' lang='lat' dir='ltr'><strong>dicimus,</strong></span> <span class='ocrx_word' id='word_1_138' title='bbox 825 1993 920 2083; x_wconf 82' lang='lat' dir='ltr'><strong>quod</strong></span> <span class='ocrx_word' id='word_1_139' title='bbox 937 1991 994 2058; x_wconf 83' lang='lat' dir='ltr'><strong>sati</strong></span> <span class='ocrx_word' id='word_1_140' title='bbox 1011 1984 1170 2056; x_wconf 80' lang='lat' dir='ltr'><strong>necessitate</strong></span> <span class='ocrx_word' id='word_1_141' title='bbox 1181 1975 1240 2042; x_wconf 81' lang='lat' dir='ltr'><strong>fiuu</strong></span> 
     </span>
     <span class='ocr_line' id='line_1_18' title="bbox 276 2080 1243 2174; baseline -0.016 -4"><span class='ocrx_word' id='word_1_142' title='bbox 276 2105 332 2170; x_wconf 88' lang='lat' dir='ltr'><strong>sed</strong></span> <span class='ocrx_word' id='word_1_143' title='bbox 350 2127 424 2171; x_wconf 89' lang='lat' dir='ltr'><strong>cum</strong></span> <span class='ocrx_word' id='word_1_144' title='bbox 442 2104 528 2171; x_wconf 85' lang='lat' dir='ltr'><strong>Deus</strong></span> <span class='ocrx_word' id='word_1_145' title='bbox 546 2103 666 2170; x_wconf 82' lang='lat' dir='ltr'><strong>futuras</strong></span> <span class='ocrx_word' id='word_1_146' title='bbox 686 2106 829 2172; x_wconf 91' lang='lat' dir='ltr'><strong>omnium</strong></span> <span class='ocrx_word' id='word_1_147' title='bbox 847 2103 1023 2172; x_wconf 90' lang='lat' dir='ltr'><strong>hominum</strong></span> <span class='ocrx_word' id='word_1_148' title='bbox 1044 2094 1161 2162; x_wconf 88' lang='lat' dir='ltr'><strong>actiones</strong></span> <span class='ocrx_word' id='word_1_149' title='bbox 1173 2080 1243 2174; x_wconf 58' lang='lat' dir='ltr'><strong>prot*t</strong></span> 
     </span>
     <span class='ocr_line' id='line_1_19' title="bbox 276 2195 1239 2304; baseline -0.018 -26"><span class='ocrx_word' id='word_1_150' title='bbox 276 2213 361 2290; x_wconf 85' lang='lat' dir='ltr'><strong>deut,</strong></span> <span class='ocrx_word' id='word_1_151' title='bbox 384 2236 520 2302; x_wconf 85' lang='lat' dir='ltr'><strong>cumque</strong></span> <span class='ocrx_word' id='word_1_152' title='bbox 533 2213 620 2303; x_wconf 88' lang='lat' dir='ltr'><strong>opud</strong></span> <span class='ocrx_word' id='word_1_153' title='bbox 634 2237 709 2280; x_wconf 88' lang='lat' dir='ltr'><strong>eum</strong></span> <span class='ocrx_word' id='word_1_154' title='bbox 728 2213 867 2304; x_wconf 80' lang='lat' dir='ltr'><strong>singulos</strong></span> <span class='ocrx_word' id='word_1_155' title='bbox 883 2213 1033 2282; x_wconf 88' lang='lat' dir='ltr'><strong>homines</strong></span> <span class='ocrx_word' id='word_1_156' title='bbox 1047 2228 1099 2296; x_wconf 88' lang='lat' dir='ltr'><strong>pro</strong></span> <span class='ocrx_word' id='word_1_157' title='bbox 1109 2195 1239 2268; x_wconf 66' lang='lat' dir='ltr'><strong>mentius</strong></span> 
     </span>
     <span class='ocr_line' id='line_1_20' title="bbox 276 2300 1235 2412; baseline -0.004 -24"><span class='ocrx_word' id='word_1_158' title='bbox 276 2321 399 2388; x_wconf 86' lang='lat' dir='ltr'><strong>tionum</strong></span> <span class='ocrx_word' id='word_1_159' title='bbox 415 2333 705 2400; x_wconf 87' lang='lat' dir='ltr'><strong>remuneraturum,</strong></span> <span class='ocrx_word' id='word_1_160' title='bbox 726 2333 882 2389; x_wconf 87' lang='lat' dir='ltr'><strong>statutum</strong></span> <span class='ocrx_word' id='word_1_161' title='bbox 901 2323 945 2388; x_wconf 88' lang='lat' dir='ltr'><strong>sit</strong></span> <span class='ocrx_word' id='word_1_162' title='bbox 965 2331 1002 2384; x_wconf 86' lang='lat' dir='ltr'><strong>ut</strong></span> <span class='ocrx_word' id='word_1_163' title='bbox 1018 2339 1036 2381; x_wconf 93' lang='lat' dir='ltr'><strong>a</strong></span> <span class='ocrx_word' id='word_1_164' title='bbox 1052 2336 1083 2380; x_wconf 90' lang='lat' dir='ltr'><strong>se</strong></span> <span class='ocrx_word' id='word_1_165' title='bbox 1096 2309 1168 2376; x_wconf 81' lang='lat' dir='ltr'><strong>ouium</strong></span> <span class='ocrx_word' id='word_1_166' title='bbox 1178 2300 1235 2412; x_wconf 59' lang='lat' dir='ltr'><strong>ihu}</strong></span> 
     </span>
     <span class='ocr_line' id='line_1_21' title="bbox 276 2405 1216 2524; baseline 0.001 -29"><span class='ocrx_word' id='word_1_167' title='bbox 276 2429 454 2496; x_wconf 79' lang='lat' dir='ltr'><strong>actionibus</strong></span> <span class='ocrx_word' id='word_1_168' title='bbox 480 2431 607 2517; x_wconf 81' lang='lat' dir='ltr'><strong>praemio</strong></span> <span class='ocrx_word' id='word_1_169' title='bbox 630 2431 858 2520; x_wconf 77' lang='lat' dir='ltr'><strong>rependantur,</strong></span> <span class='ocrx_word' id='word_1_170' title='bbox 892 2453 956 2519; x_wconf 87' lang='lat' dir='ltr'><strong>per</strong></span> <span class='ocrx_word' id='word_1_171' title='bbox 977 2423 1116 2514; x_wconf 84' lang='lat' dir='ltr'><strong>Spiritum</strong></span> <span class='ocrx_word' id='word_1_172' title='bbox 1131 2405 1216 2524; x_wconf 45' lang='lat' dir='ltr'><strong>pmii·</strong></span> 
     </span>
    </p>

    <p class='ocr_par' dir='ltr' id='par_1_5' title="bbox 240 2515 1238 2953">
     <span class='ocr_line' id='line_1_22' title="bbox 240 2515 1238 2628; baseline -0.015 -23"><span class='ocrx_word' id='word_1_173' title='bbox 240 2596 243 2605; x_wconf 81' lang='grc'><strong>,</strong></span> <span class='ocrx_word' id='word_1_174' title='bbox 278 2561 353 2609; x_wconf 91' lang='lat' dir='ltr'><strong>cum</strong></span> <span class='ocrx_word' id='word_1_175' title='bbox 366 2537 522 2627; x_wconf 85' lang='lat' dir='ltr'><strong>praedicit‚</strong></span> <span class='ocrx_word' id='word_1_176' title='bbox 538 2562 664 2628; x_wconf 77' lang='lat' dir='ltr'><strong>semper</strong></span> <span class='ocrx_word' id='word_1_177' title='bbox 674 2540 716 2605; x_wconf 83' lang='lat' dir='ltr'><strong>ed</strong></span> <span class='ocrx_word' id='word_1_178' title='bbox 729 2540 825 2607; x_wconf 81' lang='lat' dir='ltr'><strong>animi</strong></span> <span class='ocrx_word' id='word_1_179' title='bbox 840 2539 1055 2606; x_wconf 75' lang='lat' dir='ltr'><strong>attentionem</strong></span> <span class='ocrx_word' id='word_1_180' title='bbox 1067 2515 1238 2595; x_wconf 59' lang='lat' dir='ltr'><strong>,cmoritur</strong></span> 
     </span>
     <span class='ocr_line' id='line_1_23' title="bbox 275 2626 1229 2740; baseline -0.004 -24"><span class='ocrx_word' id='word_1_181' title='bbox 275 2673 352 2729; x_wconf 80' lang='lat' dir='ltr'><strong>nem</strong></span> <span class='ocrx_word' id='word_1_182' title='bbox 372 2672 487 2716; x_wconf 86' lang='lat' dir='ltr'><strong>vocans</strong></span> <span class='ocrx_word' id='word_1_183' title='bbox 505 2626 671 2717; x_wconf 83' lang='lat' dir='ltr'><strong>hominum</strong></span> <span class='ocrx_word' id='word_1_184' title='bbox 691 2673 802 2740; x_wconf 78' lang='lat' dir='ltr'><strong>genus,</strong></span> <span class='ocrx_word' id='word_1_185' title='bbox 822 2674 926 2738; x_wconf 87' lang='lat' dir='ltr'><strong>seque·</strong></span> <span class='ocrx_word' id='word_1_186' title='bbox 941 2668 1055 2716; x_wconf 87' lang='lat' dir='ltr'><strong>eorum</strong></span> <span class='ocrx_word' id='word_1_187' title='bbox 1070 2635 1229 2713; x_wconf 54' lang='lat' dir='ltr'><strong>emim</strong></span> 
     </span>
     <span class='ocr_line' id='line_1_24' title="bbox 279 2740 1232 2848; baseline -0.012 -25"><span class='ocrx_word' id='word_1_188' title='bbox 279 2781 317 2824; x_wconf 90' lang='lat' dir='ltr'><strong>ac</strong></span> <span class='ocrx_word' id='word_1_189' title='bbox 332 2754 391 2822; x_wconf 92' lang='lat' dir='ltr'><strong>illis</strong></span> <span class='ocrx_word' id='word_1_190' title='bbox 403 2757 567 2848; x_wconf 87' lang='lat' dir='ltr'><strong>providere</strong></span> <span class='ocrx_word' id='word_1_191' title='bbox 582 2757 813 2825; x_wconf 86' lang='lat' dir='ltr'><strong>demonstrans.</strong></span> <span class='ocrx_word' id='word_1_192' title='bbox 830 2757 992 2824; x_wconf 85' lang='lat' dir='ltr'><strong>Malorum</strong></span> <span class='ocrx_word' id='word_1_193' title='bbox 1007 2761 1097 2819; x_wconf 88' lang='lat' dir='ltr'><strong>auten</strong></span> <span class='ocrx_word' id='word_1_194' title='bbox 1108 2740 1232 2841; x_wconf 55' lang='grc' dir='ltr'><strong>ΜΨ</strong></span> 
     </span>
     <span class='ocr_line' id='line_1_25' title="bbox 281 2843 1238 2953; baseline -0.003 -24"><span class='ocrx_word' id='word_1_195' title='bbox 281 2866 465 2953; x_wconf 79' lang='lat' dir='ltr'><strong>operatione</strong></span> <span class='ocrx_word' id='word_1_196' title='bbox 494 2864 612 2930; x_wconf 90' lang='lat' dir='ltr'><strong>sancita</strong></span> <span class='ocrx_word' id='word_1_197' title='bbox 638 2887 724 2930; x_wconf 89' lang='lat' dir='ltr'><strong>mors</strong></span> <span class='ocrx_word' id='word_1_198' title='bbox 753 2877 802 2929; x_wconf 85' lang='lat' dir='ltr'><strong>est</strong></span> <span class='ocrx_word' id='word_1_199' title='bbox 821 2864 854 2929; x_wconf 89' lang='lat' dir='ltr'><strong>in</strong></span> <span class='ocrx_word' id='word_1_200' title='bbox 872 2887 928 2930; x_wconf 88' lang='lat' dir='ltr'><strong>eos</strong></span> <span class='ocrx_word' id='word_1_201' title='bbox 956 2863 1012 2950; x_wconf 91' lang='lat' dir='ltr'><strong>qui</strong></span> <span class='ocrx_word' id='word_1_202' title='bbox 1032 2858 1123 2944; x_wconf 76' lang='lat' dir='ltr'><strong>legunt</strong></span> <span class='ocrx_word' id='word_1_203' title='bbox 1136 2843 1238 2926; x_wconf 52' lang='lat' dir='ltr'><strong>iiim*</strong></span> 
     </span>
    </p>
   </div>
   <div class='ocr_carea' id='block_1_4' title="bbox 279 2942 1246 3491">
    <p class='ocr_par' dir='ltr' id='par_1_6' title="bbox 279 2942 1244 3274">
     <span class='ocr_line' id='line_1_26' title="bbox 279 2942 1241 3061; baseline -0.026 -23"><span class='ocrx_word' id='word_1_204' title='bbox 279 2985 334 3038; x_wconf 89' lang='lat' dir='ltr'><strong>aut</strong></span> <span class='ocrx_word' id='word_1_205' title='bbox 345 2971 473 3059; x_wconf 83' lang='lat' dir='ltr'><strong>Sibyllae</strong></span> <span class='ocrx_word' id='word_1_206' title='bbox 484 2984 538 3039; x_wconf 85' lang='lat' dir='ltr'><strong>aut</strong></span> <span class='ocrx_word' id='word_1_207' title='bbox 552 2971 784 3061; x_wconf 85' lang='lat' dir='ltr'><strong>Prophetarum</strong></span> <span class='ocrx_word' id='word_1_208' title='bbox 796 2971 907 3050; x_wconf 90' lang='lat' dir='ltr'><strong>libros,</strong></span> <span class='ocrx_word' id='word_1_209' title='bbox 929 2986 1002 3040; x_wconf 84' lang='lat' dir='ltr'><strong>tum</strong></span> <span class='ocrx_word' id='word_1_210' title='bbox 1018 2980 1054 3035; x_wconf 87' lang='lat' dir='ltr'><strong>ut</strong></span> <span class='ocrx_word' id='word_1_211' title='bbox 1067 2942 1241 3057; x_wconf 37' lang='grc' dir='ltr'><strong>ιιιιιῑιιΙιοιιιὶῐιθ·5</strong></span> 
     </span>
     <span class='ocr_line' id='line_1_27' title="bbox 279 3067 1244 3170; baseline -0.009 -23"><span class='ocrx_word' id='word_1_212' title='bbox 279 3079 472 3156; x_wconf 83' lang='lat' dir='ltr'><strong>deterreant,</strong></span> <span class='ocrx_word' id='word_1_213' title='bbox 488 3079 657 3168; x_wconf 90' lang='lat' dir='ltr'><strong>quominus</strong></span> <span class='ocrx_word' id='word_1_214' title='bbox 676 3080 725 3145; x_wconf 88' lang='lat' dir='ltr'><strong>his</strong></span> <span class='ocrx_word' id='word_1_215' title='bbox 743 3079 883 3170; x_wconf 83' lang='lat' dir='ltr'><strong>legendis</strong></span> <span class='ocrx_word' id='word_1_216' title='bbox 897 3082 1057 3148; x_wconf 75' lang='lat' dir='ltr'><strong>honarum</strong></span> <span class='ocrx_word' id='word_1_217' title='bbox 1074 3082 1161 3136; x_wconf 66' lang='lat' dir='ltr'><strong>mum</strong></span> <span class='ocrx_word' id='word_1_218' title='bbox 1171 3067 1244 3136; x_wconf 55' lang='grc' dir='ltr'><strong>Ψ·</strong></span> 
     </span>
     <span class='ocr_line' id='line_1_28' title="bbox 280 3177 1220 3274; baseline -0.013 -19"><span class='ocrx_word' id='word_1_219' title='bbox 280 3189 400 3255; x_wconf 90' lang='lat' dir='ltr'><strong>tionem</strong></span> <span class='ocrx_word' id='word_1_220' title='bbox 411 3199 629 3274; x_wconf 85' lang='lat' dir='ltr'><strong>assequuntur,</strong></span> <span class='ocrx_word' id='word_1_221' title='bbox 647 3198 716 3254; x_wconf 84' lang='lat' dir='ltr'><strong>tum</strong></span> <span class='ocrx_word' id='word_1_222' title='bbox 728 3201 765 3253; x_wconf 92' lang='lat' dir='ltr'><strong>ut</strong></span> <span class='ocrx_word' id='word_1_223' title='bbox 774 3213 828 3254; x_wconf 84' lang='lat' dir='ltr'><strong>eos</strong></span> <span class='ocrx_word' id='word_1_224' title='bbox 840 3189 899 3256; x_wconf 88' lang='lat' dir='ltr'><strong>sihi</strong></span> <span class='ocrx_word' id='word_1_225' title='bbox 912 3211 1020 3257; x_wconf 84' lang='lat' dir='ltr'><strong>seruos</strong></span> <span class='ocrx_word' id='word_1_226' title='bbox 1032 3177 1220 3274; x_wconf 42' lang='lat' dir='ltr'><strong>retineanttqfl&#39;</strong></span> 
     </span>
    </p>

    <p class='ocr_par' dir='ltr' id='par_1_7' title="bbox 281 3255 1246 3491">
     <span class='ocr_line' id='line_1_29' title="bbox 281 3255 1246 3388; baseline -0.027 -27"><span class='ocrx_word' id='word_1_227' title='bbox 281 3294 410 3384; x_wconf 89' lang='lat' dir='ltr'><strong>quidem</strong></span> <span class='ocrx_word' id='word_1_228' title='bbox 431 3293 464 3360; x_wconf 92' lang='lat' dir='ltr'><strong>in</strong></span> <span class='ocrx_word' id='word_1_229' title='bbox 487 3305 677 3381; x_wconf 88' lang='lat' dir='ltr'><strong>perpetuum</strong></span> <span class='ocrx_word' id='word_1_230' title='bbox 699 3293 824 3361; x_wconf 85' lang='lat' dir='ltr'><strong>efficere</strong></span> <span class='ocrx_word' id='word_1_231' title='bbox 850 3319 914 3362; x_wconf 88' lang='lat' dir='ltr'><strong>non</strong></span> <span class='ocrx_word' id='word_1_232' title='bbox 939 3295 1114 3385; x_wconf 84' lang='lat' dir='ltr'><strong>potuerunt</strong></span> <span class='ocrx_word' id='word_1_233' title='bbox 1136 3255 1246 3388; x_wconf 56' lang='lat' dir='ltr'><strong>inponit</strong></span> 
     </span>
     <span class='ocr_line' id='line_1_30' title="bbox 282 3370 1245 3491; baseline -0.033 -21"><span class='ocrx_word' id='word_1_234' title='bbox 282 3405 369 3470; x_wconf 89' lang='lat' dir='ltr'><strong>enim</strong></span> <span class='ocrx_word' id='word_1_235' title='bbox 383 3425 448 3470; x_wconf 90' lang='lat' dir='ltr'><strong>non</strong></span> <span class='ocrx_word' id='word_1_236' title='bbox 462 3399 564 3467; x_wconf 88' lang='lat' dir='ltr'><strong>solum</strong></span> <span class='ocrx_word' id='word_1_237' title='bbox 579 3399 648 3466; x_wconf 87' lang='lat' dir='ltr'><strong>illos</strong></span> <span class='ocrx_word' id='word_1_238' title='bbox 664 3399 810 3491; x_wconf 79' lang='lat' dir='ltr'><strong>legimus,</strong></span> <span class='ocrx_word' id='word_1_239' title='bbox 830 3403 886 3468; x_wconf 87' lang='lat' dir='ltr'><strong>sed</strong></span> <span class='ocrx_word' id='word_1_240' title='bbox 900 3403 990 3469; x_wconf 84' lang='lat' dir='ltr'><strong>vohis</strong></span> <span class='ocrx_word' id='word_1_241' title='bbox 1006 3397 1105 3464; x_wconf 89' lang='lat' dir='ltr'><strong>etium,</strong></span> <span class='ocrx_word' id='word_1_242' title='bbox 1123 3392 1151 3448; x_wconf 85' lang='lat' dir='ltr'><strong>ut</strong></span> <span class='ocrx_word' id='word_1_243' title='bbox 1162 3370 1245 3441; x_wconf 61' lang='lat' dir='ltr'><strong>„dous</strong></span> 
     </span>
    </p>
   </div>
   <div class='ocr_carea' id='block_1_5' title="bbox 283 3479 1249 3816">
    <p class='ocr_par' dir='ltr' id='par_1_8' title="bbox 283 3479 1249 3816">
     <span class='ocr_line' id='line_1_31' title="bbox 284 3479 1249 3600; baseline -0.015 -23"><span class='ocrx_word' id='word_1_244' title='bbox 284 3511 494 3600; x_wconf 86' lang='lat' dir='ltr'><strong>inspiciendos</strong></span> <span class='ocrx_word' id='word_1_245' title='bbox 509 3509 683 3586; x_wconf 80' lang='lat' dir='ltr'><strong>offerimus,</strong></span> <span class='ocrx_word' id='word_1_246' title='bbox 701 3533 776 3578; x_wconf 89' lang='lat' dir='ltr'><strong>cum</strong></span> <span class='ocrx_word' id='word_1_247' title='bbox 787 3510 930 3580; x_wconf 82' lang='lat' dir='ltr'><strong>futurum</strong></span> <span class='ocrx_word' id='word_1_248' title='bbox 945 3511 1078 3579; x_wconf 83' lang='lat' dir='ltr'><strong>sciemus</strong></span> <span class='ocrx_word' id='word_1_249' title='bbox 1090 3507 1121 3562; x_wconf 75' lang='lat' dir='ltr'><strong>ut</strong></span> <span class='ocrx_word' id='word_1_250' title='bbox 1132 3479 1194 3578; x_wconf 70' lang='lat' dir='ltr'><strong>groti</strong></span> <span class='ocrx_word' id='word_1_251' title='bbox 1204 3493 1249 3590; x_wconf 52' lang='grc' dir='ltr'><strong>ΟΨ]</strong></span> 
     </span>
     <span class='ocr_line' id='line_1_32' title="bbox 283 3597 1247 3711; baseline -0.017 -27"><span class='ocrx_word' id='word_1_252' title='bbox 283 3620 376 3684; x_wconf 89' lang='lat' dir='ltr'><strong>nihus</strong></span> <span class='ocrx_word' id='word_1_253' title='bbox 385 3617 560 3685; x_wconf 78' lang='lat' dir='ltr'><strong>videantur.</strong></span> <span class='ocrx_word' id='word_1_254' title='bbox 574 3619 678 3707; x_wconf 79' lang='lat' dir='ltr'><strong>Atque</strong></span> <span class='ocrx_word' id='word_1_255' title='bbox 689 3621 811 3688; x_wconf 83' lang='lat' dir='ltr'><strong>etiamsi</strong></span> <span class='ocrx_word' id='word_1_256' title='bbox 822 3621 932 3710; x_wconf 88' lang='lat' dir='ltr'><strong>paucis</strong></span> <span class='ocrx_word' id='word_1_257' title='bbox 943 3597 1247 3711; x_wconf 69' lang='lat' dir='ltr'><strong>persuadeamusfflffl·</strong></span> 
     </span>
     <span class='ocr_line' id='line_1_33' title="bbox 284 3713 1173 3816; baseline -0.018 -25"><span class='ocrx_word' id='word_1_258' title='bbox 284 3747 337 3791; x_wconf 84' lang='lat' dir='ltr'><strong>mu</strong></span> <span class='ocrx_word' id='word_1_259' title='bbox 347 3735 454 3791; x_wconf 88' lang='lat' dir='ltr'><strong>tameo</strong></span> <span class='ocrx_word' id='word_1_260' title='bbox 466 3723 554 3792; x_wconf 85' lang='lat' dir='ltr'><strong>luero</strong></span> <span class='ocrx_word' id='word_1_261' title='bbox 566 3725 735 3804; x_wconf 77' lang='lat' dir='ltr'><strong>iaciemusr</strong></span> <span class='ocrx_word' id='word_1_262' title='bbox 753 3751 828 3798; x_wconf 78' lang='lat' dir='ltr'><strong>nam</strong></span> <span class='ocrx_word' id='word_1_263' title='bbox 841 3729 961 3797; x_wconf 83' lang='lat' dir='ltr'><strong>utboni</strong></span> <span class='ocrx_word' id='word_1_264' title='bbox 972 3713 1108 3816; x_wconf 71' lang='lat' dir='ltr'><strong>agricole</strong></span> <span class='ocrx_word' id='word_1_265' title='bbox 1117 3723 1173 3777; x_wconf 77' lang='lat' dir='ltr'><strong>nor</strong></span> 
     </span>
    </p>
   </div>
   <div class='ocr_carea' id='block_1_6' title="bbox 284 3829 739 3922">
    <p class='ocr_par' dir='ltr' id='par_1_9' title="bbox 284 3829 739 3922">
     <span class='ocr_line' id='line_1_34' title="bbox 284 3829 739 3922; baseline -0.018 -22"><span class='ocrx_word' id='word_1_266' title='bbox 284 3855 302 3900; x_wconf 91' lang='lat' dir='ltr'><strong>a</strong></span> <span class='ocrx_word' id='word_1_267' title='bbox 317 3829 453 3900; x_wconf 88' lang='lat' dir='ltr'><strong>Domino</strong></span> <span class='ocrx_word' id='word_1_268' title='bbox 466 3832 686 3922; x_wconf 86' lang='lat' dir='ltr'><strong>percipiemus.</strong></span> <span class='ocrx_word' id='word_1_269' title='bbox 707 3885 714 3893; x_wconf 86' lang='grc'><em>,</em></span> <span class='ocrx_word' id='word_1_270' title='bbox 731 3907 739 3922; x_wconf 44' lang='grc'>,</span> 
     </span>
    </p>
   </div>
   <div class='ocr_carea' id='block_1_7' title="bbox 1217 3700 1301 3885">
    <p class='ocr_par' dir='ltr' id='par_1_10' title="bbox 1217 3700 1301 3885">
     <span class='ocr_line' id='line_1_35' title="bbox 1217 3700 1301 3885; baseline -0.024 2"><span class='ocrx_word' id='word_1_271' title='bbox 1217 3700 1249 3750; x_wconf 61' lang='lat'><strong>⁰¹⁰</strong></span> <span class='ocrx_word' id='word_1_272' title='bbox 1298 3736 1301 3885; x_wconf 83' lang='lat' dir='ltr'><strong>i</strong></span> 
     </span>
    </p>
   </div>
   <div class='ocr_carea' id='block_1_8' title="bbox 1191 4211 1303 4596">
    <p class='ocr_par' dir='ltr' id='par_1_11' title="bbox 1191 4211 1303 4596">
     <span class='ocr_line' id='line_1_36' title="bbox 1191 4211 1303 4596; baseline -0.018 -262"><span class='ocrx_word' id='word_1_273' title='bbox 1191 4211 1303 4596; x_wconf 46' lang='lat' dir='ltr'><strong>p</strong></span> 
     </span>
    </p>
   </div>
   <div class='ocr_carea' id='block_1_9' title="bbox 0 0 1364 4626">
    <p class='ocr_par' dir='ltr' id='par_1_12' title="bbox 0 0 1364 4626">
     <span class='ocr_line' id='line_1_37' title="bbox 0 0 1364 4626; baseline 0 0"><span class='ocrx_word' id='word_1_274' title='bbox 0 0 1364 4626; x_wconf 95' lang='lat' dir='ltr'><strong> </strong></span> 
     </span>
    </p>
   </div>
   <div class='ocr_carea' id='block_1_10' title="bbox 1298 939 1303 1465">
    <p class='ocr_par' dir='ltr' id='par_1_13' title="bbox 1298 939 1303 1465">
     <span class='ocr_line' id='line_1_38' title="bbox 1298 939 1303 1465; baseline 0 0"><span class='ocrx_word' id='word_1_275' title='bbox 1298 939 1303 1465; x_wconf 95' lang='lat' dir='ltr'><strong> </strong></span> 
     </span>
    </p>
   </div>
  </div>
 </body>
</html>
