2616 4620
302 303 345 345 an
367 290 565 353 aureatcurt,
588 301 649 348 ιιι.
675 300 722 343 ιιι.
963 295 1022 364 197

18 402 1030 496 3HuiesuceessithgmalionPygmeliililius,quirixitaunisbb„

17 529 66 592 ¹zet
82 515 324 606 regnavitannis
340 539 370 602 7.
385 513 427 580 At
440 513 474 579 in
489 513 621 602 septimo
636 536 718 579 auno
733 513 801 602 ejus
817 512 905 600 regni
923 512 956 576 in
970 511 1025 587 Li-

17 627 128 713 byam
143 625 264 713 fugiens
278 623 347 713 ejus
362 644 451 688 soror
466 623 577 686 urbem
591 621 744 696 condidit,
760 643 829 709 quae
844 618 1026 686 edhuoho-

17 734 86 818 :dis
110 733 265 822 Carthago
285 728 468 820 appellatur.
487 757 499 792 a
516 729 663 798 Continet
678 729 773 817 igitur
786 750 881 793 omne
900 737 1024 815 tempus

17 846 39 931 b
71 843 212 910 Hieromi
235 863 332 929 regno
358 861 457 928 usque
479 838 520 904 ad
542 821 707 905 conditam
725 837 945 926 Carthaginem
967 858 1026 902 aa·

17 975 62 1042 z⁰³
82 952 154 1027 155,
170 962 202 1016 et
223 971 346 1016 menses
367 958 450 1014 octo.
475 945 670 1012 Duodecimn
689 969 771 1012 anuo
790 946 871 1035 regis
885 943 1026 1012 llieromi

17 1056 197 1144 ³gdilicatum
218 1067 266 1122 est
281 1053 434 1144 templum
447 1053 757 1142 lerosolymitanum.
778 1054 887 1142 ltaque
907 1053 1029 1120 unirer-

17 1151 79 1237 ]am
94 1177 218 1254 tempus
232 1165 272 1229 ab
288 1173 469 1230 constructo
484 1160 604 1252 templo
617 1161 768 1249 usquead
783 1161 941 1228 conditam
953 1162 1028 1228 Car·

20 1259 168 1364 laaff'nem
183 1272 404 1363 complectitur
419 1295 516 1342 annos
536 1273 609 1351 145,
625 1282 657 1337 et
672 1295 794 1336 menses
809 1283 892 1338 octo.

17 1448 25 1458 ,,
43 1383 171 1448 XXlll.
195 1381 381 1448 Phoenicum
395 1403 471 1468 ergo
484 1389 517 1444 et
530 1377 805 1468 AEgyptiorumde
826 1401 1032 1446 teramnae.

17 1473 129 1568 farum
144 1490 337 1577 temporibus
351 1486 529 1552 testimonia
551 1487 711 1576 quomodo
726 1485 892 1553 retulerint
911 1486 1028 1554 Mane-

20 1588 79 1679 1ἰοε
94 1599 259 1688 AEgyptius
273 1611 306 1664 et
319 1596 490 1664 Menander
510 1595 676 1686 Ephesius,
691 1619 730 1662 ac
744 1597 840 1664 etiam
859 1597 1028 1686 Josepbua,

17 1711 59 1790 sui
78 1706 198 1773 bellum
212 1707 329 1774 Judaeis
344 1705 522 1772 aRomenis
537 1703 658 1774 illatum
669 1703 780 1786 litteris
791 1707 964 1782 mandavit,
975 1729 1032 1772 no-

17 1807 52 1906 Jis
76 1813 234 1882 sufficiant
255 1839 325 1903 quae
341 1813 485 1879 diximus.
504 1815 552 1880 Ex
572 1814 622 1880 bis
640 1815 725 1880 enim
740 1814 794 1902 qui
810 1815 929 1904 antiqui
945 1825 1030 1890 sunt,

17 1920 106 1990 'iem
122 1935 309 1992 caeterorum
324 1922 490 2011 scripta'iis
505 1946 575 2010 quae
589 1946 646 2012 per
665 1922 784 1990 Mosam
806 1925 896 1989 nobis
919 1923 1032 1988 tradita

21 2010 97 2122 lant,
113 2029 290 2096 recentiora
306 2051 373 2095 esse
384 2029 629 2107 demonstratur,
642 2030 706 2096 imo
716 2040 750 2095 et
763 2030 836 2118 ipsis
847 2029 1010 2119 Prophetis
1018 2055 1028 2106 ς

17 2121 84 2236 lam
108 2137 161 2226 qui
183 2136 311 2202 ultimus
333 2137 559 2227 prophetarum
577 2136 636 2203 luit
653 2129 822 2204 Zacharias
844 2137 984 2213 nomine,
1005 2137 1032 2203 is

17 2238 160 2349 fsgnante
174 2247 269 2313 Dario
283 2245 400 2313 floruit.
419 2246 530 2313 Sedet
545 2247 603 2336 ipsi
618 2244 809 2337 legislatores
823 2241 931 2312 omnes
947 2247 1031 2312 inve.
1122 2335 1123 2340 ἵ

36 2369 141 2426 untur
154 2355 238 2444 leges
254 2378 324 2422 suas
340 2355 495 2445 posterius
510 2354 662 2445 posuisse.
677 2354 791 2443 Siquis
806 2353 1032 2444 enimobjiciat

17 2447 161 2546 inlunem
174 2464 412 2538 Atheniensem
433 2465 458 2530 is
473 2465 667 2553 temporibus
684 2463 759 2552 Cyri
774 2477 806 2530 et
820 2465 907 2532 Darii
922 2487 1033 2554 regum
1077 2466 1084 2479 '

19 2560 96 2650 vuit,
109 2571 236 2664 aequalis
245 2573 386 2663 predicti
401 2571 745 2662 prophetaeZechariae‚
758 2574 847 2640 annis
859 2574 1033 2639 admodum

23 2683 116 2751 tultis
130 2682 319 2772 posterioris.
341 2679 477 2760 Quodsi
492 2680 561 2769 quis
580 2680 762 2769 Lycurgum
779 2689 833 2745 aut
853 2681 1032 2746 Draconem

18 2808 54 2860 'rt
73 2792 213 2858 Minoem
228 2788 419 2880 legislatores
434 2789 582 2878 objiciam
600 2789 785 2877 praecedunt
799 2786 872 2854 libri
888 2788 980 2862 sacri,
997 2799 1034 2852 ut

20 2900 118 2970 zribit
132 2897 300 2986 losephus,
316 2920 391 2963 cum
405 2895 484 2961 Jove
501 2896 700 2962 Cretensium
715 2918 789 2984 rege
804 2905 837 2960 et
856 2894 940 2960 bello
951 2893 1033 2961 Tro·

17 3027 82 3078 ino
102 3007 292 3094 antiquiores
315 3007 377 3070 siat
393 3004 507 3070 litterae
527 3005 618 3093 Legis
638 3005 750 3070 divinae
770 3027 841 3092 quac
864 3005 954 3071 nobis
974 3020 1032 3096 pet

17 3123 130 3186 lesem
140 3116 253 3181 tradita
264 3125 321 3180 est.
333 3113 397 3178 Sed
409 3127 444 3179 ut
455 3113 632 3180 accuratius
643 3124 866 3202 temporumet
875 3137 1032 3182 annerum

17 3229 166 3294 ationem
184 3223 447 3298 demonstremus,
462 3223 531 3288 Deo
546 3222 637 3288 nobis
653 3221 789 3298 latente,
802 3245 866 3289 non
877 3246 916 3288 ea
930 3222 1032 3293 solum

17 3363 76 3405 um
94 3345 167 3424 post
181 3332 346 3409 diluvium,
359 3332 415 3398 sed
429 3355 465 3398 ea
480 3332 576 3399 etiam
590 3355 660 3422 quae
675 3334 831 3400 anteriore
842 3334 1031 3410 enarrando,

17 3475 43 3515 ,a
63 3455 105 3512 ut
119 3443 275 3519 emnium,
291 3453 442 3531 quantum
454 3441 545 3507 uobis
559 3441 605 3506 sas
620 3442 692 3518 erit,
704 3466 803 3510 annos
815 3465 1030 3520 numeremus,

17 3561 31 3626 l
49 3576 145 3624 nuuc
160 3573 378 3640 exsequemur,
396 3551 437 3616 ad
451 3550 694 3616 remotissimum
709 3562 907 3620 recurrentes
922 3552 1032 3618 mundi

17 3663 177 3736 rectionis
193 3663 330 3739 initium,
343 3662 427 3751 quod
442 3661 543 3728 llloses
557 3662 614 3729 Dei
629 3660 779 3736 famulus,
791 3661 909 3752 Spiritu
925 3674 1033 3730 sancto

17 3779 149 3847 lllante,
165 3771 337 3860 descripsit.
357 3769 520 3836 Disserens
540 3771 631 3836 enim
648 3771 861 3840 deereatione
880 3793 918 3838 ac
935 3795 1032 3861 gene-

17 3887 132 3954 atione
147 3881 257 3948 mundi
273 3890 304 3948 et
319 3878 412 3969 primi
427 3877 563 3946 heminis
578 3889 610 3946 et
622 3902 732 3946 eorum
744 3879 797 3969 qui
809 3878 957 3969 deinceps
968 3880 1034 3946 nati
