2646 4628
401 237 525 286 eoarm
550 215 700 286 araneas.
1007 217 1068 306 295

47 369 108 416 rm
128 347 250 416 laceret
269 348 367 426 Dour,
384 349 462 438 quid
479 349 614 439 agebat?
629 349 765 418 dicimus
780 347 934 439 quoniam
946 349 1005 414 ista
1022 371 1069 415 m-

45 459 157 526 onsio
176 460 322 550 subjacet
340 460 419 526 Deo.
443 459 603 540 Quoniam
618 471 726 525 antem
740 459 880 526 mundus
894 457 949 526 hio
966 458 1069 526 laetus

42 577 64 638 ¹t
84 565 283 655 apotelestos
300 588 318 631 a
336 566 417 644 Deo,
437 564 613 656 temporalo
631 566 757 632 initium
773 565 946 656 accipiens,
963 565 1068 657 Scrip-

42 699 105 766 rae
122 699 184 742 nos
203 675 320 744 docent
336 699 344 742 ι
369 675 445 766 qaid
460 689 568 744 autom
583 688 656 742 ante
672 676 734 744 hoc
748 675 834 744 Deus
850 677 890 743 sit
904 687 1067 766 operatus,

42 782 114 872 alla
137 783 302 874 Scriptura
323 775 522 850 manifestat.¹
540 782 693 874 subjacet
715 807 791 874 ergo
814 784 883 852 haec
905 783 1069 874 responsio

42 919 93 976 ¹eo
110 918 121 962 a
142 909 177 962 et
190 895 311 962 nonita
326 893 436 964 stultas
454 908 486 963 et
502 895 571 962 sine
587 892 752 986 disciplina
765 893 965 986 blasphemas
981 895 1069 962 adin-

44 1005 137 1072 anire
149 1004 232 1072 vello
246 1003 451 1096 prolationes,
464 1017 497 1071 et
508 1027 566 1094 per
580 1003 645 1071 hoe
658 1003 745 1094 quod
757 1015 849 1095 putas
865 1017 896 1070 to
911 999 1066 1072 invenisse

42 1115 172 1184 ,staria
190 1115 413 1206 prolationem,
434 1115 539 1208 ipsum
559 1114 677 1193 Deum,
700 1113 755 1205 qui
777 1114 851 1183 iecit
872 1116 990 1192 omnia,
1018 1135 1066 1181 re⁴

42 1227 179 1293 robore.

72 1341 118 1424 4⁰
137 1341 190 1408 Ex
212 1336 303 1409 datis
326 1335 458 1435 regulis
477 1334 731 1406 haereticorum
753 1327 990 1407 deliramenta
1007 1357 1065 1407 ex·

42 1443 167 1518 lodit:

67 1553 219 1644 Cogitate
236 1555 335 1631 enim,
358 1576 377 1619 o
396 1575 507 1620 omnes
524 1553 579 1642 qui
594 1550 669 1618 talia
687 1551 888 1630 adinvenitis,
906 1552 1066 1644 cumipse

42 1663 112 1731 ›lus
130 1661 226 1731 Pater
244 1664 331 1731 Deus
350 1664 488 1741 dicatur,
509 1663 563 1753 qui
583 1674 616 1729 et
634 1684 708 1730 vere
727 1673 788 1739 est,
810 1685 909 1753 quem
930 1685 985 1730 ros
1005 1663 1068 1730 lle-
1145 1661 1149 1670 ’

42 1777 191 1864 aim-gum
206 1773 326 1848 diuitias
346 1773 401 1840 sed
416 1784 449 1838 et
464 1795 539 1839 oum
553 1771 727 1862 Scriptura
742 1771 831 1840 lianc
845 1765 949 1839 solum
965 1773 1067 1840 sciant

42 1897 145 1960 teum,
169 1882 226 1949 sed
244 1893 276 1949 et
294 1903 371 1951 eum
387 1881 545 1949 Dominus
566 1882 654 1950 hunc
672 1880 776 1976 solum
802 1881 974 1950 confitetur
994 1907 1067 1975 pro·

42 1994 133 2058 rium
148 1991 289 2070 Patrem,
302 2003 336 2058 et
346 1991 483 2059 alterum
494 1993 627 2070 nesciat,
644 1993 776 2060 sicutex
787 1991 861 2084 ipsis
876 1993 945 2083 ejus
961 1996 1065 2063 verbis

42 2102 254 2171 standemus:
271 2101 401 2192 quando
419 2099 507 2168 huno
524 2101 629 2192 ipsum
648 2099 727 2168 labis
745 2101 848 2170 dicitis
863 2102 1017 2181 fructum,
1032 2117 1066 2172 ct

42 2211 214 2301 gnoruntiae
225 2209 449 2301 prolationem,
462 2221 495 2277 et
505 2211 701 2278 nescientem
712 2234 783 2299 quae
794 2211 857 2279 sint
867 2235 963 2302 super
974 2237 1062 2291 eum,

42 2335 56 2386 t
74 2335 285 2410 quacumque
297 2316 358 2386 alia
369 2318 473 2386 dicitis
484 2319 524 2385 da
535 2341 587 2396 eo,
600 2319 798 2386 considerate
807 2321 1064 2412 magnitudinem

45 2431 232 2520 lasphemiae
251 2429 284 2496 in
299 2451 373 2502 eum
389 2427 443 2518 qui
459 2451 531 2495 vere
543 2439 591 2494 est
604 2427 700 2496 Deus.
725 2425 871 2497 Graviter
885 2431 1016 2520 quidem
1031 2438 1064 2498 et

42 2552 159 2606 ‚oneste
170 2538 319 2606 videmini
331 2537 451 2632 dicere,
465 2559 522 2603 vos
534 2537 566 2604 in
577 2536 682 2606 Deum
695 2538 842 2614 crederer
861 2539 978 2608 dehinc
988 2541 1064 2608 alte·

42 2673 98 2718 um
113 2650 216 2716 Deum
231 2671 306 2716 cum
321 2648 453 2715 minime
463 2647 588 2738 possitis
599 2647 780 2726 ostendere,
795 2647 884 2715 hunc
899 2651 1016 2738 ipsum,
1029 2652 1062 2718 in

46 2783 122 2826 uem
138 2759 270 2826 credere
286 2781 340 2825 vos
355 2757 472 2834 dicitis,
489 2755 569 2822 labis
584 2755 727 2822 stactam
745 2767 779 2822 et
794 2756 978 2845 ignorantiae
992 2783 1065 2851 pro·

42 2873 175 2937 ationem
186 2868 408 2958 pronuntiatis.
424 2867 501 2932 llaec
511 2877 620 2930 autem
629 2865 768 2940 caecitas,
781 2875 813 2930 et
827 2864 1061 2956 stultiloquium

42 2981 101 3046 nde
111 2975 255 3068 provenit
265 2977 367 3052 vohis,
380 2973 466 3063 quod
478 2971 558 3040 nihil
569 2973 636 3039 Deo
649 2973 824 3040 reservetis.
844 2974 908 3041 Sed
919 2989 952 3043 et
963 2978 1061 3070 ipsius

42 3092 99 3166 lei,
115 3098 146 3155 et
159 3089 288 3154 Ennoeae
304 3087 387 3175 ejus,
403 3095 436 3150 et
450 3083 561 3160 Verbi,
577 3094 609 3152 et
623 3081 716 3161 Vitae,
733 3094 766 3151 et
781 3083 899 3152 Christi
914 3089 1062 3158 nativita-

42 3224 88 3276 es,
109 3207 141 3266 et
160 3195 351 3288 prolationes
372 3193 560 3261 annuntiare
580 3191 692 3269 vultis3
716 3205 750 3259 et
768 3193 826 3262 has
846 3219 912 3265 non
931 3196 1060 3268 aliunde

42 3309 228 3400 accipientes,
246 3305 301 3372 sed
313 3328 351 3372 ex
362 3303 531 3371 allectione
541 3300 729 3370 hominum:
749 3316 781 3370 et
793 3328 859 3374 non
874 3305 1059 3401 intelligitis,

42 3420 101 3512 [uio
117 3418 148 3483 in
162 3414 290 3483 homine
306 3413 447 3502 quidem,
464 3413 518 3502 qui
533 3425 581 3479 est
598 3413 813 3504 compositum
827 3416 956 3496 animal,
974 3422 1060 3514 capit

42 3526 208 3619 rujusmodi
227 3524 347 3601 (licere,
369 3522 451 3589 sicut
469 3511 683 3612 praediximus,
709 3546 837 3590 sensum
855 3523 1006 3606 hominis,
1026 3540 1060 3596 et

42 3657 172 3706 tnnoeam
182 3632 320 3702 hominis
325 3656 335 3707 ς
351 3641 384 3698 ct
396 3631 467 3720 quia
479 3653 519 3697 ex
530 3654 624 3698 sensu
636 3653 762 3710 ennoea,
776 3631 815 3698 de
826 3657 939 3702 ennoea
951 3648 1059 3707 autem

42 3746 231 3836 anthymesia
252 3743 292 3810 de
306 3742 485 3832 enthymesi
508 3737 617 3808 autem
635 3740 723 3833 logos
746 3741 860 3832 (quem
881 3759 989 3815 autem
1009 3746 1059 3816 lo.

42 3857 114 3952 goni
125 3855 207 3924 aliud
218 3853 304 3923 enim
315 3865 363 3922 ost
374 3852 553 3924 meandum
564 3851 692 3922 Graeoos
705 3850 805 3944 logos,
818 3856 904 3945 quod
916 3869 964 3926 ert
973 3860 1059 3948 prin·
