2688 4626
153 249 183 290 8·
205 246 325 290 tcsrtttt
343 243 499 288 usurum:
517 243 558 286 ΔΙ)
572 242 693 287 ducos
710 237 922 287 ΕΟΗΟΠΔῊθ.
997 221 1054 285 165

28 357 137 424 citis?
155 355 294 423 Pectus?
312 355 356 423 A:
374 355 406 421 id
422 355 520 421 vobis
542 354 647 421 dicere
665 377 731 420 non
748 353 893 442 proderit
907 353 992 443 opud
1004 379 1057 421 eos
1112 437 1121 448 ·

28 471 52 532 ri
70 471 108 533 in
128 467 239 558 poetis
256 465 373 534 versuti
393 476 477 532 sunt.
497 464 624 532 Norunt
638 463 723 531 enim
742 461 871 530 iliorum
885 463 1060 554 perridicu-

27 599 63 642 m
80 575 129 642 de
150 575 292 641 decium
308 575 431 664 origine
448 574 651 650 sententium,
668 573 938 662 quemadmodum
952 597 992 640 ex
1007 597 1061 641 ce-

27 688 193 752 berrimo
211 685 298 776 epud
317 709 372 752 vos
391 695 424 751 et
443 685 587 774 principe
601 691 769 777 poetarum
783 685 923 751 Homero
940 684 1062 750 discere

27 819 206 863 »ssumue
225 797 333 864 Primo
348 796 432 862 enim
451 793 505 861 ille
520 795 755 886 generationem
771 794 904 861 deorum
923 817 963 860 ex
978 817 1059 883 sque

31 907 148 972 itium
165 905 315 973 habuisse
330 905 415 971 dicit.
434 905 482 970 itu
496 903 582 970 enim
597 903 727 969 scribit:

34 1057 208 1112 Oceanum
221 1050 343 1107 deornm
354 1049 493 1128 originem
505 1059 534 1105 et
545 1058 667 1105 matrem
678 1045 811 1124 Tethym.
821 1049 977 1120 modu.
986 1049 1055 1107 311.

27 1181 134 1248 einde
151 1203 230 1248 vero
244 1181 369 1269 etquid
384 1181 425 1246 de
438 1180 542 1269 primo
556 1179 642 1267 opud
661 1201 715 1244 eos
730 1179 860 1268 opinato
875 1179 961 1247 dicet
980 1181 1053 1257 deo,

27 1314 106 1358 rem
121 1290 224 1358 etiem
239 1305 321 1380 sepe
333 1305 465 1380 pamm
476 1286 613 1378 appellet
628 1287 866 1375 dominumque
879 1291 1051 1379 deamque,

26 1399 236 1466 :cessarium
250 1409 298 1464 est
312 1397 472 1487 subjicere
487 1419 495 1461 :
513 1396 618 1484 inquit
630 1396 717 1462 enim
732 1419 740 1460 ι

92 1539 213 1617 Jupiter
222 1538 274 1616 qui
283 1537 434 1596 hominum
445 1533 629 1614 dispensator
639 1531 711 1591 betti
723 1543 776 1592 est.
788 1529 832 1590 Id.
844 1540 877 1605 Τ,
891 1543 958 1603 not.

26 1673 113 1736 'sinc
133 1692 213 1734 sune
233 1690 298 1734 non
315 1678 444 1734 tuntum
463 1667 564 1755 copiis
581 1664 772 1730 militaribus
790 1673 956 1730 auctorem
973 1661 1061 1738 belli,

26 1781 68 1846 :d
86 1779 243 1866 Troianis
259 1779 368 1854 etiem,
385 1799 445 1865 per
460 1774 560 1840 tiliam
578 1775 662 1862 ejus,
680 1771 812 1862 perjurii
828 1793 955 1838 causam
968 1771 1063 1838 inisse

26 1891 119 1960 icit:
143 1887 362 1972 eumdemque
377 1891 540 1948 amantem
555 1893 587 1947 et
602 1879 828 1948 lamentantem
843 1891 875 1947 et
889 1881 1007 1948 insidiis
1022 1885 1060 1948 ab

27 2001 95 2066 iiis
114 1999 177 2066 diis
192 1997 369 2087 appetitum
385 1995 544 2061 Homerus
559 1989 680 2059 inducit
696 2017 704 2056 :

101 2120 161 2180 Hei
173 2119 261 2190 mihi,
274 2117 352 2197 quod
365 2115 435 2175 mihi
447 2114 643 2192 Sarpedonem
655 2113 854 2172 charissimum
865 2115 994 2174 virorum

97 2213 259 2298 Femietest
270 2233 285 2271 e
297 2209 616 2272 PetrocioMenoetiude
626 2207 760 2268 interfici!
775 2209 819 2268 lb.
836 2219 869 2281 u,
885 2213 948 2280 433.

25 2361 108 2406 runc
124 2350 231 2404 cutem
247 2337 288 2405 de
303 2338 463 2404 Hectore:

106 2467 183 2526 Proh
193 2467 298 2525 metum
307 2471 314 2524 !
324 2478 404 2525 certe
415 2463 553 2524 dilectum
565 2463 659 2522 virum
672 2463 801 2542 tegetum
813 2466 891 2524 circe
903 2483 1018 2526 :nurum

110 2563 208 2624 Oculis
218 2563 318 2624 video:
331 2581 429 2623 meum
440 2573 538 2622 eutem
552 2561 668 2641 angitur
679 2578 740 2620 cor.
759 2561 804 2621 1b.
814 2566 853 2636 X,
869 2563 933 2623 ι68.

25 2703 104 2780 Qum
120 2719 193 2764 vero
207 2697 248 2764 de
265 2695 403 2763 eliorum
419 2695 554 2762 deorum
571 2691 721 2759 adversus
736 2695 853 2760 Jovem
867 2691 989 2761 insidiis
999 2717 1067 2762 me-

25 2820 140 2884 moret,
158 2806 337 2897 intelligunt
351 2807 405 2896 qui
422 2828 532 2872 versus
547 2805 647 2871 hosce
661 2802 791 2894 legunt:

101 2958 170 3026 Quo
185 2963 318 3028 tempore
332 2967 399 3008 eum
414 2947 553 3025 coliigere
569 2944 679 3005 coelites
691 2945 847 3004 uoluerunt
862 2951 973 3020 ceteri,

104 3059 255 3128 Junoque,
270 3061 300 3108 et
312 3053 480 3126 Neptunus,
496 3059 525 3105 et
538 3046 631 3106 Palios
647 3046 788 3106 Minerva.
805 3045 960 3126 Ib.t‚399.

25 3187 72 3250 dc
99 3177 162 3244 nisi
182 3196 278 3264 quem
296 3173 424 3240 Briaree
443 3183 560 3238 vocent
581 3171 637 3249 dii,
660 3169 879 3240 extimuissent
899 3167 990 3240 beatu
1014 3173 1064 3241 ilio

25 3290 178 3362 numina,
193 3287 318 3352 vinctus
329 3286 367 3350 ub
379 3286 423 3350 eis
434 3285 544 3350 fuisset
554 3281 691 3374 Jupiter.
707 3285 879 3350 Enimvero
891 3306 961 3371 quae
973 3285 1068 3351 etiam

25 3407 62 3472 de
87 3397 326 3490 impotentibus
345 3395 431 3460 Jovis
453 3394 616 3460 umoribus
636 3395 795 3460 Homerus
815 3404 922 3470 cenet,
943 3381 1085 3462 necessen

25 3524 71 3576 est
94 3507 197 3581 vohis,
220 3502 357 3569 totidem
380 3497 461 3564 illius
482 3498 586 3564 verbis
605 3495 795 3571 referendis,
820 3519 987 3588 exponere.
1013 3495 1067 3568 Sic

30 3623 116 3688 enim
131 3616 220 3684 ilium
236 3613 282 3678 eit
297 3633 374 3677 cum
389 3609 519 3676 Juncne
534 3603 621 3694 loqui
638 3627 645 3668 :
801 3666 813 3699 Ι

109 3759 171 3816 Non
184 3749 263 3811 enim
278 3765 407 3826 uuquam
424 3741 496 3802 mihi
514 3739 555 3799 sic
569 3739 630 3798 dee
645 3757 739 3808 emor,
756 3749 844 3818 neque
858 3742 1003 3816 mulieris,

112 3855 245 3914 Animum
263 3846 431 3928 pectoribus
445 3845 639 3904 circumfusus
654 3835 783 3902 domuit:
