2710 4662
366 263 529 307 sersaoni
554 265 595 306 sn
617 256 846 304 rnrtrrrsnsss.
1067 223 1124 288 155

56 361 157 440 dam,
169 365 237 431 sed
252 387 319 430 nea
334 371 484 456 auferre
495 370 576 458 quid
590 365 766 438 valemus¹s
782 380 944 428 armemur
958 356 1051 423 armis
1066 355 1126 441 jus

55 471 154 544 titiaes
170 487 208 539 et
221 476 417 544 doceamus
428 503 494 546 nos
505 481 588 568 ipsos
599 477 751 566 primum,
764 471 929 540 ambulare
940 469 974 534 in
984 463 1129 532 mandato

53 581 217 650 Domini:
233 583 365 653 deinde
381 601 419 654 et
432 601 556 656 vestras
568 608 692 662 uxores,
705 585 739 650 in
750 581 810 649 sihi
819 579 932 646 tradita
940 576 1005 644 lide
1016 586 1048 640 et
1059 574 1130 641 cha·

52 691 157 756 ritate
174 704 212 758 et
229 695 413 772 castitate:
437 710 581 765 amantes
596 697 679 762 viros
694 717 773 758 suos.
783 692 816 756 in
832 688 918 756 omni
932 685 1076 758 veritate,
1092 703 1131 746 ac

55 801 243 892 diligentes
256 819 404 874 cunctos
416 807 583 899 aequsliter
593 808 625 872 in
637 804 724 871 omni
736 799 945 868 continentias
960 807 993 860 et
1003 791 1131 860 erudire

56 906 149 974 lilios
161 933 245 976 suos
264 910 300 978 in
319 913 497 1004 disciplina
515 913 636 979 timoris
650 912 729 977 Dei:
749 921 819 974 tum
837 908 944 972 viduas
950 929 960 978 ς
982 903 1068 969 circa
1086 898 1128 963 li-

55 1015 137 1082 dem
162 1018 306 1086 Domini
328 1023 530 1110 prudentes,
552 1019 787 1109 interpellantes
808 1017 875 1082 sine
894 1011 1127 1080 intermissione
1235 1053 1241 1062 -

52 1147 116 1213 pro
134 1129 316 1206 omnibus,
337 1130 442 1222 longe
458 1130 642 1197 recedentes
656 1129 697 1194 al>
712 1127 799 1193 omni
815 1123 986 1198 calumnia,
1003 1120 1126 1186 detrac-

54 1235 160 1320 tione,
174 1237 261 1304 salso
274 1241 488 1318 testimonio,
496 1239 640 1316 avaritia,
649 1250 683 1304 et
692 1237 780 1306 omni
786 1234 887 1308 malos
899 1241 1126 1323 cognoscentes

55 1345 151 1432 quod
164 1345 286 1413 altaria
302 1350 367 1416 Dei
388 1363 481 1427 sunt,
496 1365 531 1417 et
544 1351 632 1439 quod
647 1347 700 1416 ille
715 1347 820 1414 omnia
838 1357 944 1411 nostra
956 1339 1124 1428 conspicit,

58 1477 98 1520 ac
115 1453 201 1521 nihil
219 1481 304 1524 eum
323 1458 425 1536 latet,
441 1482 545 1548 neque
566 1457 821 1531 ratiociniorum,
841 1475 946 1541 neque
962 1446 1127 1538 cogitatio-

61 1587 160 1642 num,
179 1590 247 1634 nec
264 1569 457 1660 quidquam
469 1568 674 1638 occultorum
691 1565 808 1634 cordis.
907 1551 910 1555 ’

109 1674 154 1740 V.
187 1675 351 1744 Scientes
373 1702 451 1769 ergo
473 1679 561 1766 quod
576 1677 667 1742 Deus
680 1699 749 1740 non
763 1669 960 1743 irridetur-²,
981 1669 1132 1733 debemus

73 1781 179 1872 digne
193 1785 366 1852 mandato
381 1788 451 1874 eius
468 1808 507 1852 ac
522 1781 688 1849 voluntate
703 1777 877 1846 ambulare.
903 1775 1052 1842 Similiter
1067 1774 1135 1840 dia-

81 1890 180 1963 coni,
193 1889 233 1955 in
249 1904 435 1981 conspectu
450 1891 578 1979 justitie
591 1890 662 1978 ejus
671 1887 821 1977 inculpati
833 1909 900 1952 esse
910 1885 1040 1958 debeut;
1055 1879 1135 1949 sicut

87 1996 240 2065 ministri
256 1999 324 2067 Dei
340 2013 373 2068 et
387 2001 516 2077 Christi,
533 2023 599 2067 non
614 2011 719 2066 autem
733 1997 920 2065 hominum:
938 2017 1001 2061 non
1017 1991 1134 2060 calum-

88 2107 256 2186 niatores,
274 2131 351 2179 non
362 2109 530 2201 bilingues,
551 2133 612 2176 nec
631 2108 730 2182 araris
748 2129 859 2173 rerum
880 2105 1076 2173 continentes
1096 2104 1129 2169 in

86 2215 263 2294 omnibus,
279 2219 516 2294 misericordes,
526 2216 641 2294 seduli,
659 2216 841 2284 incedentes
857 2216 945 2306 juxta
966 2213 1129 2282 veritatem

83 2323 235 2406 Domini,
254 2332 314 2420 qui
327 2329 431 2398 sactus
444 2341 491 2396 est
504 2327 650 2394 omnium
665 2327 808 2392 minister
822 2349 830 2390 τ
843 2326 896 2392 cui
910 2324 937 2426 si
953 2324 985 2390 in
999 2324 1062 2390 hoc
1073 2345 1130 2389 sae·

86 2431 164 2498 culo
177 2433 412 2524 placuerimus,
427 2437 617 2527 recipiemus
632 2448 665 2502 et
679 2435 837 2510 laturums
855 2433 1129 2524 quemadmodum

87 2541 257 2630 pollicitus
265 2562 314 2615 est
323 2550 416 2616 nobis
423 2549 510 2637 quod
522 2547 723 2615 resuscitabit
730 2567 812 2612 nosa
824 2543 972 2619 mortuis,
984 2554 1017 2608 et
1028 2542 1128 2630 quod,

86 2650 113 2714 si
133 2651 234 2742 digne
254 2657 322 2746 ipso
344 2679 582 2730 conversemur,
605 2656 702 2722 etiam
721 2677 796 2721 cum
811 2676 851 2720 eo
868 2651 1084 2742 regnabimus,
1106 2651 1132 2716 si

87 2760 227 2845 quidem
239 2767 410 2834 credimus.
426 2765 527 2832 Simili
539 2765 637 2832 modo
648 2778 681 2832 et
691 2762 1026 2853 jurenesinomnihus
1034 2760 1133 2827 incul-
1173 2765 1179 2772 '

93 2869 218 2955 palsiles
230 2876 307 2948 sint:
322 2887 397 2941 ante
408 2874 514 2941 omnia
526 2874 664 2941 castitati
676 2870 1033 2946 consulentes,scsesb
1045 2872 1131 2936 omni
1204 2877 1208 2888 ’

96 2977 185 3046 malo
205 2983 410 3050 refrenantes.
431 2985 560 3050 Bonum
574 2985 692 3073 quippe
712 2996 760 3048 est
776 2981 913 3072 separari
932 2975 1134 3048 aduiders‘is

104 3085 140 3150 in
162 3093 294 3166 mundo,
321 3080 395 3180 quis
410 3093 512 3158 omnis
530 3092 687 3182 cupiditas
708 3091 835 3156 militat
860 3091 1018 3156 adversm
1042 3090 1131 3178 spiri-

109 3194 198 3258 tum⁸
216 3210 264 3262 :et
285 3221 411 3285 «neque
421 3198 590 3276 fornicarii,
603 3223 705 3288 neque
716 3197 840 3273 molles,
853 3221 957 3285 neque
972 3197 1133 3264 masculo-

110 3328 123 3358 ·
139 3323 215 3368 rum
226 3306 443 3372 coneihitores
458 3331 588 3396 regnum
603 3309 659 3374 Dei
674 3307 881 3397 possidebunt
891 3305 918 3377 ’ς
934 3335 947 3366 s
962 3327 1065 3393 neque
1080 3305 1132 3393 qui

104 3411 227 3479 absona
246 3413 379 3480 faciunt.
403 3415 508 3492 Quare
525 3429 648 3504 oportet
666 3418 706 3482 ab
727 3415 777 3480 his
796 3413 946 3478 omnibus
964 3413 1129 3488 abstinere.

102 3520 221 3610 subjici
247 3534 360 3588 autem
385 3522 576 3610 presbyteris
600 3535 632 3587 et
657 3523 811 3597 diaconis,
840 3533 985 3610 tanquam
1008 3521 1074 3588 Deo
1096 3537 1128 3590 et

100 3623 228 3695 Christo
251 3652 261 3692 ε
298 3627 439 3717 virgines
462 3651 549 3704 vero,
573 3642 696 3716 oportet
716 3629 748 3695 in
772 3628 966 3697 immaculata
988 3644 1021 3697 et
1041 3645 1126 3700 easta

101 3737 291 3806 conscientia
309 3737 427 3804 virere.

129 3863 160 3914 ἰ
175 3867 244 3916 Tim.
260 3881 333 3929 πη.
345 3865 461 3917 -²Gal.
476 3883 543 3934 rr,7.
555 3868 605 3908 -l
618 3888 626 3922 r
638 3871 692 3923 rei.
706 3891 734 3936 n,
747 3874 866 3922 rr.-·-⁶r
880 3875 938 3925 Gor.
950 3889 985 3935 rr,
998 3890 1023 3935 9.
