2616 4620
341 234 400 318 170
679 253 703 294 s·
729 253 756 293 r.
783 252 813 296 n.
839 253 1007 298 renonum
1229 237 1233 311 l

414 351 544 423 odoratis
554 371 709 438 serpentes,
725 379 818 432 conce,
831 361 911 434 selo,
927 361 1031 434 insani,
1233 374 1236 449 q

410 465 549 536 volucres
559 479 676 538 quoque
689 460 780 520 colitis
790 473 820 520 et
831 462 951 541 reptilia
962 463 1089 521 enimlir
1096 475 1166 538 terre,
1234 460 1237 522 i

413 565 449 620 Et
459 559 586 638 lapideus
599 571 714 631 statues
728 571 757 618 et
770 561 924 622 simulacra
936 564 1111 636 manufacta,
1237 530 1239 575 l

411 667 448 722 Et
461 663 491 720 in
507 660 561 720 viis
576 660 706 738 lapidum
719 679 845 721 acervos.
860 667 932 722 Haec
946 663 1073 722 adoretis
1237 590 1241 706 i

412 765 448 820 Et
461 781 534 820 vana
547 761 602 820 ulia
616 761 705 820 multa
716 780 780 839 qun
790 763 836 822 vel
847 763 1003 842 appellere
1014 777 1095 844 turpe
1104 778 1146 822 est

411 865 484 921 Sunt
494 860 570 918 enim
580 860 612 918 hi
624 859 664 918 dii
677 861 825 922 hominum
838 862 1017 942 deceptores
1028 864 1172 922 surltontn:

412 965 524 1020 Horum
534 979 570 1017 ex
582 975 633 1018 ore
643 959 774 1018 funditur
785 961 890 1020 lethale
901 981 1062 1020 venenum

412 1060 501 1138 Cujus
511 1072 607 1120 autem
617 1059 677 1118 vita
686 1071 768 1118 estet
778 1060 987 1140 incorruptum
996 1083 1033 1120 oc
1042 1061 1203 1140 sempiternum
1209 1065 1230 1118 12:

409 1161 524 1238 Quique
536 1157 614 1216 dulci
626 1159 709 1226 melle
722 1158 879 1219 dulciorem
893 1161 1069 1220 hominibus
1080 1162 1183 1220 letitia

409 1261 524 1334 Fundit,
537 1261 605 1320 huic
618 1262 672 1320 soli
685 1274 800 1340 oportet
815 1265 963 1324 cervicem
977 1265 1102 1338 flectere,

409 1367 446 1422 Et
461 1364 538 1422 viam
550 1364 580 1421 in
597 1363 653 1442 piis
667 1364 776 1422 saecttlis
791 1363 939 1426 inclinare.

409 1469 477 1524 linc
489 1463 583 1522 omnin
596 1463 798 1542 relinquentes,
806 1463 925 1542 justitiae
938 1465 1067 1544 plenum
1078 1464 1191 1547 poenino,

410 1570 526 1636 Porum,
539 1565 623 1635 sorte,
640 1583 781 1642 pressum,
793 1583 853 1622 non
865 1577 1070 1644 temperatum

408 1665 546 1726 Traxistis
558 1663 753 1742 imprudentia
764 1676 794 1721 et
805 1665 911 1723 amenti
922 1668 1037 1746 spiritu
1051 1685 1147 1736 omnes,

408 1769 468 1824 Nec
479 1763 566 1822 vultis
579 1762 715 1840 evigilare
727 1762 805 1822 etad
817 1763 997 1844 prudentem
1011 1777 1133 1824 mentem
1141 1776 1221 1820 convert

407 1869 444 1923 Et
455 1879 626 1940 cognoscere
637 1864 731 1918 Deum
743 1880 849 1938 regem,
861 1863 959 1922 omnia
971 1865 1166 1943 inspicientur

408 1969 594 2042 Quapropter
605 1960 730 2019 ardentis
743 1961 817 2038 ignis
828 1962 924 2040 fulgor
937 1963 1142 2034 venundent,

406 2063 539 2122 Flammis
552 2059 760 2120 comburemini
772 2060 801 2118 in
815 2061 950 2120 soeculum
962 2061 1111 2140 quotidie,

406 2158 519 2217 Pudore
532 2155 635 2215 suffusi
647 2153 687 2212 ob
701 2155 772 2214 lalsn
784 2167 814 2214 et
825 2155 936 2215 inutilia
949 2157 1117 2216 simulacre.

405 2258 463 2330 Qui
477 2269 573 2315 nutem
585 2259 680 2313 Deum
693 2256 791 2314 colunt
803 2275 905 2316 verum
918 2270 947 2316 et
960 2271 1117 2330 ueternum,

403 2358 499 2417 Vitam
511 2356 678 2416 hereditate
690 2357 831 2437 accipient
841 2358 873 2416 in
883 2370 1030 2420 {eternum
1041 2374 1156 2438 tempus,

402 2458 597 2518 lnhabitnntes
609 2457 735 2538 paradisi
746 2460 830 2518 simul
841 2480 985 2522 amoenum
1000 2464 1129 2536 hortum,

403 2560 526 2620 Edentcs
540 2559 654 2618 dulcem
669 2577 774 2637 panem
788 2579 806 2617 a
819 2559 930 2620 stellato
944 2562 1030 2622 ooelo.

325 2720 399 2786 llaec
413 2717 507 2808 igitur
521 2738 592 2782 vern
610 2725 642 2780 et
658 2713 744 2780 utilia
760 2727 792 2780 et
809 2715 892 2804 justu
908 2727 939 2781 et
955 2717 1061 2783 nmicn
1080 2703 1237 2781 conluta·

326 2831 417 2896 nibus
432 2849 499 2892 osec
514 2825 716 2914 perspicuum
730 2834 788 2889 est.
936 2803 944 2814 ¹

367 2935 535 3004 XXXVII.
560 2933 656 3013 Quod
675 2945 783 2998 cutem
803 2933 856 3022 qui
876 2931 957 3000 mule
974 2934 1121 3008 fecerint,
1140 2937 1239 2996 necent·

324 3051 401 3114 bont
415 3067 472 3134 pro
487 3042 606 3110 meritis
618 3041 779 3108 actionum
790 3042 907 3130 puniri,
924 3043 957 3108 id
970 3044 1040 3133 jum
1054 3056 1086 3109 ct
1095 3045 1235 3132 poetuuutl

324 3152 401 3230 nulli
420 3153 563 3218 futurum
583 3149 678 3216 voluti
697 3149 835 3236 quodum
852 3150 980 3218 oraculo
998 3149 1241 3242 pronunu’erunl.l³

324 3265 356 3331 in
376 3262 503 3350 seipsos,
523 3272 592 3324 tum
607 3257 639 3322 in
654 3280 708 3322 eos
724 3257 777 3346 qui
792 3257 898 3346 inique
911 3257 1045 3338 fuciunt,
1064 3203 1246 3326 omnini

324 3387 439 3442 centes.
458 3367 626 3457 AEschylus
641 3368 718 3434 dixit
731 3390 740 3432 ε

401 3533 459 3607 Qui
471 3550 594 3609 namque
608 3531 684 3600 lecit,
698 3527 827 3588 debitum
838 3529 881 3589 illi
893 3531 977 3590 etium
991 3535 1061 3612 pati.

323 3694 392 3781 lpse
407 3692 500 3756 etium
516 3689 667 3756 Pindarus
682 3691 748 3754 eit:
811 3749 816 3755 .

401 3849 531 3924 Namque
542 3848 691 3908 facientem
703 3847 812 3928 aliquid
823 3864 938 3927 equum
950 3861 993 3907 est
1004 3862 1034 3907 et
1045 3848 1106 3928 pati.
