2772 4620
265 367 415 410 nvauocus
440 367 503 412 cun
526 367 689 410 rauracus
712 365 826 410 sunno.
998 349 1060 412 555

10 493 99 534 em
122 471 242 538 Christi
264 474 437 539 adventum
454 473 669 538 nuntiabant:
695 471 841 546 alterum,
863 471 896 537 in
913 495 977 561 quo
990 498 1065 542 euru

10 580 70 644 ol
79 591 120 645 ut
132 583 331 648 emissarium
343 585 483 649 seniores
494 581 605 670 popuii
617 581 710 646 vestri
722 593 753 646 et
763 581 942 648 sacerdotes
953 584 1069 650 eduxe-

11 701 123 766 unt,
144 715 322 780 manusque
343 693 372 757 ei
388 693 580 782 injecerunt,
600 705 632 757 et
648 701 749 758 morte
763 715 837 756 eum
850 691 1063 769 mulctarunt:

15 797 176 864 lterum
191 825 279 878 vero,
297 801 369 887 quia
392 803 424 868 in
439 802 552 867 eodem
569 799 840 888 Jerosolymoram
860 799 931 868 loco
953 827 1068 894 agnos-

10 909 119 972 :etis
137 930 226 984 eum,
243 933 338 998 quem
355 908 544 975 contumelia
562 907 722 983 affecistis,
739 909 855 998 quique
871 909 987 978 oblatio
1002 925 1071 980 erat

10 1039 96 1102 :pro
120 1019 270 1083 omnibus
290 1018 508 1107 peccatoribus
530 1016 749 1104 paenitentiam
768 1041 860 1105 agere
878 1017 1070 1100 volentibus,

10 1147 77 1190 nc
93 1125 255 1212 jejunium
271 1123 362 1201 illud,
383 1126 468 1214 quod
483 1125 559 1190 dicit
577 1123 696 1201 Esaias,
718 1128 969 1203 observantibus,
985 1131 1073 1198 colii·

9 1235 185 1320 gationes
204 1233 413 1301 violentorum
434 1244 657 1301 contractuum
674 1234 886 1312 dissolvendo,
903 1261 940 1304 ec
959 1253 1070 1310 caetera

12 1341 190 1407 similiter
207 1343 356 1416 tenendo,
373 1365 456 1431 quae,
472 1344 511 1407 ab
527 1364 566 1405 eo
581 1354 765 1412 enumerata
777 1354 810 1407 et
828 1366 845 1407 a
863 1366 914 1409 me
931 1348 1072 1425 recitata,

15 1448 80 1514 ab
107 1450 157 1515 bis
179 1449 232 1538 qui
256 1450 390 1515 credunt
413 1451 445 1514 in
470 1449 580 1514 Jesum
607 1450 823 1514 observantur.
853 1450 945 1518 Hanc
968 1465 1075 1521 autem

21 1557 140 1622 etiam
164 1558 300 1623 duorum
320 1559 484 1624 hircorum
499 1554 705 1631 oblationem,
727 1556 831 1644 quiin
855 1559 977 1647 jejunio
998 1561 1076 1650 jussi

27 1677 138 1732 erant
155 1668 273 1742 offerri,
290 1655 432 1733 similiter
454 1663 529 1730 alibi
550 1688 646 1751 quam
660 1663 865 1754 ierosolymis
886 1667 967 1744 fieri¹
989 1671 1076 1740 nesus

31 1776 143 1842 fuisse
161 1779 257 1844 scitis.

90 1885 178 1952 XLI.
204 1887 321 1953 Similae
342 1913 468 1977 quoque
486 1889 617 1966 oblatio,
643 1889 714 1963 viri,
737 1889 872 1967 aiebam,
895 1917 953 1982 pro
969 1895 1004 1962 iis
1023 1900 1078 1986 qui

40 2019 64 2059 a
84 1994 174 2086 lepra
189 1999 418 2085 purgabantur,
440 2001 634 2087 praescripta,
653 1997 750 2087 figura
766 2012 832 2065 erat
850 2004 940 2088 panis
959 2007 1079 2073 eucha-

42 2105 161 2182 ristiae,
178 2129 274 2194 quem
291 2106 443 2170 Dominus
456 2118 562 2198 noster
576 2107 669 2170 Jesus
685 2105 827 2171 Christus
843 2109 875 2172 in
891 2113 1081 2180 recordatio-

46 2237 126 2278 nem
150 2215 301 2301 passionis
320 2238 378 2302 pro
402 2213 450 2279 bis
475 2213 530 2302 qui
553 2213 592 2277 ab
619 2213 703 2276 omni
726 2215 878 2300 pravitate
904 2233 1081 2308 purgantur

49 2335 205 2411 susceptae
221 2324 289 2390 fieri
304 2325 470 2412 praecepit:
496 2333 531 2386 ut
552 2335 584 2386 et
603 2319 696 2386 simul
715 2325 829 2410 gratias
853 2348 981 2413 agamus
998 2331 1078 2411 Deo,
1156 2367 1159 2374 ·

52 2445 122 2496 tum
138 2433 223 2518 quod
238 2430 394 2496 mundum
409 2442 441 2495 et
456 2431 562 2494 omnia
578 2453 647 2516 quae
664 2430 696 2494 in
715 2453 754 2494 eo
774 2445 859 2507 sunt,
880 2448 1011 2525 propter
1027 2442 1083 2508 ho.

57 2541 176 2604 minem
190 2539 358 2611 creaverit;
377 2549 446 2602 tum
462 2537 549 2625 quod
564 2559 620 2601 nos
636 2561 654 2602 a
669 2539 821 2626 nequitia,
834 2541 939 2630 inqua
952 2545 1089 2628 suimus„

58 2647 247 2721 liberaverit,
267 2657 299 2711 et
319 2645 512 2734 principatus
532 2655 565 2710 et
585 2656 756 2732 potestates
774 2647 916 2715 funditus
936 2655 1086 2745 profliga-

58 2756 136 2820 verit
151 2779 207 2844 pcr
221 2778 295 2820 eum
310 2756 363 2844 qui
379 2756 419 2821 de
436 2755 505 2843 ejus
522 2751 683 2818 voluntate
699 2755 835 2842 passioni
853 2757 954 2824 sactus
970 2775 1017 2828 cst
1033 2768 1088 2831 ob-

58 2863 177 2928 noxius.
203 2863 285 2944 Hinc
302 2861 342 2928 de
356 2859 517 2928 sacrificiis
532 2858 662 2948 quidem
684 2883 753 2946 quae
769 2871 878 2927 tunca
899 2866 988 2931 vobis
1009 2871 1089 2936 offe-

59 2973 222 3046 rebantur,
242 2973 288 3036 sic
307 2971 405 3045 Deus,
424 2981 459 3033 ut
474 2970 540 3057 jam
561 2968 637 3043 dixi,
662 2991 719 3056 per
733 2969 923 3037 Malachiam
938 2999 1036 3044 unum
1051 3003 1091 3047 ex

62 3079 243 3152 duodecim,
258 3079 418 3165 loquitur:
438 3077 536 3144 «Non
547 3089 594 3142 est
605 3073 751 3142 voluutas
763 3102 832 3144 mea
846 3079 879 3145 in
895 3083 995 3160 vobis,
1013 3089 1091 3160 dicit

63 3215 77 3248 »
93 3186 258 3259 Dominus,
275 3198 307 3248 et
318 3185 470 3252 sacrificia
485 3207 550 3249 non
569 3185 739 3274 suscipiam
752 3186 790 3252 de
807 3189 953 3259 manibus
968 3202 1091 3278 vestris,

65 3303 259 3382 »propterea
275 3292 360 3378 quod
382 3295 422 3358 ab
446 3304 517 3358 ortu
541 3293 614 3360 solis
630 3317 728 3388 usque
744 3296 785 3361 ad
805 3319 954 3366 occasum
978 3329 1094 3377 nomen

64 3437 76 3468 v
93 3391 432 3490 meum'gloriiicatum
445 3412 492 3466 ast
507 3403 539 3467 in
555 3403 714 3492 gentibus;
730 3415 763 3470 et
778 3405 811 3470 in
822 3409 910 3472 omni
923 3408 994 3477 loco
1006 3415 1097 3482 offer-

65 3525 142 3578 »tur
153 3511 321 3576 incensum
336 3509 455 3574 nomini
472 3533 542 3574 meo
558 3520 591 3573 et
605 3511 732 3574 victima
751 3535 851 3598 pura:
868 3519 1018 3602 quoniam
1034 3549 1100 3591 ma.

69 3644 189 3710 »gnum
204 3631 252 3685 cst
267 3641 386 3686 nomen
403 3640 514 3683 meum
533 3617 566 3682 in
582 3617 742 3705 gentibus,
759 3619 837 3687 dicit
850 3622 1014 3696 Dominus.
1034 3633 1100 3704 Vos

70 3742 197 3796 »autem
212 3727 291 3797 illud
305 3725 506 3818 profanatis⁴.
521 3726 596 3793 »De
612 3705 648 3791 iis
665 3739 772 3794 autem
788 3752 858 3817 quas
874 3733 905 3798 in
922 3743 1008 3808 omni
1024 3742 1096 3813 ioco

70 3869 87 3908 a
100 3840 188 3908 nobis
201 3839 348 3928 gentibus
359 3836 538 3906 offeruntur
552 3836 596 3912 ei,
612 3835 788 3915 sacrificiis,
805 3837 867 3908 boc
881 3856 940 3922 est,
958 3849 998 3916 de
1012 3877 1095 3941 pane

101 3970 225 4020 ttlatach.
237 3987 253 4026 ι,
269 3985 305 4019 ιο.
