2630 4614
320 325 440 370 coarat
464 323 585 368 GRAECOS
607 323 733 367 obtato.
996 327 1030 369 dl
1091 357 1094 362 .

21 447 125 500 urente
142 435 275 524 prediti,
297 433 344 498 rel
360 443 394 497 ut
409 432 457 496 sui
472 431 623 496 similibus
642 453 750 498 causus
770 431 909 520 ipsorum
929 432 1037 498 colen-

21 546 134 610 dorum
152 545 323 610 innectant.
347 543 426 608 Nam
445 543 470 606 si
490 553 628 629 possent,
648 541 763 607 coelum
778 541 1036 631 ipsumprolecto

21 675 96 716 eum
106 651 224 718 caeteris
236 653 330 716 rebus
343 650 453 715 creatis
465 652 690 716 subverterent.
705 651 795 718 Nunc
806 663 911 718 autem
922 675 1038 740 nequa-

21 755 116 849 quain
128 761 159 825 id
171 760 303 834 faciunt;
317 783 419 848 neque
430 760 514 825 enim
523 771 669 848 possunt;
684 761 739 826 sed
750 761 879 826 materia
890 761 1037 828 iuferiora
1074 799 1077 806 ·

21 869 184 934 materiam
200 869 256 934 sibi
273 867 404 934 similem
419 879 611 957 oppugnant.
631 869 694 934 llos
705 893 779 959 ergo
794 872 820 936 si
831 872 899 958 quis
910 872 1037 937 vincere

21 973 108 1051 velit,
123 978 286 1042 materiam
300 976 452 1065 repudiet.
469 976 580 1042 Lorica
594 977 680 1042 enim
694 977 976 1066 Spirituscoelestis
990 1004 1038 1044 ar-

20 1095 123 1148 matus
139 1107 259 1150 servare
278 1085 393 1172 poterit
411 1083 561 1172 quidquid
577 1087 616 1150 ab
632 1107 671 1150 eo
685 1086 914 1153 circumdatum
929 1089 1032 1154 suerit.

18 1195 122 1260 Habet
138 1193 265 1282 quidem
278 1194 405 1258 materia
417 1205 522 1257 nostra
533 1195 661 1259 morbos
672 1205 705 1260 et
717 1194 881 1273 tumultus,
898 1198 950 1284 qui
963 1221 1037 1264 cum

19 1304 203 1378 acciderint,
220 1327 330 1370 eorum
344 1325 453 1368 causas
468 1303 526 1367 sibi
543 1303 699 1369 deamones
715 1305 910 1381 adscribunt,
925 1309 1038 1371 morbo

21 1413 179 1479 invadenti
191 1413 451 1501 supervenientes.
468 1413 530 1501 lpsi
541 1414 635 1478 etiam
646 1413 809 1478 interdum
818 1415 963 1503 nequitioe
975 1439 1038 1481 sum

20 1533 204 1610 tempestate
219 1522 361 1589 habitum
377 1522 516 1608 corporis
532 1523 629 1587 nostri
649 1524 850 1594 concutiunt3
872 1523 928 1589 sed
943 1526 1039 1589 verbo
1093 1523 1095 1528 ’

17 1632 141 1696 virtutis
155 1631 212 1696 Dei
226 1631 378 1720 percussi,
396 1629 562 1695 discedunt
575 1631 714 1694 exterriti
729 1641 761 1695 et
775 1653 858 1719 aeger
872 1641 1008 1696 sanatur.

62 1738 165 1806 XVll.
183 1739 230 1804 De
246 1737 378 1804 occultis
392 1739 476 1804 enim
491 1738 665 1803 secundum
679 1738 895 1804 Democritum
910 1763 1039 1806 consen-

18 1850 160 1916 sionibus
181 1858 214 1911 et
232 1846 475 1910 dissensionibus
498 1845 574 1931 quid
592 1845 698 1910 dicere
718 1844 903 1924 habeamus,
926 1847 984 1912 uisi
1007 1849 1039 1913 id

20 1956 108 2044 quod
123 1954 283 2019 communi
299 1973 442 2016 sermone
458 1950 631 2016 contritum
644 1963 704 2026 est,
720 1951 958 2040 abderiloquum
972 1977 1039 2020 esse

21 2063 185 2128 hominem
200 2058 391 2124 Abderitam.
415 2057 691 2135 Quemadmodum
706 2070 812 2124 autem
833 2061 858 2128 is
876 2084 894 2126 a
915 2086 979 2150 quo
993 2065 1039 2129 ci-

21 2170 100 2234 vitas
119 2165 170 2231 illa
189 2185 305 2230 nomen
324 2164 457 2251 accepit,
478 2160 633 2239 llerculis,
653 2176 688 2228 ut
706 2164 823 2242 lerunt,
844 2169 975 2245 amicus,
999 2172 1037 2234 ab

18 2277 110 2366 equis
131 2274 291 2340 Diomedis
314 2273 478 2338 devoratus
501 2282 563 2343 est3
594 2273 639 2338 sic
661 2286 693 2336 et
715 2273 785 2348 iste,
810 2276 862 2362 qui
885 2277 924 2341 do
946 2301 1037 2366 mago

18 2387 140 2451 Ostano
157 2382 318 2472 gloriatur,
337 2382 369 2445 in
386 2381 435 2444 dia
450 2381 728 2447 consummationis
744 2383 807 2471 igni
824 2385 1038 2474 depascendos

19 2495 172 2561 tradetur.
199 2493 245 2559 Ac
266 2515 321 2556 vos
340 2513 476 2579 quoque,
500 2491 558 2555 nisi
576 2491 674 2555 risum
693 2492 852 2570 desinatis,
873 2496 983 2562 eadem
1000 2521 1038 2564 ac

17 2605 104 2692 magi
124 2600 274 2691 supplicia
292 2599 391 2665 luetis.
415 2597 572 2677 Quocirca
591 2599 675 2666 velut
691 2621 729 2666 ex
746 2599 817 2668 loco
833 2602 957 2669 excelso
973 2604 1039 2671 cla-

15 2725 161 2780 mantem
179 2733 242 2786 me,
261 2709 374 2785 Graeci,
395 2709 512 2784 audito,
532 2732 592 2774 nec
611 2710 830 2776 cachinnando
849 2712 1040 2778 dementiam

18 2835 156 2890 vestram
167 2824 199 2886 in
209 2843 386 2911 praeconem
398 2819 535 2884 raritatis
547 2820 721 2884 transferte.
740 2819 811 2884 Non
821 2817 942 2884 tollitur
954 2844 1040 2886 mor-

17 2937 80 3000 bus
95 2955 153 3019 per
167 2929 322 2995 occultam
340 2928 578 3000 dissensionem,
595 2949 654 2992 nec
669 2928 803 2991 furiosus
816 2925 970 3016 pelliculis
984 2952 1040 3018 ap-

17 3041 126 3129 pensis
141 3047 277 3104 cumtur.
296 3035 359 3100 Sed
375 3034 532 3098 daemones
548 3034 723 3098 ventitant:
744 3044 775 3097 et
794 3035 848 3120 qui
864 3047 993 3124 aegrotat
1010 3049 1042 3101 et

7 3147 78 3235 ¹qui
94 3168 197 3210 amare
214 3143 349 3215 sedicit,
366 3151 399 3205 et
414 3140 468 3226 qui
483 3138 549 3203 odit
562 3151 593 3203 et
609 3141 663 3231 qui
681 3137 788 3206 ulcisci
804 3142 902 3230 cupit,
919 3143 977 3208 hos
993 3165 1042 3208 ca·

21 3259 117 3346 piunt
130 3255 297 3341 adjutores.
316 3249 428 3315 Modus
445 3260 549 3313 autem
567 3258 676 3314 comm
692 3251 932 3317 machinationis
949 3253 995 3318 sic
1009 3276 1041 3318 se

20 3367 130 3431 habet.
158 3355 433 3438 Quemadmodum
458 3355 542 3420 enim
564 3354 740 3421 litterarum
756 3356 865 3445 ligures
885 3368 918 3422 et
936 3381 1042 3424 versus

20 3474 79 3564 qui
94 3496 133 3537 ex
148 3470 192 3535 eis
204 3477 361 3540 constant,
378 3488 441 3531 uon
457 3477 586 3553 possunt
599 3489 654 3553 per
668 3489 702 3531 so
715 3467 780 3555 ipsa
798 3467 830 3530 id
851 3468 936 3554 quod
956 3471 1043 3557 cogi-

19 3593 109 3648 tatur
127 3589 159 3644 et
180 3575 386 3664 componitur,
399 3574 625 3647 demonstrare,
646 3574 701 3639 sed
721 3573 780 3638 sibi
799 3573 942 3640 homines
957 3577 1041 3664 sigua

19 3688 250 3778 cogitationum
273 3682 488 3755 instituerunt,
513 3703 551 3744 ex
573 3693 658 3746 certa
679 3703 789 3746 eorum
811 3685 1044 3752 constructione

18 3799 55 3866 id
79 3796 286 3886 percipientes
309 3793 400 3878 cujus
419 3787 613 3878 significandi
637 3811 729 3854 causa
751 3792 846 3856 etiam
871 3791 1045 3860 litterarum

21 3907 105 3976 ordo
125 3905 283 3971 institutus
305 3911 367 3974 est;
394 3896 534 3964 similiter
552 3922 612 3968 nec
629 3899 772 3968 radicum
790 3903 964 3980 varietates,
985 3928 1044 3971 nec
