2630 4614
370 219 410 283 so
739 240 870 306 sarrana
894 243 1005 286 assam

367 345 588 436 digladiamini‚
602 370 656 413 voa
670 349 805 415 invicem
821 351 968 416 evertitis.
985 349 1122 439 Propterea
1128 353 1229 438 nihilpaa

365 456 439 520 estis
452 478 576 528 omnesa
591 468 623 522 et
638 457 777 545 quamvis
791 479 952 524 sermones
961 459 1041 524 vohis
1055 459 1122 547 quasi
1132 461 1228 548 paophi·

367 563 541 637 rindioetis,
557 561 641 628 velut
656 587 757 632 eaeeus
775 587 849 630 cum
868 566 965 631 sardo
981 565 1115 631 diuentis.
1128 565 1224 643 Quaen

368 670 447 734 netis
459 670 579 735 fabrilia
594 671 812 748 instrumenta,
824 673 877 761 qui
893 673 1036 739 lehriean'
1048 673 1222 738 nonsatislla·

367 799 474 842 mones
492 777 694 866 profitemini,
717 781 770 869 qui
791 781 883 870 longe
899 783 938 848 eh
961 781 1094 870 operhas
1110 781 1223 865 thaan

365 887 514 952 nimirum
525 887 636 964 iallati,
651 890 682 956 in
695 890 924 958 calamitatibus
936 889 1225 957 autemdemissillaln!

368 993 467 1059 tiones
485 1008 594 1060 vestre
611 999 748 1086 speeiem
765 1021 783 1063 a
801 1000 921 1066 ratione
941 1001 1072 1066 alienam
1076 1023 1085 1071 ι
1102 1019 1156 1062 nan
1168 997 1226 1082 iapl·

369 1125 443 1168 oum
460 1125 574 1194 pompa
589 1106 745 1185 inceditis,
756 1131 917 1176 sermones
931 1124 1039 1176 autem
1054 1111 1083 1174 in
1095 1105 1226 1195 tngdisau

366 1213 414 1276 tis.
429 1212 538 1279 Missos
555 1237 608 1280 vos
623 1216 753 1282 fecimus
768 1241 842 1284 oum
853 1219 931 1286 tales
946 1213 1228 1308 cognosoerenasrai

364 1320 403 1384 de
422 1322 529 1387 vestris
550 1324 644 1390 rehus
671 1325 843 1414 quidquam
863 1329 1070 1418 adtingimus,
1090 1323 1133 1391 ssd
1147 1315 1227 1386 arnual

364 1441 530 1495 sectamur.
548 1431 613 1498 Cur
627 1434 759 1510 enim‚o
780 1437 874 1512 hone,
891 1434 1068 1502 litterarum
1082 1428 1226 1500 bdlunua

360 1560 470 1603 earum
491 1544 760 1627 pronuntiationes
782 1555 932 1634 tanquam
961 1550 996 1614 in
1018 1542 1149 1636 pugilatu,
1165 1539 1228 1603 ital:-

361 1646 528 1722 hutiendo‚
549 1649 687 1728 collidis,
709 1673 783 1718 oum
803 1664 835 1720 te
854 1658 952 1745 magis
974 1667 1047 1746 apte
1068 1653 1103 1720 ad
1119 1643 1223 1718 uallari

361 1753 509 1821 deceret?
524 1757 602 1823 Nam
618 1761 656 1835 ai,
672 1783 747 1826 eum
762 1763 960 1831 Atheniensis
974 1789 1041 1832 non
1056 1764 1104 1837 sis,
1114 1767 1220 1826 erasme

360 1887 434 1929 eam
452 1864 592 1942 affectas,
615 1867 667 1934 dio
690 1871 767 1938 mihi
789 1893 846 1936 eur
867 1895 930 1938 non
950 1869 1113 1940 doricum?
1129 1867 1170 1932 Cur
1179 1855 1219 1924 lat

359 1972 511 2038 harharus
526 1975 660 2052 ridetur,
677 1975 756 2044 alter
770 1981 811 2045 ad
826 1979 982 2070 colloquia
998 1977 1137 2048 hilarior?

402 2079 536 2147 XXVII.
552 2083 647 2163 Quod
662 2087 686 2151 si
698 2099 729 2152 te
740 2089 871 2156 isterum
884 2103 971 2158 tenet
981 2089 1127 2158 eruditus
1137 2073 1226 2148 satelli*

360 2199 481 2256 matum
495 2215 564 2278 quse
587 2193 665 2260 mihi
686 2195 824 2285 placent,
840 2201 1003 2289 opiniones
1018 2172 1224 2289 eligentitehltl

359 2295 425 2360 cisi)
440 2297 609 2377 Quomodo
621 2304 709 2372 onim
723 2330 787 2373 nou
802 2311 977 2376 absurdum
991 2309 1125 2376 latrones
1136 2297 1223 2389 pilli

358 2413 406 2468 tor
426 2427 542 2472 nomen
564 2407 642 2476 illud
667 2436 732 2500 quo
754 2415 962 2504 appellantur,
986 2443 1053 2486 non
1077 2407 1228 2506 puniant

358 2513 470 2580 veritas
490 2514 654 2606 diligenter
673 2521 832 2611 explorata
850 2525 959 2600 fuerit:
984 2549 1045 2593 nos
1060 2536 1150 2591 autea
1162 2517 1227 2610 petat

357 2631 462 2708 petam
481 2645 520 2688 ex
534 2627 682 2694 conviciis
700 2630 766 2696 siue
788 2634 929 2700 examine
948 2635 1125 2724 opinionem
1138 2611 1229 2718 Aah

355 2729 503 2821 Diagoras
523 2735 721 2805 Atheniensis
742 2755 823 2818 erat,
848 2745 903 2809 sed
918 2745 946 2810 ei
961 2768 1088 2834 paenam
1101 2727 1230 2839 lentilli*

355 2839 593 2910 Atheniensium
613 2850 762 2936 mysteria
784 2851 937 2943 vulgasset
959 2877 967 2918 r
990 2867 1022 2920 et
1045 2853 1096 2942 qui
1114 2837 1229 2928 Philiffl

355 2947 455 3036 legitis
470 2948 577 3030 libros,
595 2955 669 3022 odio
691 2983 749 3026 nos
764 2962 903 3038 hahetis;
925 2967 979 3054 qui
998 2963 1108 3032 Leonis
1124 2963 1211 3023 „omna

353 3059 493 3134 servatis,
513 3061 642 3129 moleste
666 3065 751 3134 fertis
771 3091 826 3137 vos
840 3072 964 3139 anobis
979 3073 1082 3162 arguis
1098 3079 1127 3134 el
1141 3051 1217 3149 ‘llll‘

353 3165 393 3231 de
409 3164 466 3231 diis
480 3165 633 3259 AEgyptiis
651 3175 812 3263 opiniones
827 3179 911 3268 apud
925 3203 980 3246 vos
994 3178 1121 3250 habetis,
1135 3189 1176 3236 11⁰⁵
1212 3254 1221 3265 Α

350 3275 670 3367 impiissimosputatis
684 3288 945 3355 exterminandos.
965 3289 1140 3379 Sepulcrum
1147 3267 1223 3343 Josist·

351 3384 394 3472 pii
415 3387 499 3475 apud
519 3411 573 3454 vos
592 3405 797 3473 monstratur,
820 3397 894 3465 lieet
913 3399 1043 3489 quidam
1057 3397 1186 3464 cretenses
1198 3389 1231 3438 ll·

350 3493 444 3560 dieat.
457 3495 541 3562 Nihil
548 3510 595 3564 est
606 3498 657 3566 illa
668 3501 876 3574 multitudinis
888 3507 1018 3575 deorum
1029 3479 1224 3596 congreganti

351 3601 396 3664 vis
410 3603 563 3691 Epicurus
581 3631 691 3677 eorum
709 3625 906 3704 contemptor
918 3617 1048 3684 senseat
1059 3593 1234 3704 manumitti*

351 3708 449 3773 nihilo
463 3715 560 3802 magis
574 3719 651 3806 quid
666 3721 705 3786 de
719 3722 786 3790 Deo
800 3727 930 3816 ejusque
951 3728 1149 3794 universorum
1165 3693 1238 3831 llll}

349 3817 492 3896 sentiam,
506 3824 660 3916 principes
672 3845 705 3898 et
719 3834 916 3923 magistratus
932 3835 1050 3904 oelaho.
1066 3827 1137 3914 Quid
1148 3811 1239 3888 milita*
