2630 4614
338 275 379 338 50
709 291 841 334 rurraur
868 291 978 356 assrurr

336 399 644 488 Pantheuehydeme
658 410 829 464 scortatore
839 399 993 488 gravidam
1002 399 1164 484 Euthycrates.
1172 398 1231 461 leuu-

337 513 434 578 tidem
444 510 594 576 Paeonum
610 509 761 598 raginam,
775 511 861 596 quod
872 510 993 598 nigrum
1002 509 1121 572 infantum
1128 507 1226 593 peperisa.

335 633 402 687 arte
417 644 471 685 sua
482 619 672 684 Dinomenes
683 618 849 682 hominum
861 618 1014 682 memorie
1024 614 1223 682 ammentant

335 745 441 798 autem
455 742 487 796 et
499 729 723 818 Pythagoram,
736 728 790 815 qui
805 729 963 816 Europam
977 741 1056 791 tauro
1067 725 1225 813 imposuitau

335 842 526 914 condemno,
542 840 595 927 qui
610 837 698 904 Jovis
713 848 928 904 accusatorem
943 838 1055 903 honore
1066 839 1099 901 oh
1113 835 1178 922 ipsius
1188 849 1224 894 aar}

335 949 467 1015 afficitis.
478 947 577 1012 Rideo
586 959 618 1012 et
629 946 766 1034 Myronis
774 957 886 1022 artem,
896 947 950 1035 qui
961 943 1228 1026 lacuturnenses

333 1055 497 1124 victoriam
517 1037 678 1143 imposuit,
694 1054 780 1143 quod
799 1067 886 1143 rapta
907 1053 1053 1142 Agenoris
1068 1050 1118 1116 lilia
1134 1049 1230 1114 adultam«

334 1165 580 1255 intemperantia
592 1164 757 1253 praemium
768 1176 965 1253 reportasset.
976 1161 1121 1250 Glyceram
1129 1157 1232 1224 meretina

333 1274 516 1362 etArgivam
524 1269 683 1361 psaltriam
689 1271 865 1337 Herodotus
876 1269 1043 1358 Olynthius
1049 1268 1170 1357 expressit.
1176 1265 1232 1348 loru

333 1382 505 1473 Pasiphaen
520 1382 641 1456 statuit,
658 1382 748 1469 cujus
762 1379 921 1447 lasciviam
931 1389 1173 1448 commemorantes
1182 1387 1231 1437 mu

334 1517 397 1558 non
412 1491 516 1558 studio
530 1491 665 1566 habetis,
681 1503 715 1556 ut
730 1489 806 1556 tales
827 1492 888 1556 sint
910 1489 1005 1556 hodie
1023 1488 1151 1555 mulieres
1164 1482 1231 1563 Quale

332 1599 506 1688 lllelanippe
517 1599 637 1686 sapiens
653 1609 732 1674 erat,
744 1622 876 1688 eamque
886 1597 1007 1665 ideireo
1018 1598 1170 1685 Lysistratus
1176 1593 1232 1656 alim

333 1721 364 1774 at
380 1733 433 1774 vos
451 1709 604 1796 sapientes
619 1729 687 1773 esse
700 1706 786 1796 apud
800 1729 856 1772 nos
872 1705 1021 1772 mulieres
1032 1703 1193 1772 nouerelitis.

375 1815 526 1884 XXXIV.
549 1817 698 1906 Egregius
719 1839 792 1881 sane
814 1814 953 1882 Phalaris
975 1829 1128 1904 tyrannus,
1145 1813 1228 1900 pipo

332 1929 482 1995 lactentes
503 1952 629 2004 vorans,
650 1926 815 2015 Polystrati
840 1926 1051 2016 Ampraeiotae
1074 1937 1131 1992 arta
1148 1922 1230 1987 rums.

330 2038 417 2125 quusi
432 2038 479 2103 vir
498 2037 626 2126 quidam
646 2036 860 2112 admirandus,
881 2049 1083 2102 monstratur.
1102 2037 1139 2102 Α(
1154 2027 1232 2107 mauri·

331 2149 405 2213 dem
420 2146 501 2212 illius
516 2146 637 2212 vultum
652 2147 852 2237 Agragantini
868 2149 907 2213 ob
923 2148 1073 2213 lrumanre
1088 2135 1232 2213 autaut

332 2257 412 2322 tueri
420 2257 637 2332 reformidant3
649 2268 680 2322 at
691 2258 745 2346 qui
757 2257 924 2323 eruditioni
937 2257 1015 2323 dant
1026 2247 1226 2346 operamplallll

330 2367 502 2454 quodsum
517 2391 574 2454 per
585 2368 752 2456 imaginem
767 2367 949 2455 adspiciunt.
969 2368 1086 2432 Annon
1102 2359 1227 2453 llaplltllffl

329 2474 498 2542 fraternam
509 2477 628 2542 caedem
643 2476 727 2564 apud
737 2499 791 2540 ves
803 2477 962 2551 honorari,
976 2479 1032 2563 qui
1049 2461 1236 2564 Polyntena

330 2580 386 2647 elis
401 2582 550 2670 imagines
566 2582 715 2669 aspicitis,
736 2605 774 2647 uo
792 2606 854 2648 non
875 2584 978 2670 potius
994 2605 1049 2648 eas
1072 2606 1139 2649 cum
1152 2568 1237 2664 opilul·

329 2689 457 2778 thagora
471 2688 642 2763 defudistis,
653 2699 688 2752 ut
699 2689 843 2774 nequitia
854 2703 1061 2756 monumenta
1074 2669 1237 2755 interirentlli

329 2823 429 2866 causae
450 2811 497 2864 est
514 2821 572 2866 cur
587 2795 751 2862 mulierem
767 2798 912 2886 tringinta
933 2823 1048 2886 pueros
1070 2800 1243 2878 eniaupra'

328 2905 591 2994 Periclymenum,
614 2902 709 2970 voluti
734 2903 952 2970 admirandum
973 2908 1143 2995 quidpiam,
1163 2905 1246 2967 naar

329 3013 540 3103 contemplari
558 3013 637 3080 Nam
651 3035 725 3078 cum
740 3013 845 3078 multra
860 3013 1108 3103 intemperantiae
1122 3015 1210 3079 fruetus
1218 3004 1247 3064 11·

328 3135 386 3197 set,
402 3121 587 3211 praeclarum
600 3134 668 3186 erat
683 3120 767 3188 illam
783 3123 941 3200 detestari,
957 3136 1068 3214 utpote
1083 3124 1127 3190 illi
1138 3116 1246 3210 spelta

327 3255 383 3298 nos
396 3230 544 3320 Strophae
560 3229 772 3306 assimilatam,
785 3255 855 3319 quae
869 3244 901 3297 et
915 3232 981 3321 ipsa
993 3255 1118 3300 sacrum
1133 3231 1238 3318 aliquem

326 3355 394 3410 tum
415 3343 455 3408 oh
478 3339 611 3407 similem
637 3351 763 3429 partum
787 3343 885 3407 fertur
905 3357 1081 3431 assequuta.
1104 3341 1254 3408 Machares>-

325 3450 407 3515 lllars
430 3473 503 3516 eum
517 3447 652 3524 Venere,
674 3461 707 3515 et
727 3461 832 3515 natam
851 3473 890 3516 err
908 3450 967 3516 illis
989 3453 1184 3517 Harmoniam
1199 3438 1257 3510 lut

326 3559 412 3624 robis
426 3559 587 3648 expressit.
601 3557 761 3647 Sophron,
774 3559 827 3646 qui
840 3581 937 3648 nugas
948 3572 980 3624 et
991 3561 1122 3648 ineptias
1135 3553 1245 3624 littorisa

326 3667 421 3741 davit,
439 3667 551 3733 clarior
571 3667 629 3733 fuit
644 3670 684 3734 oh
701 3691 814 3736 aeream
831 3669 993 3745 sabrinam,
1011 3693 1081 3758 quae
1097 3629 1259 3734 etiamuul

325 3783 395 3838 stat.
410 3773 628 3842 Fabulatorem
641 3775 793 3864 AEsopum
805 3777 1028 3844 immortalitati
1040 3801 1105 3845 non
1118 3769 1242 3842 solumlll
1257 3759 1259 3818 l

326 3882 596 3960 commendarunt,
610 3885 665 3950 sed
679 3886 774 3950 etiam
784 3884 972 3954 Aristodemi
986 3909 1036 3953 ars
1051 3887 1148 3954 ‹leeus
1162 3881 1259 3949 illiettl

1251 3673 1256 3693 ¹.

1258 3715 1259 3724 r

1258 3729 1259 3740 t
