2516 4636
5 253 8 294 ⁸
354 287 477 334 neurus
500 287 651 334 nnnesus.
953 267 1016 332 565

5 393 85 466 'stes
97 417 178 466 eum
192 396 324 465 sectum.
340 394 474 486 Propter
487 398 573 486 quod
585 407 618 462 et
633 396 666 460 in
678 391 818 484 Epistola
830 417 886 461 suu
902 396 948 462 sic
960 407 1018 462 tos·

5 507 120 576 *entus
138 519 188 574 est
202 507 294 574 nobis
313 529 321 570 ε
341 503 485 582 «Fuisti,
501 506 669 572 novissima
685 504 763 571 bora
782 515 843 582 est,
860 518 892 572 et
910 528 1019 595 quem·

5 619 188 684 ¹dmodum
217 615 347 682 audistis
373 615 524 703 quonism
549 613 763 680 Antichristus
795 615 898 690 venit,
932 637 1020 681 nuuc

5 726 201 794 *sntichristi
215 723 308 792 multi
323 723 398 790 sueti
415 733 488 790 sunt
504 744 512 786 ε
533 722 617 788 unde
633 723 854 811 cognoscimus
869 725 1020 810 quonism

8 837 182 906 ‘sevissima
200 836 279 903 hora
299 846 358 901 est.
376 834 423 900 Ex
437 833 529 901 nobis
548 833 705 909 exierunt,
723 834 779 900 sed
796 857 861 900 non
875 847 966 900 erunt
981 857 1020 900 ex

5 949 122 1023 trobiss
148 948 173 1014 si
197 947 283 1012 enim
299 945 432 1012 fuissent
449 967 490 1010 ex
508 943 618 1019 nobis,
640 945 884 1033 permansissent
910 945 1019 1034 utique

5 1057 184 1123 uobiscum
201 1077 210 1120 r
227 1053 284 1120 sed
302 1063 339 1120 ut
356 1051 635 1120 manifestarentur
649 1049 799 1140 quoniam
814 1073 877 1118 non
893 1064 967 1118 sunt
980 1075 1020 1118 ex

5 1168 113 1234 robis.
131 1164 322 1256 Cognoscite
335 1185 412 1253 ergo
427 1163 577 1253 quonium
592 1184 688 1228 omne
702 1162 906 1229 mendacium
919 1176 1020 1230 extre-

5 1299 111 1344 ueum
126 1287 189 1353 est,
205 1286 239 1342 et
252 1297 317 1341 non
341 1285 388 1340 est
410 1271 450 1338 de
470 1271 612 1340 veritate.
637 1273 717 1353 Quis
732 1283 780 1338 est
797 1272 944 1349 mendax,
961 1273 1021 1339 nisi

6 1383 65 1472 qui
83 1393 183 1472 neget
203 1380 354 1471 quonium
368 1379 462 1447 Jesus
477 1389 604 1451 nonest
621 1377 788 1448 Christus?
802 1379 856 1446 hic
870 1391 919 1446 est
935 1380 1022 1448 tnti-

5 1490 151 1562 :shristus
168 1488 178 1524 ¹
193 1537 200 1555 .
215 1515 229 1552 r

5 1637 7 1672 ,
27 1599 116 1680 Quis
130 1609 239 1666 eutem
250 1621 361 1667 omnes
377 1600 431 1689 qui
446 1598 589 1688 preedicti
601 1609 687 1675 sunt,
701 1600 760 1666 etsi
770 1599 878 1691 lingue
894 1600 1024 1689 quidem

11 1709 184 1775 ›nfitentur
209 1731 310 1776 unum
333 1707 445 1774 Jesum
464 1707 640 1783 Christum,
659 1708 844 1797 semetipsos
863 1708 1023 1784 derident,

5 1817 73 1898 ,iud
89 1817 222 1906 quidem
237 1817 420 1893 sentientes,
436 1814 522 1883 aliud
536 1839 613 1882 vero
625 1815 764 1884 dicentes
781 1817 919 1904 (etenim
934 1841 1025 1906 urgu-

5 1940 95 2010 pents
108 1925 237 1992 illorum
250 1927 346 2003 ruris,
361 1927 632 2015 quemadmodum
644 1926 839 1994 ostendimus
849 1931 874 2018 );
889 1926 1025 1994 alterum

10 2037 119 2104 uidem
133 2059 276 2126 pessum,
288 2049 321 2104 et
336 2048 448 2104 nutum
463 2037 551 2104 hune
561 2060 630 2104 esse
642 2037 806 2105 Christum
821 2039 1024 2116 annuntient,

5 2159 21 2234 i
39 2171 110 2213 esse
132 2145 269 2215 aiterum
289 2169 403 2212 eorum
423 2147 599 2237 Demiurgi,
618 2147 672 2236 qui
691 2149 731 2213 sit
747 2171 787 2214 ex
808 2147 1024 2237 dispositione,

5 2255 39 2334 ,el
66 2279 141 2324 eum
164 2255 219 2344 qui
246 2257 287 2322 sit
314 2279 353 2322 ex
376 2255 513 2345 Joseph,
542 2277 701 2345 quemque
728 2254 909 2345 passibilem
935 2279 1027 2346 urgu-

5 2375 196 2454 pentnntur;
210 2363 345 2433 alterum
359 2387 433 2433 sero
448 2389 558 2432 eorum
574 2367 612 2433 nb
630 2365 837 2434 invisibilibus
852 2379 885 2433 et
902 2367 1027 2434 inennr

5 2474 146 2544 cubilibus
168 2474 381 2551 descendisse,
401 2497 498 2563 quem
518 2486 551 2540 et
572 2472 776 2552 invisibilem,
795 2488 827 2541 et
845 2476 1027 2565 incompre-

7 2581 202 2660 rensibilem,
223 2591 255 2648 e't
278 2581 504 2672 impassibilem
521 2605 589 2648 esse
609 2582 816 2659 confirmant,
840 2596 980 2653 errantes
1009 2607 1027 2650 n

5 2693 138 2769 reritute,
157 2715 196 2758 eo
216 2691 302 2782 quud
325 2691 456 2758 ubsistnt
475 2691 630 2757 sententis
649 2713 762 2756 eorum
784 2692 825 2756 nb
845 2713 884 2756 eo
904 2691 959 2779 qui
980 2701 1029 2758 est

5 2825 67 2868 rere
82 2803 167 2868 Deus
182 2825 190 2867 ε
208 2802 386 2868 nescientes
396 2802 548 2890 quonism
564 2801 660 2888 hujus
674 2797 819 2865 Verbum
833 2799 1026 2887 unigenitus,

5 2914 51 3000 qni
63 2933 186 3000 semper
200 2909 342 2975 humano
354 2907 462 2996 generi
475 2907 577 2981 adest,
595 2906 704 2970 unitus
719 2915 751 2971 et
765 2929 955 2996 conspersus
970 2931 1028 2974 suo

5 3020 145 3109 plnsmuti
160 3017 338 3084 secundum
357 3014 511 3104 placitum
527 3014 642 3091 Petris,
666 3026 698 3080 et
718 3035 793 3081 euro
817 3015 935 3096 sactus,
961 3019 1029 3108 ipse

5 3139 47 3194 est
58 3128 147 3194 iesus
159 3125 303 3192 Christus
315 3126 470 3191 Dominus
478 3135 598 3201 noster,
612 3125 666 3213 qui
676 3147 786 3214 passus
798 3138 846 3193 est
857 3131 1028 3216 pronobis,

5 3251 35 3306 et
49 3237 179 3304 surrexit
190 3247 321 3326 propter
332 3259 407 3310 nos;
422 3247 455 3300 et
471 3257 578 3302 rursus
594 3247 745 3302 venturus
757 3237 790 3302 in
806 3235 903 3326 gioria
915 3238 1028 3317 Putris,

6 3348 44 3414 ud
58 3345 306 3413 resuscitandum
319 3343 497 3411 universnm
506 3366 647 3421 earnem,
662 3356 694 3410 et
709 3345 749 3410 sd
761 3347 974 3414 ostensionem
985 3371 1031 3414 sn·

6 3457 88 3532 lutis,
111 3467 141 3523 ct
156 3453 299 3545 regulum
319 3455 392 3543 justi
410 3455 521 3544 judieii
537 3456 703 3522 ostendere
725 3457 872 3524 omnibus
895 3459 949 3547 qui
970 3460 1029 3525 sub

8 3569 70 3656 ipso
82 3564 152 3633 sueti
167 3575 250 3630 sunt.
270 3563 359 3629 Unus
371 3562 466 3652 igitur
482 3563 567 3630 Deus
582 3563 687 3644 Peter,
701 3564 971 3654 quemadmodum
982 3591 1030 3634 os·

10 3675 169 3751 tendimus,
182 3686 215 3741 et
230 3697 311 3739 unus
328 3672 473 3739 Christus
487 3671 579 3738 Jesus
596 3673 751 3741 Dominus
767 3686 885 3751 noster,
902 3678 1029 3743 veniens

10 3809 61 3876 per
71 3786 243 3852 universum
255 3781 506 3873 dispositionem,
519 3795 552 3852 et
564 3783 669 3852 omnis
681 3784 714 3853 in
726 3764 931 3876 semetipsum
941 3807 1028 3854 reen-

42 3917 50 3951 ¹
63 3933 71 3964 ι
83 3915 150 3968 donn.
166 3933 193 3976 u,
209 3913 355 3981 rserreqq.
