2516 4636
340 327 463 374 cerras
486 328 637 376 manans.
939 309 999 374 551

15 433 17 450 '
37 431 79 498 ait
92 431 328 511 altissimorum,
340 435 403 504 hoo
417 447 477 512 est,
494 434 766 527 supercoelestium
778 435 891 514 lactor,
907 448 940 504 et
951 461 1003 504 eo·

14 527 40 606 1u
56 565 127 629 qun
141 567 236 632 super
254 557 374 612 terram
396 546 540 614 omnium
558 547 717 623 conditor,
733 547 782 615 his
804 549 1003 618 sermonibus

14 651 242 722 ³risrcaverunt:
255 656 308 743 qui
320 679 378 721 suo
389 653 548 744 plasmati,
562 658 623 725 hoc
632 670 692 734 eat,
705 658 900 738 hominibus,
913 681 1004 728 suam

14 751 199 852 lignitatem
212 762 320 832 salutis
335 765 376 831 de
392 763 473 834 coelo
489 767 585 834 misit.
603 766 736 856 Propter
749 767 835 856 quod
850 777 883 838 et
900 767 1004 834 «Pas-

13 867 95 950 bres,
111 875 166 951 ait,
183 878 436 953 revertebantur,
453 875 665 965 glorificantes
685 877 787 947 Deum
805 877 838 944 in
854 877 1003 946 omnibns

13 985 68 1048 'uae
90 986 256 1052 audierant
274 999 308 1053 et
327 986 483 1060 viderant,
505 985 777 1074 quemadmodum
790 995 823 1051 et
839 998 1003 1057 narratum

12 1105 43 1158 st
58 1095 100 1160 ad
111 1094 194 1162 ecs‘.
209 1095 303 1163 »Non
315 1096 401 1164 eninr
412 1094 548 1164 alterum
560 1095 663 1163 Βουῐη
674 1092 893 1182 glorificabant
904 1095 1003 1164 lsrae-

12 1207 194 1290 spadones,
208 1202 265 1269 aed
275 1200 366 1268 illum
377 1201 431 1290 qui
442 1223 459 1266 a
471 1199 555 1290 Lege
569 1212 602 1267 et
616 1197 784 1288 Prophetis
797 1202 1001 1270 annuntiatus

12 1317 26 1386 ³,
51 1311 205 1379 factumn
225 1313 386 1389 omnium,
409 1335 505 1400 quem
526 1324 558 1378 at
577 1309 798 1401 glorificabant
820 1310 942 1400 Angeli.
966 1310 1002 1378 Si

11 1427 77 1484 tcm
90 1418 370 1509 alterumquidem
384 1419 498 1509 Angeli
516 1420 571 1508 qui
586 1431 677 1486 erant
694 1420 735 1486 ab
755 1418 898 1508 ogdoade
909 1417 1002 1511 glori·

11 1531 120 1607 abant,
140 1529 276 1597 alterum
296 1548 371 1598 vero
389 1542 550 1620 pastores:
569 1553 711 1598 errorem
726 1530 772 1600 eis
787 1540 820 1598 ct
834 1551 900 1600 non
918 1528 1002 1597 reri-

10 1663 64 1704 em
79 1639 261 1708 detulerunt
275 1641 308 1708 hi
325 1643 378 1731 qui
395 1643 434 1708 ab
455 1642 598 1732 ogdoada
613 1653 704 1710 erant
719 1639 842 1730 Angeli.

10 1750 126 1818 adhue
139 1753 183 1816 ait
200 1751 302 1820 Lucas
320 1753 361 1818 de
376 1753 534 1820 Domino:
552 1779 564 1816 ι
577 1751 662 1820 Cum
675 1749 797 1841 impleti
813 1760 918 1819 essent
933 1750 999 1818 dies

13 1861 202 1948 ungationis,
228 1863 450 1952 imposuerunt
476 1887 553 1929 enm
578 1864 611 1930 in
637 1861 849 1938 Hierusalem,
874 1861 999 1929 adstare

9 1969 145 2045 lemine,
165 1973 438 2060 quemadmodum
459 1973 614 2062 scriptum
632 1983 681 2040 est
699 1973 732 2040 in
751 1972 835 2062 Lege
858 1971 997 2048 Domini,

9 2079 155 2158 iconiam
169 2104 265 2149 omne
275 2082 486 2151 masculinam
499 2084 684 2173 adaperiens
699 2081 838 2159 vulvam,
854 2094 1000 2151 sanctum

9 2189 122 2254 tomini
146 2191 329 2266 vocabiturr
353 2203 385 2258 et
407 2205 443 2257 ut
463 2192 575 2258 darent
594 2191 799 2268 sacrificium,
822 2190 1000 2259 secundum

8 2299 81 2365 uod
92 2301 215 2370 dictum
230 2315 279 2369 est
292 2305 325 2368 in
336 2302 419 2392 Lege
434 2303 577 2380 Domini,
590 2326 647 2392 par
658 2315 834 2378 turturum,
852 2314 907 2368 aut
918 2302 999 2370 duos

13 2408 96 2477 ullos
109 2411 332 2479 columbarum
342 2412 370 2476 ²:
382 2441 396 2476 ι
409 2437 448 2479 ex
458 2435 514 2478 sua
526 2435 660 2502 persona
672 2413 925 2483 manifestissime
937 2413 999 2480 Do-

8 2543 88 2586 num
98 2518 259 2608 appellans
270 2543 343 2586 eum
354 2520 408 2607 qui
421 2517 648 2609 legislationem
660 2520 780 2587 lecerit.
792 2522 855 2588 Et«
866 2521 998 2591 Simeon

9 2641 112 2703 utem,
124 2627 240 2715 inquit,
251 2626 412 2694 benedixit
423 2627 540 2703 Deum,
557 2639 589 2694 et
600 2628 666 2696 ait:
684 2625 778 2696 Nunc
789 2627 923 2702 dimittis
934 2651 998 2696 ser·

8 2761 66 2802 nm
77 2747 182 2812 tuum,
196 2737 344 2812 Domine,
357 2736 390 2802 in
404 2757 504 2825 pace:
523 2737 596 2825 qnia
607 2735 756 2804 viderunt
770 2733 855 2804 oculi
867 2738 931 2804 mei
945 2759 998 2804 sa-

8 2859 92 2914 rtare
108 2859 201 2912 tuum
217 2869 226 2912 τ
247 2847 334 2937 quod
348 2847 464 2937 parasti
480 2860 555 2914 ante
574 2845 688 2916 saniem
703 2847 848 2916 omniurn
862 2846 998 2937 populo·

8 2981 79 3030 um;
98 2954 208 3022 lumen
222 2955 264 3022 ad
278 2954 503 3022 revelationem
517 2954 682 3030 Gentium,
695 2965 727 3020 et
742 2953 875 3044 gloriam
887 2955 996 3046 populi

8 3067 40 3130 ui
59 3063 188 3130 lsrael⁸.
203 3067 266 3130 »Et
284 3065 400 3133 «Anna
414 3076 521 3130 autem
536 3065 746 3154 prophetissa,
759 3067 837 3142 tait,
854 3067 997 3137 similiter

8 3174 162 3241 rrificnbat
176 3173 293 3251 Deam,
305 3174 413 3240 ridens
425 3173 589 3239 Christum
595 3199 604 3248 t
622 3187 679 3240 «et
694 3172 885 3264 loquebatur
901 3177 941 3244 de
956 3201 994 3244 eo

8 3285 142 3350 mnibus
158 3285 212 3372 qui
230 3285 454 3372 exspectabant
469 3283 720 3374 redemptionem
733 3285 929 3353 Hierusalem
939 3287 986 3352 ’.ι

8 3419 23 3460 r
38 3395 108 3462 haec
123 3405 230 3460 autem
245 3395 350 3461 omnia
367 3417 449 3462 unua
463 3394 548 3462 Deus
563 3396 811 3472 demonstratur,
828 3419 943 3464 novum
954 3395 994 3462 li-

8 3506 96 3571 rtatis
108 3505 345 3594 dispositionem
359 3527 417 3593 per
427 3527 546 3571 norum
561 3505 732 3572 adrentum
743 3505 815 3572 Filii
830 3505 879 3572 sui
894 3505 994 3572 homi-

8 3641 57 3684 tus
73 3615 225 3705 aperiens.

8 3729 210 3817 Quapropter
227 3725 410 3804 stilocone,
431 3729 584 3818 interpres
599 3739 632 3793 et
652 3737 789 3795 sectator
809 3725 906 3803 Petri,
928 3727 991 3794 ini-

9 3863 45 3908 m
64 3836 258 3928 Evangelieae
274 3836 513 3926 conscriptionis
527 3837 603 3904 lecit
616 3837 688 3903 sic:
713 3835 867 3902 «Initium
885 3835 992 3905 Bran·-

15 3971 81 4020 Luc.
93 3985 121 4026 u,
135 3983 171 4018 ao.
180 3995 210 4008 -
221 3965 303 4020 ²lbid.
316 3983 344 4018 aa
354 3977 379 4020 et
388 3984 459 4033 seqq.
473 3997 503 4038 .-
513 3968 522 4004 ¹
534 3967 595 4018 lttd.
607 3975 670 4032 acet
680 3983 752 4032 seqq.
764 3967 810 4006 -l
821 3967 883 4018 ibid.
895 3966 936 4025 56,
949 3966 989 4016 58.
