2710 4662
212 193 256 276 76
340 211 663 266 sancrosanctum,
688 211 850 266 nrrscoavs
875 211 1100 268 anrrocaanns.

212 352 229 386 n
241 319 382 394 sibilem
402 320 518 394 oculis
538 320 657 392 lucem
681 324 913 418 impertiens:
935 322 1096 417 Ignatius
1118 333 1241 392 autem

212 425 411 500 »deorsum
427 424 658 525 splendebat,
677 423 904 521 intelligibile
926 424 1098 497 doctrinae
1116 425 1242 498 lumen

212 563 228 598 a
242 536 371 606 animis
386 531 591 608 infundens.
607 539 652 605 Et
663 531 724 604 ille
737 530 885 630 quidem
897 537 934 604 in
949 531 1147 605 occidentis
1161 559 1244 631 par·

213 668 229 701 »
243 651 295 710 tes
314 636 536 720 descendens
553 636 804 725 absconditur,
823 661 865 710 ac
887 651 1032 710 noctem
1050 635 1245 709 confestim

214 739 395 814 »obducit
416 769 425 812 :
450 742 510 814 bic
534 757 657 814 autem
681 739 726 814 ad
754 763 902 812 occasus
925 754 1044 837 partes
1067 739 1246 813 accedens

214 846 466 946 »splendidius
484 852 522 920 in
540 849 610 920 illis
628 846 773 920 effulsit.
791 879 808 911 n
826 844 963 940 (thid.)

264 960 395 1028 Omnia
422 961 553 1056 Ignatii
580 981 691 1056 opera
717 955 875 1027 ardentis
897 955 1008 1024 animi
1028 957 1149 1051 signa,
1170 958 1244 1027 vim

216 1064 350 1133 amoris
367 1061 495 1154 divini,
513 1089 589 1162 quo
606 1060 910 1149 inflammabatur,
930 1058 1069 1156 ubique
1093 1063 1240 1158 spirant.
1346 1043 1347 1070 ¹

217 1167 317 1240 Adeo
334 1169 502 1268 sublimia
523 1173 669 1269 cogitat,
686 1183 728 1240 ut
743 1167 933 1250 videantur
949 1164 1059 1238 verba
1076 1165 1242 1242 deficere.
1343 1219 1344 1228 ι

217 1274 365 1374 Ubique
375 1277 586 1350 charitatem
598 1279 636 1347 in
647 1273 787 1362 fratres,
797 1286 1046 1371 contemptum
1056 1276 1244 1373 suiipsius,
1344 1283 1345 1304 ¹

219 1381 416 1481 disciplinae
431 1384 677 1457 ecclesiasticae
691 1405 829 1468 curam,
845 1385 1069 1452 aversionem
1080 1381 1246 1456 schisma·

220 1506 314 1578 tum,
341 1505 378 1563 et
396 1488 597 1564 concordiae
621 1488 741 1560 zelum
766 1489 942 1586 reperies;
964 1484 1061 1558 unde
1083 1486 1157 1559 dici
1178 1515 1246 1560 me·

218 1596 290 1666 rito
315 1611 435 1694 potest
462 1601 605 1669 unitatis
626 1592 818 1696 Apostolus
841 1592 1071 1688 (Tillemont,
1100 1608 1191 1666 tom.
1212 1601 1246 1666 ΙΙ

221 1699 344 1798 ssiat).
372 1703 533 1802 Epistola
555 1703 753 1803 prasertim
774 1697 821 1772 ad
843 1703 1026 1770 Romanos
1047 1713 1123 1770 tam
1144 1702 1245 1798 ignea

220 1806 390 1881 scintillat
408 1824 445 1881 et
468 1813 613 1909 pungit,
629 1823 673 1881 ut
689 1811 748 1879 vix
763 1810 841 1878 sine
858 1806 1025 1901 lacrymis
1041 1804 1111 1903 legi
1125 1813 1243 1906 possit.

261 1957 450 2038 Polycarpus‚
464 1959 599 2038 martyris
611 1961 729 2032 amicus,
743 1975 940 2035 quascumque
950 1954 1047 2034 potuit
1056 1953 1116 2031 ejus
1129 1956 1250 2034 Episto-

223 2045 264 2103 las
276 2047 424 2120 adunavit,
439 2048 661 2126 postulantibus,
677 2060 711 2106 ut
722 2049 785 2126 ipse
798 2046 910 2116 asserit,
920 2043 1175 2122 Phillippensibns.
1191 2045 1252 2105 Illis

222 2131 261 2192 ab
272 2127 383 2194 Irenaeo
390 2136 421 2194 in
428 2137 535 2195 Gallias
544 2139 708 2216 asportatis,
715 2135 857 2213 nobisque
868 2133 990 2192 fideliter
998 2131 1172 2203 transmissis,
1185 2151 1253 2190 ver-

225 2232 304 2280 tente
317 2223 564 2306 decimoseptimo
578 2228 693 2301 saeculo,
708 2225 821 2286 obstitit
832 2231 968 2304 Rasnagc,
979 2243 1034 2282 non
1044 2223 1166 2282 veritatis
1176 2233 1248 2279 stu-

227 2311 287 2382 dio,
298 2313 349 2371 sed
359 2326 391 2372 ut
401 2313 600 2376 destrueretur
610 2317 766 2376 auctoritas
777 2317 952 2394 scriptorum
964 2311 1062 2392 quibus
1071 2309 1245 2369 damnantur

226 2413 399 2462 novatorum
413 2408 575 2476 errorasffde
580 2407 697 2486 juribus
705 2405 919 2485 episcoporum.
931 2401 1012 2461 Inter
1024 2421 1066 2460 an.
1078 2399 1134 2460 528
1144 2412 1175 2458 et
1187 2402 1251 2460 sao

227 2487 408 2568 interpolata
420 2493 449 2552 in
458 2496 592 2555 versione
605 2495 704 2586 latina,
718 2505 745 2552 et
756 2495 785 2552 in
795 2493 849 2552 hac
860 2491 991 2552 foeditate
1004 2495 1032 2550 S.
1046 2487 1193 2548 Bernardo
1204 2507 1254 2548 co

228 2579 323 2656 gnita,
333 2581 404 2641 ad
382 2585 575 2646 sinceritatem
590 2587 728 2645 restitutae
741 2595 806 2643 sunt
816 2583 853 2642 ab
862 2583 979 2643 Usserio
993 2577 1251 2660 (1644)etV,ossio

228 2664 240 2742 (
244 2665 297 2735 16
282 2667 331 2746 46)
345 2669 463 2729 Amstel.
482 2683 511 2730 et
524 2671 626 2751 (1680)
637 2670 773 2743 Londini,
783 2689 819 2729 ex
834 2668 1032 2751 manuscripto
1040 2687 1135 2745 graeco
1148 2667 1248 2726 biblio-
1343 2671 1346 2692 ³

229 2747 319 2811 thecae
338 2753 521 2832 Florentinae,
540 2761 588 2815 cui
606 2757 730 2836 perfecte
743 2768 909 2834 congruunt
925 2773 1117 2835 quaecumque
1130 2753 1170 2812 ab
1188 2754 1252 2814 Ori-

230 2859 313 2917 gene,
332 2845 506 2920 Athanasio,
524 2847 669 2922 Eusebio,
677 2850 869 2952 Hieronymo,
884 2847 1043 2925 Dlonysio,
1057 2844 1255 2918 Tlreodoreto,

231 2932 347 2993 Gelasio
371 2949 400 2995 ct
424 2938 522 3000 multis
540 2939 602 3004 aliis
625 2940 796 3007 testimonia
810 2937 953 3018 producta
978 2941 1067 2996 luere.
1094 2938 1255 3017 supposita

230 3023 360 3083 omniurn
373 3046 512 3087 consensu
532 3028 595 3088 aliae
611 3031 737 3200 ep'ptolae
750 3029 803 3116 sub
818 3030 934 3088 nomine
949 3028 1054 3106 Ignatii
1066 3029 1191 3106 vulgatae
1204 3042 1257 3086 eta

230 3113 382 3172 Cotelier'
373 3136 404 3174 ιιι
422 3137 511 3176 ιιιιιιιιι
523 3119 647 3179 collectae
682 3119 785 3200 1672).
802 3125 877 3179 Duae
891 3118 927 3177 ad
940 3125 1022 3178 Joan.
1036 3120 1144 3196 Evang.
1163 3131 1257 3176 etuna

230 3201 268 3260 nd
285 3204 455 3264 Mariam
428 3208 569 3285 virginem
582 3229 648 3268 cum
666 3211 800 3290 Delparae
817 3208 1016 3288 responsione,
1032 3223 1177 3283 nusquam
1196 3219 1259 3266 antc

230 3311 275 3352 an.
292 3296 366 3364 1425
379 3299 574 3376 reperiuntur.
586 3301 668 3359 Idem
680 3299 717 3360 do
728 3299 903 3379 quibusdam
914 3298 977 3357 aliis
988 3296 1139 3399 operibus

269 3387 377 3444 Praeter
388 3385 452 3445 illas
439 3407 539 3466 squas
549 3391 773 3453 memoravimus
783 3387 937 3460 editiones,
954 3387 1032 3466 typis
1047 3386 1260 3445 mandaverunt

231 3471 375 3550 Dilllngae,
392 3475 561 3536 Valentinus
575 3479 742 3555 PaceusJan
762 3479 849 3554 1557,
866 3479 952 3550 ιιι-80,
967 3487 997 3535 et
1011 3480 1095 3564 Joan
1110 3477 1260 3545 Morellus,

235 3561 310 3622 1558
321 3573 350 3620 et
364 3563 468 3635 1562‚·
461 3585 500 3622 rn-
491 3563 551 3625 ·8⁰·
544 3607 552 3638 ,
564 3573 683 3640 Gesner,
694 3569 804 3647 Tiguri,
817 3567 903 3644 1559,
914 3586 951 3626 ert
961 3551 1050 3623 variis
1061 3566 1262 3646 manuscriptis

233 3653 341 3730 gracie.
355 3657 447 3712 Docte
464 3661 610 3718 annotavit
622 3666 703 3718 Joan.
716 3661 895 3720 Pearsonius.

273 3739 391 3800 Gallicae
408 3743 554 3804 versiones
568 3747 605 3804 ab
622 3748 745 3807 iisdem'
738 3761 895 3820 tnstructae‚
911 3765 984 3824 quos
1000 3757 1084 3803 antea
1100 3745 1263 3807 tendimus

235 3811 385 3908 ᾸηςΙίιιπι
402 3832 564 3910 adornavit,
578 3855 621 3894 an.
642 3857 731 3912 1710,
750 3839 854 3908 Wale,
868 3835 995 3913 archiep.
1010 3832 1234 3905 cantuariensis.

640 3967 855 3986 m
