2636 4648
243 281 305 346 528
558 301 673 346 srncrr
696 301 809 348 raanar
832 303 893 348 ura.
921 305 954 347 rr

240 439 253 472 ι
266 424 314 476 tra
325 409 358 476 in
370 405 513 500 crapula,
526 419 563 473 et
576 409 741 486 ebrietate,
753 422 786 477 et
801 409 1047 500 cogitationibus
1056 411 1217 486 sacubrrbu.

241 549 254 582 ι
270 531 303 586 et
319 530 450 609 repente
466 517 590 583 assistat
613 540 781 606 supervos
797 518 865 584 dies
882 517 947 586 illa.
969 518 1154 608 superveniet
1166 525 1220 592 rain

242 657 256 690 a
271 626 359 716 quasi
377 623 509 716 laqueus
524 649 620 714 super
632 649 742 693 omnes
758 627 905 694 sedentes
919 627 1130 716 superlaciern
1138 634 1221 698 Ἀπ’.

243 767 256 800 s
272 737 342 803 Sint
354 737 448 827 igitur
459 733 559 802 lumbi
574 735 670 800 vestri
681 736 858 824 precincti,
870 749 903 802 ct
916 734 1058 803 lacernas
1072 737 1224 814 ardentes‚rt

243 871 326 914 avos
342 844 457 914 similes
477 843 662 911 bominibus
680 847 937 934 exspectantibus
954 847 1125 914 Dominum
1141 851 1223 914 suani

244 985 258 1018 ι
274 954 443 1036 Quomodo
459 953 546 1020 enim
563 952 746 1020 factumest
762 952 795 1020 in
813 954 926 1022 diebus
938 953 1032 1022 Noe:
1047 955 1226 1024 manducabant

244 1077 304 1130 aet
319 1063 484 1140 bibebant,
509 1074 542 1130 et
563 1063 713 1130 emebant
729 1063 971 1139 attendebant,
993 1065 1149 1130 nubebant
1160 1077 1228 1130 etur·

246 1175 445 1248 iubebantur,
466 1185 500 1238 et
519 1195 584 1238 non
607 1172 760 1255 scierunt,
784 1173 995 1263 quoadusque
1017 1173 1140 1240 int'rarit
1155 1174 1227 1240 lloeir

244 1305 390 1358 saroam.
407 1294 440 1348 et
462 1281 547 1348 venit
568 1277 735 1358 dilnvium,
752 1293 785 1347 et
808 1282 946 1371 perdidit
962 1303 1088 1348 omnes.
1111 1281 1147 1346 lit
1160 1305 1228 1370 quen

243 1392 448 1461 »admodum
473 1391 593 1458 luctum
614 1402 662 1458 est
683 1391 716 1457 in
739 1391 851 1458 diebus
873 1391 934 1459 Lot
958 1416 967 1458 ε
989 1392 1228 1458 mandueabmtrt

244 1503 440 1578 ebibebant,
457 1502 607 1568 emebant
625 1513 658 1566 et
678 1501 870 1580 vendebant,
887 1501 1083 1593 plantabant
1099 1515 1130 1570 et
1146 1503 1228 1570 atta

243 1645 257 1678 s
271 1617 363 1692 bant,
374 1612 581 1703 quoadusque
595 1611 691 1678 exivit
707 1610 768 1678 Lot
784 1636 803 1678 a
820 1611 992 1680 Sodomis:
1016 1610 1100 1702 pluit
1118 1611 1228 1701 ignerat¹

244 1720 368 1800 sarelo,
385 1733 417 1788 et
436 1719 574 1811 perdidit
589 1742 701 1786 omnes
713 1740 722 1784 ι
736 1721 783 1786 sic
797 1721 858 1786 erit
875 1732 907 1787 et
925 1722 958 1788 in
977 1721 1125 1788 adventu
1137 1719 1229 1788 Filiib

246 1830 394 1900 aminis⁸.
409 1827 544 1919 Vigilate
556 1827 664 1918 igitur,
681 1829 830 1916 quoniam
842 1831 971 1898 nescitis
982 1855 1053 1921 qua
1064 1831 1118 1897 dia
1130 1831 1229 1898 Donirs

246 1971 259 2006 ι
275 1954 378 2008 vester
389 1939 492 2006 veniet
503 1927 525 2004 ’ζ
541 1938 671 2005 »Unum
682 1950 715 2005 et
724 1939 873 2008 eumdem
885 1943 1084 2008 annuntians
1099 1940 1228 2008 Dominus

245 2053 299 2143 qui
312 2051 344 2118 in
355 2049 552 2138 temporibus
563 2048 631 2116 Noe
642 2060 772 2139 propter
783 2049 1038 2118 inobedientiam
1050 2050 1199 2119 hominurn

244 2161 391 2253 perduxit
404 2157 570 2234 diluvium,
578 2169 611 2224 et
622 2157 819 2246 temporibus
830 2157 890 2224 Lot
900 2171 1036 2250 propter
1047 2158 1224 2226 multitudiue

244 2285 450 2365 peccatorum
461 2269 702 2336 Sodomitarum
712 2266 793 2358 pluit
813 2269 918 2360 ignem
935 2295 953 2336 a
968 2269 1070 2348 emto,
1083 2282 1117 2338 et
1134 2271 1164 2336 in
1179 2293 1224 2336 nra

244 2384 338 2458 simo,
356 2389 487 2470 propter
504 2377 590 2446 banc
608 2378 755 2445 eamdem
772 2378 1024 2447 inobedientiam
1037 2393 1073 2448 et
1089 2379 1232 2467 similiapa·

244 2504 329 2569 cata,
347 2487 543 2580 superducet
558 2488 645 2555 diem
660 2487 771 2575 judicii
784 2510 793 2553 a
808 2487 841 2554 in
859 2512 922 2578 quo
937 2489 995 2567 ait,
1012 2487 1235 2558 tolerabilioris

245 2603 347 2672 domis
361 2613 394 2668 et
408 2599 596 2666 Gomorrbia
611 2599 769 2675 laturum,
784 2621 882 2688 quam
899 2600 1019 2668 civitati
1036 2614 1073 2668 et
1089 2601 1189 2668 domui
1200 2622 1238 2686 qu

244 2737 309 2782 non
325 2709 481 2800 receperit
495 2709 630 2775 verbum
643 2705 869 2798 Apostolorum
884 2709 963 2799 ejus.
982 2712 1052 2777 «Et
1072 2723 1124 2788 tu,
1145 2709 1239 2799 Capbu

244 2828 382 2898 eandm,
406 2818 545 2892 dicebat.
569 2817 726 2906 numquid
744 2839 844 2906 usque
866 2817 907 2884 ad
928 2817 1050 2886 cmlum
1072 2817 1239 2888 exaltaberis?

244 2963 257 2996 s
274 2932 379 3020 Usque
390 2929 432 2996 ad
442 2927 560 2995 inleros
572 2925 755 2994 descendes.
776 2926 936 3007 Quoniam
948 2929 973 2996 si
986 2930 1019 2996 in
1031 2929 1177 2996 Sodomis
1185 2929 1241 2994 lacta

244 3042 403 3110 aluissent
426 3037 557 3104 virtutes
575 3059 646 3126 quae
667 3035 757 3103 lactas
773 3046 846 3102 sunt
861 3036 894 3102 in
910 3047 955 3114 te,
975 3039 1166 3107 mansissent
1178 3057 1243 3123 unu

244 3154 304 3220 »in
318 3150 511 3219 hodiernum
526 3146 621 3212 diem.
638 3143 867 3214 Verumtamen
879 3146 953 3214 dico
965 3148 1069 3224 vobis,
1086 3145 1243 3214 tolerabiliu

244 3293 257 3326 ι
271 3263 332 3328 erit
343 3257 489 3327 sodomis
500 3255 534 3322 in
546 3255 597 3322 die
608 3253 720 3343 judicii
730 3277 828 3344 quam
840 3256 928 3323 vobis
939 3253 961 3321 '.
976 3283 990 3316 s

288 3369 341 3439 lV.
365 3369 471 3436 Unum
485 3379 518 3434 et
530 3365 616 3432 idem
629 3386 704 3432 oum
716 3387 841 3456 semper
852 3366 892 3432 sit
902 3365 1046 3433 Verbum
1057 3365 1133 3440 Deir
1148 3363 1243 3433 creden·

242 3484 329 3553 tibus
339 3480 469 3571 quidem
478 3477 508 3544 ei
518 3476 639 3544 iontem
648 3497 738 3564 aquae
749 3475 781 3542 in
791 3475 888 3542 vitam
897 3485 1049 3543 aeternam
1058 3475 1149 3552 dans.
1159 3473 1243 3541 inirac-

246 3608 370 3680 tuosam
384 3611 459 3656 raro
474 3585 527 3654 liei
542 3586 689 3652 arborem
701 3583 874 3654 arefaciens
885 3585 1012 3654 statim:
1031 3598 1064 3652 et
1079 3583 1243 3675 temporibus

244 3701 311 3774 Noe
326 3698 481 3766 diluvium
500 3694 666 3771 inducens.
684 3694 730 3760 uti
748 3694 961 3785 exstingueret
977 3697 1150 3785 pessimum
1172 3713 1243 3784 genu

276 3855 285 3887 ¹
300 3853 363 3902 bur.
378 3865 431 3904 aar.
447 3848 489 3908 bt,
500 3849 581 3898 35.-
591 3846 602 3880 ²
614 3849 677 3896 buc.
688 3864 734 3906 ιιι,
745 3847 787 3906 55,
801 3846 842 3898 bd.
854 3876 885 3890 -·
897 3847 907 3885 ⁸
924 3850 989 3900 buc.
1001 3865 1063 3908 ιιιι,
1077 3849 1107 3900 ad
1116 3855 1212 3910 ataeqq.
1226 3865 1243 3875 -

240 3937 355 3990 tuerit.
371 3949 439 3994 sarr,
452 3933 493 3993 ta.
506 3933 557 3971 -l
571 3932 661 3982 blattb.
675 3948 712 3993 n,
727 3933 766 3991 at,
778 3931 816 3992 st.
