2646 4628
401 307 523 352 conrns
548 305 698 350 nnsnsns.
1003 283 1066 362 nli

32 430 115 495 rent,
132 417 217 486 velut
233 417 275 484 nd
293 416 457 486 hominem
479 414 628 506 singulari
645 413 783 504 quodum
801 414 933 480 scientia
951 414 1068 504 prudi-

31 539 113 604 tum‚
132 529 259 616 vimque
280 527 452 597 maximnm
470 528 510 592 nb
528 527 565 592 iis
588 524 666 592 locis
683 525 738 615 qui
755 547 817 592 neo
835 523 938 591 oeulis
963 525 1070 602 corni,

30 661 90 706 nec
112 637 176 704 ullo
196 638 325 704 nomine
344 636 479 726 exprimi
499 648 645 725 possunt,
667 645 877 704 consecutum
902 655 1069 721 crureque

28 771 260 837 praecursorem
280 747 467 816 Antichristi
485 769 520 812 se
542 745 698 836 praestitit.
718 743 860 812 Anaxilni
878 745 965 810 enim
982 742 1067 809 ludi-

28 879 83 924 crn
105 879 179 922 mun
203 877 371 944 magorum
398 853 462 941 (sic
481 855 569 920 enim
587 852 807 944 appellantur)
826 853 963 920 versutie
986 875 1063 920 oon·

26 965 176 1054 jungens,
197 963 331 1032 mir-ilion
343 962 489 1052 quondum
500 963 596 1028 odoro
612 974 771 1028 censetur.

71 1069 188 1138 Pocula
200 1071 274 1138 vino
292 1071 389 1138 mixto
405 1069 529 1158 lingens
547 1093 581 1135 se
602 1091 804 1146 consecrare,
821 1081 918 1156 utque
935 1072 1067 1136 invoce-

26 1181 122 1250 tionis
144 1181 241 1250 verim
261 1182 295 1248 in
316 1179 441 1270 longius
458 1179 666 1269 protendens.
687 1179 785 1246 efficit
801 1191 837 1244 ut
856 1197 1014 1270 purpurea
1033 1195 1067 1248 et

26 1291 204 1360 rubicundo
217 1303 403 1381 nppnrennt,
419 1290 679 1377 existimeturquo
694 1289 819 1366 Gratis,
832 1291 874 1354 nb
885 1291 923 1355 iis
934 1309 1005 1379 qoae
1017 1315 1071 1356 su..

9 1424 85 1490 ¹pru
100 1402 209 1470 omniu
222 1413 309 1476 sunt,
325 1399 511 1488 sanguinem
530 1421 625 1488 suum
644 1421 703 1487 per
719 1399 816 1488 ipsius
834 1399 1067 1476 invocationem

24 1513 61 1578 in
81 1509 234 1600 poculum
256 1509 335 1578 illud
353 1508 490 1583 stillnret
505 1510 706 1600 sentiuntque
722 1510 744 1574 ii
760 1509 815 1596 qui
830 1507 959 1584 ndsunt,
971 1531 1011 1574 ex
1030 1531 1069 1577 eu

9 1621 158 1710 'potione
172 1633 312 1710 gutture,
327 1634 364 1686 ut
378 1620 475 1686 etism
491 1620 524 1686 in
540 1619 624 1709 ipsos
635 1619 746 1685 Gratis
756 1643 807 1694 cu,
823 1639 894 1706 quse
910 1641 969 1707 por
979 1619 1067 1694 hune

9 1703 155 1818 smagunt
166 1731 371 1822 predicetur,
380 1727 504 1796 inllunt.
514 1727 636 1795 Rursus
647 1726 833 1794 mulieribus
847 1727 961 1817 poculo
975 1728 1066 1794 miste

21 1841 201 1930 porrigens,
227 1841 310 1929 ipsus
324 1839 469 1904 ndstsnte
485 1859 520 1904 sn
538 1859 727 1904 consecrare
746 1838 847 1925 jubet.
868 1837 965 1917 Quod
990 1859 1066 1906 oum

22 1951 146 2016 lactum
162 1950 269 2026 suerit,
288 1951 358 2038 ipse
371 1947 458 2014 eliud
476 1946 642 2036 poculum,
661 1947 754 2038 longe
770 1949 874 2035 majus
893 1971 932 2014 eo
949 1949 1067 2038 quodu

24 2055 218 2126 muliercula
238 2057 369 2124 seducto
387 2064 609 2124 consecratum
627 2069 688 2131 est.
708 2057 884 2145 proferens,
908 2069 1005 2146 utque
1027 2082 1067 2124 ex

22 2171 150 2238 minore
164 2167 235 2246 illo,
251 2193 269 2236 u
285 2167 420 2236 muliero
435 2181 635 2245 consecrato,
653 2169 687 2234 in
705 2169 738 2238 id
750 2169 865 2256 quoda
884 2193 921 2236 so
935 2169 1068 2238 allatum

21 2292 85 2356 est,
102 2277 340 2356 transfundens,
352 2302 391 2347 no
405 2277 499 2346 simul
511 2279 580 2346 haee
590 2280 687 2345 verbu
700 2280 896 2369 subjungens
911 2304 918 2345 ι
933 2279 1065 2348 «Gratis

22 2418 37 2458 u
54 2414 105 2466 ea,
121 2413 192 2478 qum
207 2413 302 2478 supra
317 2389 424 2455 omnia
440 2401 501 2464 est,
514 2388 804 2477 cogitetionomque
815 2411 945 2454 omnem
957 2399 990 2455 et
1002 2413 1067 2454 ser«

22 2529 38 2560 ι
54 2499 525 2594 ωοιιεωοιοοάἰικίηιοτὶοωω
537 2510 629 2566 tuum
641 2499 804 2565 hominem
816 2499 959 2590 implent,
969 2511 1066 2589 utque

20 2639 36 2672 »
54 2608 615 2698 inspersointerrnmlsonnmsinnpis
626 2609 962 2697 grano‚oognitionem
974 2631 1065 2674 sunm

17 2747 33 2780 ι
50 2720 83 2784 in
100 2727 132 2784 to
146 2717 339 2808 amplificetz
351 2743 365 2780 ι
378 2717 503 2808 nlinque
518 2715 671 2784 nonnulle
687 2718 743 2806 huj
749 2719 872 2784 u'smodi
885 2719 981 2782 verbu
993 2741 1067 2807 pro·

19 2828 184 2900 nuntium.
194 2827 311 2916 quibus
322 2827 471 2892 miserum
482 2824 570 2892 illnm
582 2824 668 2892 velut
679 2837 776 2890 oestro
785 2825 925 2914 quodum
937 2827 1063 2916 pungit,

16 2953 92 3004 tum
108 2937 239 3004 demum
257 2935 494 3025 prestigiatoris
509 2933 649 3004 hominis
670 2935 832 3024 specimen
846 2934 927 3011 edit,
948 2957 1067 3025 magno

15 3046 169 3116 videlieet
184 3044 301 3134 poculo
316 3069 357 3110 ex
371 3065 469 3132 porro
484 3065 585 3130 usque
601 3041 681 3108 ndeo
696 3041 841 3131 imrilnto,
858 3045 1001 3112 utotium
1017 3069 1065 3111 re·

15 3158 155 3226 dundet.
175 3156 279 3243 Atque
297 3153 358 3220 ulio
374 3153 521 3243 quaednm
541 3151 716 3223 consimilia
736 3153 868 3230 lnoiens,
887 3155 1064 3244 permultos

14 3266 144 3342 seiellit,
157 3287 196 3331 nc
211 3275 282 3353 post
294 3287 327 3330 se
338 3263 482 3330 obduxit
1018 3341 1026 3358 ,

67 3377 158 3458 Quin
166 3375 247 3441 illud
256 3398 383 3466 quoquo
395 3398 413 3439 o
425 3397 501 3440 vero
513 3397 578 3441 non
592 3373 758 3449 obhorret.
770 3374 891 3444 haltere
904 3398 978 3441 eum
996 3377 1063 3444 dse-

12 3511 151 3560 rnonem
162 3486 334 3576 quemdam
349 3505 552 3557 assessorem,
566 3483 659 3571 cujus
670 3506 766 3571 operu
784 3495 853 3548 tum
866 3483 933 3572 ipse
951 3487 1066 3552 votici-

15 3603 73 3668 nie
89 3599 186 3665 edere
201 3597 339 3668 ridetur,
356 3606 425 3660 tum
441 3593 538 3660 etium
552 3591 651 3658 ellicit
664 3604 699 3656 ut
716 3615 761 3660 eze
780 3613 891 3659 omnes
914 3587 992 3682 irum
1010 3596 1043 3662 di

14 3732 99 3802 gnus
117 3718 227 3776 conset
242 3704 358 3794 quibus
373 3701 507 3792 gretiam
523 3723 613 3768 suem
628 3701 803 3790 impertiat,
823 3703 1060 3772 vaticinentur:

12 3819 222 3912 potissimum
235 3815 322 3882 enim
342 3814 427 3881 circu
444 3809 594 3880 mulieres
613 3811 755 3878 studium
772 3834 866 3878 suum
882 3825 1063 3904 stuporum

15 3929 191 4022 impendit,
216 3949 333 4018 eosque
353 3923 530 4016 presertim
549 3945 619 4013 quse
638 3921 908 4014 eleganter‘cultae
928 3937 1002 3996 sunt
1020 3951 1065 3998 oo
