2648 4634
239 290 302 370 lle
558 311 808 360 sursumsunt
833 313 894 360 un.
920 313 955 358 iv

236 428 284 484 tes
296 415 543 486 illuminenture
562 417 692 488 lumine.
708 417 763 488 Sic
778 432 812 488 et
828 422 964 489 servitus
983 439 1057 509 erge
1072 417 1175 496 ileum,
1187 419 1236 490 lieo

239 525 369 613 quidem
385 524 463 592 nihil
476 538 615 614 prostat,
629 549 691 596 nec
705 551 786 617 opus
801 541 849 594 est
863 528 930 596 Deo
946 529 1089 596 humano
1102 529 1236 617 eloquio:

239 635 307 722 ipse
317 647 426 702 eutem
433 636 676 722 sequentibuset
684 637 893 706 servientibus
901 633 929 706 ei
939 639 1053 714 utam,
1066 649 1097 706 et
1108 639 1240 726 incomrp

240 744 354 821 telem,
373 757 406 811 et
418 743 552 834 gloriam
567 758 721 814 aeternem
735 749 895 824 attribuit,
910 745 1109 817 heneficium
1125 758 1241 836 prestun

240 853 446 920 servientibus
462 853 521 921 sibi
538 857 579 920 ob
598 856 630 923 id
649 857 734 944 quod
752 858 905 934 serviunt,
917 870 951 924 et
966 857 1166 945 seqtrentibus
1178 856 1243 922 olid

166 955 173 974 '
240 957 326 1046 quod
347 963 540 1046 sequuntur}
563 961 620 1027 sod
642 983 706 1028 non
727 960 921 1030 beneficium
941 963 986 1028 eh
1006 962 1054 1028 eis
1072 961 1241 1051 percipiens:

242 1077 289 1136 est
303 1065 388 1132 enim
408 1068 699 1158 discoperientes,
720 1082 753 1135 et
769 1071 837 1137 sine
855 1070 1043 1161 indigentie.
1065 1069 1186 1158 Propter
1202 1068 1243 1134 hoo

242 1187 349 1242 eutem
358 1179 498 1265 exquirit
510 1179 596 1246 Deus
608 1180 648 1246 nb
660 1179 843 1250 hominibus
855 1181 1058 1256 servitutem,
1072 1190 1118 1254 ut,
1129 1177 1242 1266 quonian

241 1297 288 1352 est
304 1281 408 1352 bonus
424 1298 458 1353 et
473 1287 664 1364 misericors,
681 1288 860 1358 benefaciat
877 1289 922 1356 eis
945 1289 1003 1376 qui
1027 1287 1243 1377 perseverantie

240 1395 391 1460 servitute
406 1395 486 1484 ejus.
506 1395 543 1462 ln
558 1408 713 1484 quantum
728 1397 814 1464 enim
829 1396 914 1464 Deus
935 1395 1058 1466 nullius
1078 1395 1211 1484 indigens,
1221 1395 1240 1458 ir

243 1514 369 1569 tentum
391 1502 488 1570 homo
508 1504 625 1594 indiget
642 1503 702 1572 Dei
717 1505 953 1574 communione.
983 1507 1063 1574 Haeo
1076 1505 1156 1572 enim
1173 1501 1241 1592 gloria

242 1613 395 1692 hominis,
418 1621 620 1704 perseverare
648 1639 687 1684 sc
708 1637 895 1706 permonere
915 1618 949 1684 in
970 1618 1032 1684 Dei
1058 1617 1197 1684 servitute
1215 1613 1240 1680 u

244 1737 375 1815 propter
391 1725 453 1792 hoo
468 1726 595 1794 dioclet
609 1726 772 1815 discipulis
786 1729 964 1794 Dominus:
980 1755 994 1789 ι
1009 1728 1082 1796 Non
1093 1720 1241 1792 vosmcele-

243 1831 368 1920 egistis,
385 1833 442 1900 sed
457 1855 516 1923 ego
532 1833 612 1923 elegi
627 1856 682 1900 voe
693 1833 724 1910 ¹3
740 1835 956 1924 rsignificnns,
975 1836 1126 1924 quonism
1139 1856 1190 1898 non
1200 1829 1237 1918 ipsi

243 1934 465 2026 glorificabunt
480 1960 568 2014 eum,
584 1949 752 2026 soquentes
767 1961 857 2015 eume
876 1941 933 2006 sed
947 1941 984 2006 in
1003 1963 1044 2006 oo
1063 1938 1143 2028 quod
1158 1956 1236 2022 seper

245 2056 355 2112 rentur
369 2044 487 2113 Filium
497 2047 569 2121 Dei.
582 2045 841 2136 glorificabuntur
853 2049 892 2114 eb
904 2072 953 2114 eo.
967 2050 1014 2114 Et
1025 2049 1136 2113 iterum
1149 2040 1234 2108 :siole

244 2182 257 2216 ι
273 2166 308 2220 ut
319 2156 530 2245 uhiegosum,
540 2155 583 2222 ibi
593 2153 750 2232 ethisint‚
761 2155 1115 2224 utvidenntclnritetem
1122 2148 1231 2220 merul·

247 2285 311 2330 uon
327 2287 408 2330 vene
422 2262 560 2354 glorians
576 2287 671 2354 super
685 2266 760 2342 hoc,
775 2265 831 2330 sed
845 2264 979 2355 glorium
996 2289 1087 2338 suem
1101 2256 1235 2354 participari

247 2371 353 2440 volens
368 2372 528 2462 discipulis
545 2375 622 2450 suis,
636 2375 677 2441 de
692 2376 807 2464 quihus
818 2388 852 2442 et
865 2377 972 2444 Esaiae
987 2379 1034 2444 eit
1047 2401 1056 2442 ε
1069 2401 1081 2436 r
1094 2375 1138 2442 Ab
1149 2369 1231 2438 eriere

247 2511 260 2545 s
274 2482 431 2549 attraham
453 2505 562 2549 semen
585 2494 692 2560 tuum,
708 2495 740 2551 et
753 2485 794 2551 sb
807 2463 925 2552 occasu
942 2485 1093 2576 colligam
1106 2495 1134 2548 te
1148 2505 1154 2546 ι
1166 2491 1190 2544 ct
1199 2475 1232 2540 di·

247 2622 259 2655 r
276 2615 348 2662 cem
360 2593 520 2686 Aquiloni,
533 2594 664 2668 Adduct
679 2607 712 2661 et
723 2596 854 2672 Austro,
867 2595 937 2664 Noli
948 2597 1137 2687 prohibere:
1148 2585 1231 2656 strue

246 2701 357 2770 »lilios
373 2727 461 2771 meos
479 2705 519 2772 de
537 2702 724 2793 longinquo,
746 2717 779 2770 et
799 2704 879 2772 filies
899 2727 987 2772 mess
1010 2729 1029 2772 n
1050 2696 1233 2770 summitatibus

245 2826 379 2892 sturm,
399 2836 509 2880 omnes
532 2825 690 2902 quotquot
713 2815 815 2882 voceti
837 2826 912 2882 sunt
932 2816 966 2881 in
986 2816 1114 2882 nomine
1130 2803 1234 2876 meoli

246 2920 370 3012 »glorie
385 2922 471 2990 enim
486 2945 556 2989 mee
577 2924 814 3012 praepararint
834 2923 980 3000 formeri,
1004 2936 1039 2991 et
1054 2922 1110 2990 leci
1129 2914 1229 2986 eum'·²

246 3034 316 3100 lloo
331 3032 416 3108 ideo,
431 3031 606 3118 quoniam«
621 3033 817 3122 ubicumque
831 3046 880 3099 est
894 3033 1043 3110 cednver,
1060 3030 1129 3099 illuc
1141 3043 1233 3110 mugit·

130 3201 139 3221 ,
247 3143 435 3231 urgebuntur
449 3150 481 3204 et
496 3139 609 3229 equilae
619 3139 644 3216 ⁶,
661 3171 674 3202 ι
690 3141 915 3231 participantes
930 3139 1040 3232 glories
1053 3135 1185 3209 Domini:
1198 3124 1232 3213 qui

247 3262 279 3317 et
294 3249 454 3326 lormevit,
470 3259 503 3316 et
517 3249 558 3316 nd
574 3249 637 3316 hoc
651 3251 837 3340 prosperavit
851 3275 923 3329 nos,
941 3264 978 3318 ut
993 3252 1071 3318 dum
1084 3255 1234 3316 summoum
1283 3247 1284 3305 i

246 3383 298 3438 co,
314 3361 539 3451 participemus
554 3359 661 3452 glories
675 3361 704 3449 ej
710 3384 755 3428 us.

291 3471 332 3536 ΙΙ.
360 3471 414 3538 Sic
436 3482 468 3536 et
488 3468 574 3536 Deus
595 3472 635 3536 eb
664 3470 754 3537 initio
780 3469 943 3538 hominem
958 3463 1091 3560 ¹quidem
1111 3451 1234 3554 plasmati!
1283 3458 1284 3519 l

247 3592 378 3672 propter
393 3603 483 3647 suum
498 3579 767 3654 munificentiems
782 3579 980 3648 Patrierches
997 3603 1068 3648 vcro
1081 3570 1232 3661 elegilpffll
1283 3626 1284 3693 p

249 3704 298 3758 tor
313 3689 440 3758 illorum
464 3690 615 3765 sulutem
635 3690 790 3782 populum
810 3715 886 3758 vero
906 3689 1129 3782 pretor-metet,
1147 3677 1232 3744 ³⁰⁰³&

281 3839 375 3889 ηοω·
387 3857 430 3899 ¹Vr
447 3843 482 3892 ¹5·
494 3871 524 3882 ···
535 3841 545 3877 ²
556 3845 628 3893 5⁰⁰⁰·
643 3859 704 3902 ΠΗ,
717 3841 753 3900 sd·
767 3870 798 3880 -
807 3841 817 3876 ⁸
827 3843 893 3892 Erat.
905 3859 974 3898 ιιιιι,
985 3843 998 3889 5
1008 3849 1140 3901 οὶκςφ·*
1149 3825 1156 3856 ¹
1166 3814 1230 3874 mul·

246 3941 315 3984 xxiv,
331 3927 368 3974 ²8.
