2772 4620
267 211 328 274 28⁰
562 233 673 277 ssscrr
694 235 814 277 susrrsr
837 235 988 278 usarrars

263 335 326 402 boc
336 337 450 402 ductus
460 339 658 426 argumento,
675 340 760 427 quod
774 353 923 416 mortam,
937 365 1008 428 quae
1024 343 1158 408 videtur
1173 343 1308 432 lugien-

262 445 315 520 da,
332 459 582 510 contemnamus.
924 450 927 456 '

304 552 378 618 ΧΠ.
398 552 477 618 Nam
492 566 525 617 ct
540 555 606 641 ipsc
620 577 691 642 ago,
708 577 782 620 cnm
793 554 930 624 Platonis
941 557 1085 623 doctrina
1097 558 1301 631 delectarer,

262 683 301 726 ac
314 659 354 725 dc
368 661 554 726 criminibus
565 663 597 726 in
613 661 807 728 Christianos
822 666 976 751 conjuctis
990 665 1154 740 audirem,
1172 689 1234 730 cos
1247 691 1301 730 au-

262 784 326 835 tem
341 770 381 834 sd
396 782 532 838 mortem
547 784 580 834 ct
601 771 642 835 sd
664 771 723 836 alia
739 772 845 836 omnia
858 795 930 860 quac
943 773 1092 838 ridentur
1103 775 1297 844 metuenda.

214 903 227 918 ·
261 879 434 966 impavidos
445 901 631 952 cornorum¹
644 879 713 946 liori
724 903 788 945 non
800 903 892 970 posse
907 879 1125 970 intelligebam
1139 893 1178 946 ut
1191 883 1300 950 innc-

261 986 357 1072 quitia
368 999 401 1051 ct
412 988 444 1051 in
456 987 653 1076 voluptatum
665 1011 772 1054 amora
783 990 933 1054 viverent.
954 987 1034 1068 Quis
1044 989 1135 1054 onim
1147 989 1297 1070 libidino-

260 1115 311 1156 sus
329 1105 361 1156 ct
377 1093 602 1182 intomperans,
617 1118 656 1160 ac
670 1095 816 1160 bumanac
832 1096 936 1160 carnis
950 1094 1057 1183 epulas
1072 1097 1106 1162 in
1123 1099 1226 1163 bonis
1238 1122 1295 1162 nu·

259 1221 397 1274 morans,
415 1213 552 1266 mortem
568 1199 716 1289 amplecti
734 1201 845 1290 possit,
866 1213 900 1266 nt
918 1203 1010 1268 bonis
1029 1203 1094 1266 suis
1111 1215 1238 1278 careat,
1257 1227 1292 1269 ac

259 1331 323 1373 non
338 1310 443 1395 potius
454 1310 584 1374 omnino
598 1311 631 1374 in
646 1310 708 1376 bac
721 1311 782 1375 vita
797 1333 922 1398 scmpcr
934 1311 1061 1386 versari,
1076 1323 1111 1374 ct
1121 1313 1289 1400 magistra-

258 1429 309 1482 tus
323 1414 418 1482 lstcrc
431 1429 577 1492 conatur,
594 1418 713 1484 nedum
728 1420 866 1507 scipsum
879 1418 1001 1483 delerat
1012 1431 1118 1484 morto
1132 1419 1289 1485 damnan-

259 1525 358 1590 dum?
369 1528 416 1592 Ac
427 1550 596 1615 pravorum
608 1527 737 1614 quidem
749 1528 929 1594 daemonum
943 1527 1080 1616 impulsu
1097 1529 1165 1615 jam
1180 1529 1287 1595 nefarii

257 1637 386 1724 quidam
400 1637 544 1702 hominos
558 1637 621 1703 hoc
635 1637 756 1702 lacinus
768 1637 907 1702 edidere.
923 1637 1005 1701 Cum
1018 1637 1106 1702 enim
1118 1637 1285 1704 nonnullos

258 1744 440 1810 occidcrcnt
455 1745 496 1809 ob
508 1743 611 1809 allicta
624 1743 675 1809 illa
686 1744 778 1810 nobis
789 1743 934 1818 crimina,
950 1757 1126 1831 rapuerunt
1139 1747 1237 1810 otiam
1246 1745 1283 1809 sd

185 1877 188 1882 ·
257 1865 416 1918 tormenta
431 1866 613 1918 nostrorum
628 1875 746 1926 servos,
761 1851 876 1940 partim
887 1873 1015 1939 pucros,
1033 1852 1151 1940 partim
1161 1851 1284 1918 mulier

258 1955 357 2032 culus,
374 1979 412 2022 ac
426 1957 590 2022 horrendis
608 1957 799 2023 cruciatibus
815 1955 954 2022 sabulosa
974 1955 1028 2022 illa
1047 1957 1203 2033 facinora,
1219 1981 1286 2046 quae

257 2066 361 2154 palam
381 2077 413 2130 ct
431 2077 538 2153 aperta
553 2066 612 2154 ipsi
627 2075 822 2153 perpetrant,
842 2063 984 2152 proferro
999 2079 1184 2153 cocgcnmt.
1210 2065 1284 2143 Qus

257 2172 386 2260 quidam
407 2174 480 2260 quia
495 2197 513 2238 a
531 2175 622 2239 nobis
638 2171 738 2238 aliena
754 2185 841 2248 sunt,
860 2195 972 2260 parurn
990 2170 1190 2245 laboramus;
1213 2195 1283 2238 cum

257 2283 433 2369 ingenitum
452 2303 490 2346 ac
508 2304 572 2347 non
592 2283 801 2352 cnarrabilem
820 2283 923 2348 Deum
942 2283 1170 2370 cogitationum
1189 2295 1222 2348 ct
1236 2305 1285 2347 ac-

256 2390 378 2453 tionum
403 2397 515 2452 testam
536 2388 720 2454 babeamus.
745 2388 831 2468 Quid
849 2389 934 2453 enim
953 2409 1058 2454 causae
1074 2402 1123 2454 ost
1142 2413 1203 2454 cur
1221 2411 1283 2456 non

257 2493 352 2558 otiam
367 2491 494 2581 publica
505 2492 711 2580 profiteamur
722 2493 791 2558 baec
805 2506 892 2558 racto
907 2493 990 2568 liari,
1006 2515 1045 2558 ac
1059 2492 1194 2562 dirian
1208 2493 1284 2579 pbi-

257 2601 433 2690 losophiam
454 2623 521 2667 csso
544 2601 811 2674 demonstramus
837 2601 965 2674 Saturni
987 2600 1163 2688 mysterius
1180 2601 1277 2662 nobis

257 2710 363 2798 peragi
379 2709 534 2783 dicentes,
552 2731 626 2775 cum
641 2709 803 2775 hominem
818 2731 988 2784 necamus3
1008 2732 1042 2774 ac
1055 2707 1126 2772 dum
1140 2705 1273 2793 sangui-

257 2842 309 2893 nc,
327 2829 362 2881 ut
377 2817 471 2905 vulgo
487 2817 609 2890 dicunt,
626 2815 808 2903 implemur,
827 2821 1047 2884 caercmoniam
1058 2837 1121 2880 csso
1134 2812 1271 2880 similem

257 2938 367 2990 vostrae
387 2927 420 2989 in
441 2923 520 2989 illud
535 2923 739 2989 simulacrum
758 2921 915 3011 religioni,
937 2923 1024 3010 quod
1041 2944 1102 2988 non
1119 2920 1276 3007 pecudum

257 3032 372 3108 solum,
394 3033 449 3098 sed
469 3033 635 3098 bominum
653 3031 748 3095 ctiam
769 3031 920 3118 sanguino
940 3028 1096 3118 proluitis,
1117 3027 1283 3092 bominum

258 3142 436 3208 occisorum
457 3140 641 3227 sanguinem
661 3137 833 3204 clarissimo
853 3137 938 3226 apud
958 3161 1013 3204 vos
1034 3149 1068 3202 et
1090 3134 1284 3202 nobilissimo

257 3251 325 3316 viro
340 3249 473 3318 libantc;
491 3247 577 3312 lovis
592 3259 699 3311 cutem
714 3259 747 3312 et
762 3247 896 3313 aliorum
912 3247 1086 3311 imitatores
1105 3267 1192 3318 esso,
1210 3244 1284 3310 dum

257 3361 290 3424 in
305 3379 477 3446 puerorum
493 3357 608 3442 stupris
626 3367 658 3418 ot
676 3356 857 3442 promiscuo
875 3376 950 3420 curn
964 3351 1152 3421 mulieribus
1167 3375 1285 3418 concu-

257 3468 327 3540 bitu
343 3465 538 3534 volutamur;
557 3486 597 3526 cx
613 3464 739 3552 Epicuri
755 3464 850 3528 ctiam
865 3476 898 3527 ct
912 3473 1078 3551 poctarum
1096 3462 1223 3549 scriptis
1237 3484 1286 3547 pa·

258 3575 428 3638 trocinium
444 3571 610 3662 patentes?
625 3570 688 3635 Sed
699 3573 770 3660 quia
783 3585 816 3637 et
831 3571 932 3638 nb'bis
942 3569 1095 3636 institutis
1111 3582 1144 3633 at
1155 3571 1197 3634 ab
1209 3570 1287 3656 ojus

260 3679 345 3745 modi
368 3679 543 3744 facinorum
568 3679 749 3745 auctoribus
775 3691 807 3744 ct
829 3678 1040 3744 imitatoribus
1065 3673 1287 3763 refugiendum

261 3785 440 3860 suademus,
454 3787 486 3850 id
498 3786 584 3872 quod
595 3787 769 3851 etiamnum
780 3786 841 3852 hac
852 3787 884 3852 in
895 3785 1038 3850 oratione
1046 3781 1286 3851 contendimust
