2630 4614
284 315 404 360 consus
428 314 549 360 GBAECOS
572 315 696 358 obtuto.
955 314 993 380 29

10 422 143 488 iseordes
154 443 227 490 oum
238 422 448 488 concordibus
462 420 615 510 pugnatis.
630 419 686 486 Est
697 419 750 508 qui
765 417 867 488 Deum
881 440 995 508 eorpus

9 557 58 596 sse
78 531 168 608 diost,
191 553 250 620 ego
272 531 509 618 incorporeum
535 527 689 594 mundum
706 551 774 594 esse
797 526 997 595 indissolubi-

12 663 66 716 m,
78 663 132 728 ego
150 637 381 706 dissolvendum
387 662 396 711 t
415 635 689 725 conflagrationem
701 637 790 704 variis
805 637 998 726 temporibus

8 746 132 821 tenire,
159 768 217 834 ego
240 743 335 810 semel
357 756 554 816 eventuram
581 742 701 831 judiees
721 766 788 809 esse
806 743 943 811 Minoem
967 756 1000 810 ot

10 852 274 926 hadamantbum,
289 873 347 940 ego
361 849 464 916 Deum
479 850 581 939 ipsum
586 873 596 924 ;
618 847 714 916 solam
726 852 861 917 animem
873 853 1001 918 immor-

7 959 108 1024 ditate
123 958 245 1034 donari,
267 980 325 1046 ego
340 979 468 1026 earnem
483 980 607 1046 quoque
624 979 697 1024 oum
712 959 822 1024 anime.
846 958 931 1038 Quid
945 983 999 1026 ros

7 1068 143 1143 edimus,
156 1089 175 1131 o
187 1065 302 1140 Graeci,
315 1076 369 1130 aut
383 1088 507 1131 eureos
521 1065 575 1153 qui
589 1063 729 1132 Verbum
743 1066 801 1130 Dei
816 1063 1000 1154 sequuntur,

6 1197 140 1262 mquam
151 1173 383 1242 scelestissimos
395 1171 525 1238 odistis?
537 1171 673 1239 Carnem
683 1173 853 1238 humanam
864 1197 927 1240 uon
938 1174 1003 1240 edi-

6 1309 79 1359 rus;
95 1283 160 1351 fulsi
175 1297 269 1352 testes
283 1284 369 1360 estis,
385 1285 438 1372 qui
452 1283 555 1350 edocti
569 1284 642 1348 ostis
653 1293 689 1349 ut
700 1282 732 1349 id
743 1283 896 1349 diceretis.
912 1284 1004 1372 Apud

5 1418 44 1460 os
59 1393 93 1458 fit
102 1393 211 1482 Pelops
222 1394 352 1460 deorum
364 1415 466 1468 omna,
480 1415 668 1480 quemquem
680 1413 697 1456 e
709 1391 856 1481 Neptuno
866 1408 1001 1468 amatum

5 1511 145 1566 aturnus
159 1499 239 1566 lilios
253 1500 395 1574 devorat3
416 1501 539 1588 Jupiter
553 1499 661 1566 Metim
675 1498 816 1588 deglutit.

28 1609 152 1676 XXVI.
161 1610 299 1676 Desinite
306 1609 423 1676 alienos
431 1633 590 1676 sermones
597 1608 683 1676 velut
697 1610 730 1676 in
738 1610 898 1699 triumpho
905 1623 1006 1678 osten·

13 1744 70 1796 re,
86 1732 119 1787 et
129 1719 214 1788 velut
226 1718 391 1809 gracculus
406 1720 516 1808 pennis
529 1720 633 1787 ornari
644 1722 834 1786 nouvestris.
852 1720 1006 1809 Unaquae-

9 1853 53 1894 re
69 1830 176 1895 civitas
192 1829 217 1893 si
228 1829 387 1917 propriam
399 1852 417 1894 a
427 1828 515 1893 vobis
526 1828 698 1896 dictionem
709 1830 876 1916 repetitum
890 1831 1004 1908 veniat,

9 1950 94 2002 {stra
106 1959 160 2002 vos
172 1935 320 2002 deficient
330 1936 530 2025 sophismate.
541 1936 626 2002 Dum
636 1937 772 2024 quaeritis
778 1937 853 2025 quid
860 1938 900 2004 sit
908 1939 1005 2016 Deus,

2 2043 70 2108 'rid
82 2043 113 2107 in
126 2043 213 2108 robis
225 2054 335 2131 agatur
345 2043 506 2131 ignoratis,
519 2043 594 2110 etin
606 2042 849 2112 eoelumbiantes
861 2047 893 2114 in
903 2047 1007 2116 loreas

12 2151 147 2218 eciditis.
166 2149 290 2218 Similes
302 2161 374 2216 sunt
390 2149 573 2238 labyrinthis
589 2149 741 2218 librorum
752 2165 924 2222 vestrorum
935 2180 1009 2245 per·

12 2260 207 2335 notationes,
222 2270 255 2324 et
270 2259 324 2348 qui
335 2281 388 2324 eos
400 2256 509 2348 legunt
522 2259 700 2326 Danaidum
715 2259 808 2327 dolio.
829 2263 913 2342 Quid
931 2266 1008 2332 mihi

5 2359 116 2458 ³mpus
131 2369 280 2445 dividitis,
298 2367 383 2436 aliud
401 2369 530 2457 quidem
546 2371 738 2457 praeteritum
756 2371 906 2449 dieentes,
922 2373 1007 2441 aliud

1 2465 233 2554 ¹‘'aesensmliud
243 2476 408 2544 futurum?
420 2477 587 2556 Quomodo
598 2477 684 2544 enim
695 2477 835 2546 futurum
847 2480 928 2548 elabi
939 2507 1008 2572 pos-

1 2611 37 2666 ·;,
58 2590 86 2654 si
100 2611 236 2678 praesens
252 2587 349 2654 adest.
368 2587 432 2654 Sed
446 2587 712 2675 quemadmodum
731 2590 910 2680 navigantes
928 2616 1010 2681 prae-

1 2698 165 2766 ·rlabente
185 2721 264 2766 nave
278 2709 391 2786 putant
408 2720 472 2786 prae
487 2697 643 2785 imperitia
658 2709 780 2766 montes
796 2723 923 2765 currere
932 2725 941 2774 t
965 2702 1007 2766 ita
1068 2779 1070 2786 Α

28 2831 93 2875 vos
109 2831 172 2874 non
187 2807 361 2896 perspicitis
376 2830 429 2874 vos
441 2807 570 2896 quidem
584 2818 948 2895 praemrcurmm,zevum
959 2832 1012 2876 au-

5 2943 53 2986 m
65 2930 162 2992 stare,
172 2917 322 3006 quamdiu
335 2914 412 2982 illud
424 2939 491 2982 esse
502 2915 636 2981 voluerit
647 2916 702 3002 qui
712 2916 837 2982 creavit.
853 2916 920 2982 Gur
929 2919 1013 2985 enim

9 3053 62 3096 en
75 3050 235 3116 exponens
249 3027 389 3100 incusor,
402 3037 435 3089 et
446 3047 504 3090 eur
515 3047 584 3090 mea
597 3025 701 3089 omnia
713 3036 852 3091 evertere
863 3026 1014 3094 studetis?

4 3158 109 3204 onne
125 3135 210 3200 enim
224 3132 314 3199 simili
330 3156 368 3199 eo
381 3155 439 3198 nos
453 3132 549 3198 modo
566 3133 632 3198 neti
646 3132 731 3208 estis,
747 3134 1014 3222 ejusdemmundi

1 3241 273 3314 lministrationis
288 3239 475 3329 participes?
498 3239 563 3304 Cur
581 3240 763 3329 sapientiam
780 3243 865 3330 apud
879 3267 933 3310 vos
948 3267 1015 3312 esse

13 3355 78 3422 los
98 3351 215 3426 dicitis,
235 3373 308 3416 eum
324 3371 384 3414 neo
401 3347 497 3414 alium
515 3348 624 3424 solem,
641 3372 701 3416 neo
715 3349 791 3417 alios
808 3353 944 3420 siderum
963 3341 1030 3422 or·'

10 3487 53 3537 s,
75 3481 139 3526 neo
154 3457 388 3547 generationem
407 3457 667 3545 prestantiorem,
683 3481 742 3525 neo
756 3472 890 3526 mortem
904 3475 1017 3551 praeter

28 3581 126 3638 aeros
138 3566 281 3632 homines
296 3566 442 3632 eximiam
459 3566 621 3634 babeatis?
635 3568 763 3635 Initium
777 3571 914 3659 nugandi
929 3575 1015 3641 vobis

1 3701 81 3750 ere
95 3676 306 3766 grammatici,
322 3688 354 3740 et
365 3677 417 3764 qui
430 3676 616 3764 sapientiam
627 3676 800 3752 dividitis,n
814 3699 883 3744 vera
898 3682 1015 3769 sepien-

0 3827 1 3844 2
36 3785 178 3854 abscissi
188 3785 274 3860 estis,
292 3806 330 3849 ao
344 3784 483 3873 partium
499 3783 581 3852 illius
595 3785 721 3850 nomina
736 3785 915 3853 hominibus
930 3792 1014 3854 attri-

20 3897 115 3968 istis.
137 3895 183 3962 de
198 3896 300 3961 Deum
318 3894 446 3980 quidem
465 3894 633 3984 ignoretis:
652 3894 727 3958 dum
742 3909 847 3985 autem
862 3897 943 3962 inter
961 3920 1014 3963 ros
