2616 4620
277 292 318 336 tn
336 292 536 345 retentetur,
560 291 620 336 tto.
646 292 693 336 ill·

61 405 97 462 Ni
108 404 144 462 sit
153 413 289 462 statutum
302 403 450 481 premium
460 402 620 462 viventibus

61 499 220 558 Praescribit
232 511 263 556 ιιι
274 499 325 572 sas,
336 519 396 558 esse
409 499 479 576 quid
490 499 607 578 prodest
618 499 715 577 pium?

62 599 119 658 Sed
130 619 191 658 rem
201 619 261 658 esse
272 601 311 658 sic
323 601 385 656 sac:
401 617 475 677 saepe
487 598 537 656 sed
550 598 610 656 vidi
622 611 713 656 tamen

62 701 131 758 Illos
143 702 190 778 pie
201 719 294 758 tetum
306 700 355 776 qui
369 699 467 756 volunt
479 699 635 768 traducere,

63 797 113 855 Uti
124 797 201 856 haud
213 798 343 856 secundis
354 797 452 870 rebus,
466 811 494 854 et
507 798 557 874 qui
569 796 646 854 aliud
656 795 725 852 nihil

62 901 167 954 Praeter
179 896 311 956 lucellum
324 897 449 976 ipsisque
461 897 527 956 solis
538 897 609 954 utile

61 995 178 1065 Curant,
189 995 298 1053 honore
311 993 433 1070 fulgidos
447 1015 531 1072 quam
544 1014 595 1052 nos
609 994 695 1070 magis

60 1095 129 1150 Esse
140 1092 195 1151 hoc
208 1093 237 1150 in
250 1113 319 1152 aevo.
333 1095 458 1171 Longius
468 1093 518 1151 sed
532 1113 648 1150 cernere

61 1193 98 1247 Et
109 1193 265 1269 prestolari
276 1195 360 1252 linem
371 1206 485 1273 oportet
498 1195 633 1252 omnium.

61 1291 127 1346 Nou
138 1293 221 1365 euim,
233 1305 265 1350 ut
275 1293 393 1350 inhaeret
404 1291 534 1371 pluribus
547 1291 695 1362 sententia,

60 1385 190 1445 Nefanda
199 1407 326 1466 prorsus,
337 1391 498 1466 saeculoque
507 1389 625 1460 inutilis,

62 1478 172 1556 Injusso
184 1485 313 1561 quaedam
325 1490 413 1546 motio
426 1501 483 1558 est,
496 1500 525 1546 et
536 1473 629 1546 omnia

62 1585 210 1658 Reguntur
221 1597 253 1642 ut
266 1606 327 1645 sors
339 1589 403 1646 lert.
416 1587 529 1646 Habere
542 1588 618 1645 enim
631 1586 731 1644 volunt

60 1685 177 1740 Morum
187 1703 303 1742 suorum
316 1685 376 1744 haec
386 1685 511 1762 improbi
522 1685 685 1742 munimina,

61 1777 176 1837 Pietatis
188 1793 282 1838 autem
292 1794 320 1839 et
332 1783 481 1859 praemium
492 1794 534 1840 est
545 1779 701 1839 cultoribus
708 1804 716 1852 ;

63 1879 113 1932 Est
125 1889 153 1933 et
164 1879 296 1951 scelestis,
309 1891 340 1939 ut
355 1880 444 1952 decet,
458 1881 587 1958 punitio:

64 1976 112 2032 Nil
124 1978 241 2055 quippe,
254 1980 293 2037 nil
306 1981 337 2036 lit
348 1979 456 2057 absque
469 1980 654 2058 providentia.

17 2136 24 2190 t
44 2144 249 2215 quecumque
270 2127 322 2194 elii
343 2141 375 2193 et
394 2149 491 2218 prope
513 2131 642 2196 modum
662 2128 802 2217 plerique
822 2128 862 2193 de
879 2125 946 2192 Deo
964 2133 996 2190 et

16 2235 179 2300 evidentia
194 2236 312 2312 dixere,
328 2261 363 2302 eo
381 2262 475 2326 quam
491 2261 602 2326 perum
619 2240 700 2304 inter
714 2262 747 2302 se
764 2259 898 2303 ooueona
915 2235 996 2298 dixe·

16 2357 46 2408 ιιι
54 2345 88 2406 iu
96 2355 243 2430 promptu
253 2357 310 2409 est.
323 2345 383 2410 Alii
395 2347 479 2411 enim
489 2347 590 2411 Deum
597 2347 725 2410 omnino
732 2357 764 2409 et
771 2341 997 2430 providentiam

16 2450 191 2525 istulerunt,
207 2451 257 2516 alii
274 2449 376 2516 Deum
391 2475 458 2517 esse
481 2465 667 2528 statuerunt,
684 2465 715 2516 et
729 2450 921 2539 providentie
938 2471 999 2536 gu-

16 2559 112 2622 trnuri
127 2560 229 2624 omnia
241 2560 371 2625 confessi
384 2573 467 2626 sunt.
481 2560 631 2626 Prudenti
646 2562 741 2649 igitur
751 2559 884 2626 auditori
895 2569 926 2622 et
938 2555 998 2622 leo·

17 2668 42 2731 ri
66 2665 227 2754 diligenter
248 2668 508 2734 considerandum
530 2680 577 2734 est
596 2669 672 2756 quid
686 2692 705 2735 e
719 2691 844 2756 quoque
862 2666 996 2737 dicotur,

16 2775 250 2839 romadmodum
265 2776 308 2839 ait
326 2775 464 2862 Simylus
480 2801 488 2840 ε

63 2928 129 2981 Mos
140 2935 183 2981 est
193 2937 291 3002 poetas
302 2926 416 2982 nomine
428 2945 510 3001 aequo
524 2925 627 2995 dicere,

65 3023 173 3077 Natura
183 3021 272 3099 inepti
282 3022 342 3079 sive
356 3024 421 3094 sint,
435 3025 495 3081 sive
508 3024 616 3101 optimi.

65 3123 101 3170 Αι
110 3111 239 3188 judicare
251 3129 373 3194 oportet.

17 3253 262 3322 uomedmodum
273 3270 306 3322 et
320 3257 482 3326 Philemon
501 3283 509 3325 ε

66 3399 123 3453 Res
135 3408 177 3453 est
190 3398 317 3480 molesta,
331 3398 445 3476 ineptus
458 3399 571 3458 auditor
583 3401 702 3460 sedens:

66 3497 151 3554 Haud
162 3518 285 3574 namque
298 3500 394 3577 culpat
405 3500 496 3578 seipse
509 3521 569 3578 prae
580 3500 721 3558 vecordia.

16 3636 156 3706 ttendere
170 3637 265 3724 igitur
279 3648 403 3726 oportet
426 3650 458 3704 et
483 3637 680 3705 considerare
702 3638 778 3726 quid
797 3639 929 3712 dicutur,
950 3639 1001 3726 ju-

19 3749 72 3814 oio
88 3747 315 3834 expendentem
331 3769 400 3834 qute
415 3769 432 3812 a
447 3747 640 3837 philosophis
657 3760 690 3814 et
702 3748 800 3836 poetis
819 3747 899 3814 dicu
915 3760 998 3812 sunt.

29 3855 114 3920 Vlll.
136 3853 213 3920 Nom
228 3856 281 3942 qui
303 3869 418 3944 negent
437 3856 606 3934 demesso,
622 3879 730 3922 rursus
748 3855 946 3932 confitentur,
965 3879 1001 3921 oo
