2630 4614
331 295 350 357 a
700 320 835 362 aarum
861 319 973 361 assruu

329 428 470 494 omnium
481 429 736 496 absurdissimum
747 442 807 506 est,
819 429 974 495 dictiones
985 452 1047 515 quae
1059 427 1220 492 rohisahuesa.

328 549 400 602 sunt
415 538 446 602 in
458 538 558 628 pretio
570 537 703 614 hahetis,
716 549 747 603 at
758 539 901 605 barbaris
912 538 1062 602 interdum
1070 535 1162 601 rochus
1169 535 1218 597 uu

327 655 387 718 tes,
399 645 585 732 sartaginem
596 643 745 734 loquendi
756 644 897 734 linguam
908 659 1042 712 vestram
1051 644 1165 709 effecistis.
1176 643 1221 718 Qu

328 754 438 818 obrem
450 753 606 842 sapientie
617 766 726 820 vestrae
737 751 956 828 valediaimus,
970 751 1096 842 quamvis
1105 752 1129 815 in
1137 749 1223 836 harpa

326 859 492 948 praeclarus
511 863 639 927 omnino
660 874 693 926 et
713 871 870 950 spectatus
885 860 1001 948 aliquis
1015 883 1110 924 essem
1124 857 1185 928 lim,
1196 867 1223 917 att

328 969 474 1035 Comicus
490 993 498 1035 :

404 1100 578 1160 lnsructuusi
591 1101 650 1158 haee
662 1110 726 1158 sunt
737 1100 868 1176 Pampiui
880 1110 909 1156 et
919 1097 1090 1176 loquacitas,

403 1205 511 1258 Musaea
521 1200 707 1258 hirundinum
720 1221 728 1255 ε
742 1198 866 1256 inierunt
878 1199 1020 1256 damnum
1031 1195 1101 1252 haud
1109 1193 1156 1250 len

402 1301 439 1356 Er
452 1309 536 1376 turpe
546 1298 668 1357 clamant
679 1297 763 1376 hujus
776 1299 845 1356 artis
856 1317 988 1374 aucupes

403 1397 548 1474 Coruique
559 1409 708 1454 ructantur
719 1417 811 1454 sonos.

322 1512 524 1580 Rhetoricam
539 1515 624 1580 enim
641 1515 682 1579 ad
700 1514 882 1601 injustitiam
900 1527 932 1578 et
949 1512 1132 1580 calumniam
1143 1505 1219 1570 insum

323 1622 425 1708 pretio
440 1621 620 1687 addicentes
632 1645 811 1688 sermonum
824 1632 1003 1687 vestrorum
1019 1619 1226 1686 liberamus-¹

324 1729 357 1793 id
372 1729 456 1818 quod
471 1752 557 1795 nune
570 1731 703 1818 justum,
719 1729 793 1795 alias
808 1730 894 1794 haud
906 1732 1033 1796 bouum
1047 1733 1220 1804 asserente?a

324 1856 393 1899 cam
413 1859 499 1910 vero,
521 1847 556 1900 ut
575 1859 695 1925 pugnas
715 1835 945 1912 describemus,
969 1847 1005 1900 et
1025 1835 1146 1900 deorum
1159 1847 1215 1890 ann

323 1943 434 2012 animae
450 1943 670 2033 corruptelam.

366 2051 406 2117 fl·
425 2053 511 2131 Quid
527 2054 611 2118 enlm
622 2055 736 2142 egregii
748 2053 998 2144 philosophando
1010 2049 1219 2144 protulistisu'?

323 2183 361 2224 ex
380 2160 417 2224 iis
440 2162 493 2248 qui
512 2162 755 2249 praestantissimi
773 2162 911 2238 suerunt,
934 2175 1025 2228 extra
1043 2153 1220 2247 arrogantur*

321 2268 447 2334 stitutus
463 2269 543 2334 fuist
557 2272 724 2359 Diogenes,
741 2271 795 2358 qui
807 2269 881 2338 dolii
892 2271 1105 2336 ostentatione
1120 2253 1212 2342 delei&

319 2376 523 2466 gl⁰tl⁸b⁸lurs
540 2403 614 2446 curu
630 2379 780 2470 polypum
795 2381 929 2447 crudum
944 2389 1099 2453 vorasset,
1120 2365 1215 2440 morht:

319 2486 458 2551 tinorum
477 2499 650 2576 correptus,
666 2501 796 2578 propter
807 2487 1082 2578 intemperantiam
1093 2482 1223 2574 periit&

318 2619 378 2682 pus
398 2597 429 2660 iu
447 2607 529 2660 veste
543 2620 700 2686 purpurea
717 2595 879 2663 ambulans
895 2598 1032 2686 gratuito
1049 2578 1227 2684 neposeratll

319 2701 407 2767 Plato
418 2701 668 2793 philosophatur,
681 2728 698 2769 a
709 2705 859 2793 Dionysio
871 2716 998 2794 propter
1008 2703 1116 2794 gulam
1126 2695 1224 2799 reudttt

321 2810 515 2889 ΑΓῙὸῙθῙθῙθδ»
532 2813 585 2906 qul
600 2813 678 2878 fines
692 2813 896 2902 providentiae
911 2814 1056 2902 imperite
1068 2809 1170 2901 posuit,
1180 2797 1232 2864 etle-n

320 2930 417 2984 tatem
438 2921 473 2984 iis
493 2923 587 2986 rebus
608 2921 722 3008 quihus
740 2919 957 2986 delectabatur
974 2919 1142 2984 admodum
1153 2907 1230 2978 insutu·

320 3027 529 3114 cumscripsit,
553 3026 977 3103 Alexandroassenubarur,
998 3005 1236 3110 adolescentula

319 3157 386 3199 esse
401 3131 524 3198 oblitus.
549 3134 613 3212 Qui
632 3135 759 3222 quidem
778 3137 915 3201 amicum
934 3157 1027 3199 suum
1042 3151 1160 3224 prorsus
1171 3120 1236 3190 lrllf

318 3241 391 3320 lice,
407 3241 492 3330 quod
507 3242 637 3307 adorare
652 3266 685 3308 se
699 3240 808 3318 nollet,
825 3243 922 3308 instar
932 3242 995 3306 ursi
1006 3255 1063 3306 aut
1076 3237 1156 3329 pardi
1168 3225 1241 3296 inlu-t*

318 3350 569 3419 circumferebat.
585 3351 723 3417 Omnino
735 3352 830 3441 igitur
839 3353 970 3441 parebat
980 3348 1115 3440 magistri
1126 3335 1218 3410 decretl
1224 3348 1236 3388 1³¹

318 3459 484 3526 titudinem
499 3460 532 3524 in
548 3460 699 3525 conviviis
711 3471 742 3524 et
753 3461 901 3527 virtutem
913 3459 1135 3531 demonstrans,
1145 3441 1239 3516 ataulfi

317 3567 473 3655 inprimis
489 3590 597 3644 earum
616 3565 718 3632 hastili
737 3567 934 3657 transfigens,
958 3590 995 3632 ae
1010 3576 1112 3656 postea
1125 3557 1239 3650 plora-ss

318 3697 379 3762 que
394 3699 451 3764 per
465 3699 592 3742 causam
605 3675 720 3742 doloris
736 3677 850 3752 inedia,
867 3699 907 3742 ne
922 3676 954 3742 iu
968 3675 1074 3740 odium
1086 3687 1189 3736 suorum
1198 3659 1236 3721 {rra

317 3795 412 3859 reret*
424 3807 595 3851 nuceram.
610 3785 709 3854 Rideo
720 3787 866 3874 equidem
878 3785 957 3851 illius
968 3785 1131 3850 etiamnum
1141 3769 1238 3878 οΡίῑιῑΨω

318 3903 498 3984 senatores,
515 3894 652 3976 quicum
665 3891 844 3958 sublunaria
857 3904 971 3980 negent
982 3886 1157 3981 providentia
1167 3873 1235 3963 udal*
