2616 4620
305 219 363 282 158
646 241 669 280 s.
697 239 723 280 r.
750 239 780 282 a.
808 239 973 284 raserunt

302 461 527 482 'menuwt
531 461 1226 482 nwsnmmmwhmmmmmmumm

555 647 724 734 LIBER
755 645 1071 735 SECUNDUS.

338 1081 1226 1178 lllnuantehosdiessermoneminternoeoptimelutalya
1250 1059 1251 1150 l

302 1199 502 1278 haberemus,
513 1205 665 1292 quaerenti
677 1204 733 1269 tibi
749 1204 894 1291 quisnam
908 1224 1004 1267 meus
1019 1193 1232 1264 emollierant»
1250 1196 1251 1205 ’

302 1310 456 1396 putationi
471 1334 549 1376 meae
564 1335 654 1378 aures
668 1312 850 1401 aliquandiu
861 1309 1020 1400 praebenti
1032 1304 1230 1395 religionennan
1250 1345 1251 1367 i

303 1421 449 1507 exposui:
473 1420 515 1485 ita
538 1432 606 1485 tum
621 1421 833 1494 discessimus,
853 1431 887 1483 nt
902 1415 1084 1483 amicissimi
1097 1412 1191 1476 domun
1199 1417 1231 1466 rt

304 1549 421 1602 remus,
447 1530 587 1615 quamvis
611 1530 714 1616 primo
737 1526 917 1594 duriuscule
944 1547 1072 1591 mecum
1089 1515 1226 1608 egisseala‘

303 1635 388 1700 enim
403 1648 435 1700 et
450 1637 619 1702 meministi
631 1635 795 1702 stultitiam
806 1637 864 1701 tibi
876 1635 978 1702 rideri
990 1645 1120 1698 nostram
1129 1623 1229 1691 decane
1250 1656 1251 1717 l

305 1742 369 1810 Sed
380 1768 453 1811 cum
465 1769 516 1812 me
530 1759 638 1834 postea
653 1747 794 1813 hortatus
810 1745 863 1822 sis,
876 1745 1024 1832 quamvis
1038 1736 1170 1828 imperitas
1179 1727 1225 1794 snt

306 1852 412 1928 cendi,
425 1851 496 1920 volo
511 1866 618 1920 tamen
638 1877 724 1921 nunc
736 1877 860 1943 quoque
872 1853 934 1918 hoc
953 1849 1062 1917 libello
1077 1834 1229 1912 rennuit
1250 1869 1251 1949 a

302 1961 522 2028 demonstrare
544 1962 687 2028 inutilem
710 1961 851 2030 laborem
872 1971 904 2026 et
926 1961 1058 2026 inanem
1077 1945 1230 2042 superstitiont

306 2095 368 2159 qua
392 2071 554 2147 detineris;
572 2085 667 2162 atque
681 2074 776 2139 etiam
795 2095 835 2138 ex
852 2071 963 2162 paucis
980 2054 1228 2152 advesperante
1249 2065 1251 2124 l

307 2177 455 2255 historiis,
469 2203 545 2268 quas
560 2179 636 2270 legis
652 2181 792 2270 quidem,
805 2181 860 2246 sed
871 2180 1007 2246 sortasse
1018 2159 1226 2244 nondumntdltl·
1250 2225 1251 2292 1

307 2307 417 2351 verum
432 2287 489 2352 tibi
504 2300 578 2353 ante
594 2287 703 2356 oculos
717 2312 844 2378 ponere.
1206 2375 1211 2386 ἱ

350 2397 390 2462 11.
409 2397 590 2466 Ridiculum
605 2401 697 2470 enirn
706 2399 784 2466 mihi
799 2399 921 2465 videtur
936 2383 1226 2476 statuarioslgtltall'

306 2519 403 2583 tores,
419 2505 552 2585 fusores,
568 2509 701 2599 fingere,
717 2509 858 2598 pingere,
875 2505 1035 2596 sculpere,
1051 2485 1223 2600 turlanda
1250 2500 1251 2513 ¹

308 2638 418 2704 parare
433 2617 487 2705 qui
506 2640 582 2683 eum
600 2619 638 2683 alr
655 2615 822 2705 opificibus
840 2616 1063 2691 restituerint,
1079 2601 1220 2706 nultil‘ll
1249 2650 1251 2683 i

308 2729 348 2794 ab
361 2727 405 2792 eis
416 2727 591 2802 habentur;
606 2739 775 2818 postquam
785 2741 893 2794 autem
904 2727 1063 2794 venierint
1074 2693 1223 2788 {numenei

310 2847 364 2900 aut
386 2837 499 2902 domus
520 2836 666 2925 alicujus,
689 2837 725 2903 iis
740 2836 919 2903 sacrificant
939 2860 1005 2904 nou
1027 2821 1223 2911 solunqtlemeli
1250 2818 1251 2861 l

309 2945 364 3009 sed
378 2945 473 3010 etiam
488 2947 542 3036 qui
557 2947 660 3014 secere
678 2958 711 3012 et
724 2947 894 3014 vendidere
909 2969 973 3012 non
989 2947 1056 3011 sine
1071 2935 1224 3007 studiatlllli‘
1250 3020 1251 3047 1

309 3066 379 3119 ratu
394 3054 592 3122 victimarum
607 3079 646 3123 ac
660 3056 846 3123 libaminum
861 3055 1018 3123 accedunt
1032 3065 1065 3118 ut
1075 3035 1223 3115 eosadarttt'·
1250 3081 1251 3098 i

309 3164 392 3230 Deos
406 3165 595 3242 existimant,
612 3189 672 3232 nec
686 3166 794 3233 vident
808 3165 885 3231 tales
907 3181 982 3231 esse‘
996 3161 1095 3253 quales
1107 3173 1159 3220 cun
1173 3133 1226 3254 dii

310 3285 431 3349 carent,
447 3272 597 3363 lapidem,
609 3299 664 3350 aes,
680 3274 814 3364 lignum,
826 3273 978 3350 colorem,
990 3285 1043 3340 aut
1053 3243 1224 3370 quamlbetdffl

311 3385 484 3450 materiam.
509 3385 599 3450 ldem
616 3399 649 3451 et
669 3386 756 3453 vobis
779 3386 932 3473 contingit
951 3385 1005 3474 qni
1025 3377 1112 3468 legitis
1121 3362 1225 3436 marana

311 3491 506 3582 genealogias
521 3516 632 3560 eorum
648 3495 701 3582 qui
720 3494 871 3561 dicuntur
890 3494 1031 3559 deorum.
1042 3474 1225 3556 Namcumeorffi

311 3603 526 3687 generationes
541 3601 654 3693 legitis,
670 3604 813 3670 homines
828 3603 1009 3669 existimatis
1025 3624 1033 3664 ε
1048 3567 1224 3694 posterula

313 3711 429 3775 vocatis
445 3725 477 3776 et
492 3713 604 3790 colitis,
622 3738 685 3780 non
702 3714 899 3780 attendentes
918 3734 978 3778 nec
999 3705 1164 3792 mangenas
1177 3691 1226 3769 quta

313 3838 367 3879 cos
382 3819 502 3902 genitos
519 3820 645 3909 legistis,
663 3822 738 3889 tales
753 3835 785 3888 et
800 3824 921 3910 genitos
936 3821 1035 3886 luisse.

1249 1494 1251 1540 l
