2516 4636
322 331 445 380 cossas
468 333 618 380 anessae.
925 308 983 372 551

8 453 27 508 rt
40 441 195 516 nonum,
208 439 234 507 si
252 461 316 528 quo
335 439 432 506 modo
443 449 579 506 tractare
590 437 712 528 possint
729 435 821 512 illud,
834 447 889 502 aut
906 437 991 504 inra-

8 551 64 627 ire‚
74 549 218 640 quamvis
229 549 325 616 etiam
337 572 403 616 non
414 547 508 638 longe
518 548 559 614 sit
569 547 609 614 ab
621 569 814 636 unoquoque
822 557 967 614 nostrum
979 569 987 610 τ

8 691 11 726 ι
29 661 99 748 ipso
110 657 197 728 enim
208 661 355 736 unimus,
370 671 403 724 et
417 679 596 733 moremur,
608 669 640 724 et
652 679 778 732 sumum
793 669 826 723 et
837 657 989 746 quemad·

8 768 115 834 rodum
133 767 264 858 quidem
278 766 458 836 meandum
477 788 531 832 ros
551 765 722 832 dixerunt:
746 766 946 855 llujusenim
958 779 991 832 et

8 901 85 946 enus
100 899 219 944 sumus.
239 877 348 944 Genus
370 876 466 967 igitur
483 895 559 944 eum
578 874 675 942 simus
689 874 761 951 Dei,
778 897 843 942 uon
866 887 992 965 oportet
1120 961 1124 968 ,

8 1009 43 1052 os
65 999 178 1076 putate
197 985 231 1054 id
245 986 332 1075 quod
345 995 395 1052 est
413 983 556 1052 divinum
577 981 679 1050 simile
696 1006 764 1050 asse
782 1006 863 1050 auro
879 983 930 1052 vel
944 1009 993 1051 ar-

8 1107 93 1171 ente,
112 1094 163 1164 vel
181 1093 278 1185 lapidi
293 1119 351 1185 per
362 1105 463 1162 artem
475 1092 525 1162 vel
545 1092 838 1180 concupiscentiam
855 1092 994 1162 bominis

8 1204 174 1272 eformnto.
200 1203 359 1295 Tempora
382 1226 457 1293 ergo
479 1202 666 1292 ignorantiae
693 1200 870 1291 despiciens
893 1203 992 1280 Deus,

8 1337 75 1381 uno
100 1315 252 1404 precepit
273 1313 457 1380 bominibus
481 1312 629 1378 omnibus
651 1309 771 1400 ubique
792 1312 939 1401 poeniteri
961 1313 994 1379 in

8 1447 106 1501 osum,
123 1423 274 1512 quonism
288 1422 455 1490 constituit
474 1421 561 1488 diem
579 1421 716 1510 judieari
728 1422 841 1488 orbem
855 1433 948 1488 terre
962 1425 996 1490 in

8 1533 118 1610 ustitia,
131 1533 164 1602 in
176 1533 243 1600 viro
258 1531 349 1610 lesu,
362 1532 395 1598 in
411 1553 475 1619 quo
490 1531 601 1598 statuit
612 1528 723 1606 iidem,
736 1529 879 1597 excitans
890 1553 995 1598 eume

8 1640 148 1710 rortuis¹.
164 1643 377 1709 sllooautem
390 1641 423 1708 in
434 1639 506 1707 loeo
517 1663 582 1708 non
597 1637 701 1706 solum
717 1639 873 1706 lectorem
884 1642 996 1708 mundi
1110 1635 1112 1642 ’

8 1774 61 1818 um
75 1752 120 1818 eis
135 1751 317 1826 annuntiat,
330 1771 395 1816 non
410 1749 629 1816 assistentibus
643 1746 775 1826 ludaeis,
794 1747 851 1815 sed
869 1761 902 1816 et
920 1773 998 1838 quo

8 1883 44 1928 m
59 1882 162 1928 unum
173 1881 273 1948 genus
288 1858 467 1926 humanum
479 1857 555 1926 lecit
565 1857 744 1924 inhabitare
760 1883 856 1949 super
866 1883 997 1928 omnem

8 1993 96 2043 rems
118 1969 392 2059 quemadmodum
407 1979 440 2036 et
455 1968 580 2056 Moyses
604 1969 649 2035 ait
671 1990 712 2034 :s
736 1969 874 2050 Quando
893 1971 998 2040 divisit

8 2077 169 2146 irrisimus
185 2089 310 2168 gentes,
326 2076 596 2167 quemadmodum
615 2077 762 2166 asparso
779 2077 862 2146 orsos
878 2079 995 2157 snm,
1047 2061 1058 2076 '

8 2189 98 2254 tatuit
109 2189 263 2256 terminos
273 2188 417 2278 gentiam
428 2186 607 2255 seeundum
617 2209 788 2254 numerum
801 2186 997 2278 Angelorum

8 2297 66 2366 lei²
82 2317 91 2368 t
104 2327 118 2364 s
132 2298 289 2390 populum
301 2311 409 2367 autem
418 2299 476 2388 qui
486 2299 589 2368 credit
599 2297 681 2374 Deo,
697 2299 763 2387 jam
779 2321 844 2364 non
856 2322 924 2366 esse
935 2300 995 2366 sub

9 2405 159 2497 gelorum
178 2419 347 2498 potestate,
364 2409 422 2476 setl
440 2410 499 2475 sub
520 2407 647 2475 Domini
667 2429 676 2472 z
697 2405 824 2474 «Facta
843 2419 893 2475 est
909 2409 996 2476 enim

9 2516 95 2582 ertio
106 2516 236 2584 Domini
247 2517 382 2607 populus
393 2518 465 2605 ejus
474 2517 591 2593 Jacob,
607 2513 785 2582 lunioulum
803 2516 999 2584 hereditatis

8 2625 61 2712 jus
72 2623 198 2692 lsrael⁸.
214 2653 226 2690 s
240 2625 281 2692 Et
297 2627 412 2692 iterum
428 2627 548 2715 Lystris
564 2625 670 2715 Lyoiae
686 2647 763 2693 eum
781 2637 864 2692 esset
881 2626 1000 2695 Paulus

9 2756 36 2798 n
52 2732 212 2810 Bernaba,
226 2749 260 2802 et
279 2760 297 2802 a
315 2738 478 2806 nativitate
495 2737 647 2806 olendum
665 2737 699 2803 in
719 2737 849 2802 nomine
869 2736 998 2803 Domini

9 2843 62 2909 stri
73 2841 151 2910 Jesu
163 2844 282 2913 Christi
293 2845 457 2914 ambulare
468 2845 830 2923 lecisset,etcnmturba
842 2844 1002 2914 honorare

10 2981 14 3020 ι
27 2953 123 3023 vellet
134 2956 405 3044 quemadmodum
418 2956 508 3032 deos,
524 2967 655 3045 propter
667 2952 853 3021 admirabile
864 2955 1000 3034 sactum,

25 3067 72 3133 eis
91 3089 100 3133 s
117 3093 132 3127 ι
150 3067 215 3135 Nos
233 3067 350 3135 similes
362 3067 451 3136 robis
462 3063 739 3141 sumusbomines‚
752 3065 1003 3154 evangelizantes

10 3173 83 3242 obis
98 3173 215 3251 Deum,
234 3175 281 3239 uti
298 3176 338 3241 ab
356 3161 505 3240 eis'vauis
524 3173 701 3242 simulacris
716 3176 945 3242 convertamini
959 3177 1001 3244 etl

10 3285 99 3350 laum
111 3284 232 3360 vivum,
245 3283 300 3372 qui
316 3284 390 3351 lecit
404 3282 534 3360 celum,
547 3295 579 3350 et
590 3295 722 3362 terram,
734 3296 767 3351 et
778 3307 879 3361 mare,
891 3297 924 3352 et
935 3309 1002 3354 om-

10 3393 47 3460 rie
60 3417 131 3480 quaa
143 3394 175 3461 iu
187 3394 231 3459 eis
244 3404 319 3459 sunt
332 3417 341 3460 s
355 3394 408 3482 qui
424 3395 456 3460 in
471 3394 638 3486 preteritis
652 3393 846 3484 temporibus
857 3397 1002 3484 permisit

11 3524 108 3570 »mnes
125 3513 235 3591 gentes
249 3503 338 3568 abire
354 3502 418 3569 rias
436 3527 521 3581 suas,
538 3525 732 3593 quamquam
747 3527 812 3571 non
830 3505 898 3570 sine
914 3507 1003 3572 testi-

11 3610 106 3678 nonio
132 3612 338 3702 semetipsum
358 3611 499 3701 reliquit,
525 3613 740 3689 benefaciens,
762 3613 802 3678 de
820 3612 903 3681 ooelo
923 3615 1003 3683 «lons

12 3719 84 3786 obis
101 3716 223 3808 pluvias
237 3734 270 3786 et
281 3733 425 3810 tempora
443 3719 618 3798 fructifera,
631 3718 806 3810 adimplens
820 3723 895 3790 cibo
904 3736 938 3792 et
955 3725 1004 3792 hi·

11 3829 122 3896 oritate
135 3831 231 3898 ceula
243 3830 376 3899 restra⁴.
392 3860 405 3896 r
421 3830 582 3911 Quoniam
600 3843 706 3898 autem
726 3831 774 3898 bis
791 3835 1004 3902 annuntiatio·

11 3965 62 4014 lct.
72 3977 133 4024 xasa,
144 3963 171 4023 ll
180 3972 206 4016 et
214 3964 334 4030 usqe—²
342 3959 725 4029 Dout.suu,8.-⁸1lid.9.-⁶
734 3961 789 4018 Aet.
797 3977 849 4023 arv,
859 3963 886 4023 sl
894 3973 919 4016 st
928 3979 1001 4030 seqq.
