2772 4620
299 193 362 262 διδ
397 243 398 248 1
594 220 705 266 siren
728 217 845 268 rus'rrru
870 220 1021 268 aturrus

298 322 397 390 vobis.
420 320 504 400 Quid
519 323 614 411 igitur
629 327 705 391 mibi
723 326 828 392 adbuc
842 350 921 415 opus
936 341 983 392 est
998 324 1266 398 circumcisione,
1286 325 1338 410 qui

297 432 356 498 Dei
371 429 551 495 testimonio
567 432 790 516 comprobatus
803 431 895 496 sumi
910 431 987 509 Quis
999 453 1076 495 usus
1091 429 1195 516 hujus
1213 431 1337 516 baptis-

299 537 403 611 matis,
416 537 471 621 qui
487 533 606 621 Spiritu
622 545 732 602 sancto
743 537 918 624 baptizatus
929 527 1019 601 sum?
1033 536 1157 602 Videor
1167 536 1253 601 mihi
1268 537 1335 600 bn:

299 644 485 714 edisserens,
503 641 541 706 iis
558 641 653 705 etiam
673 642 726 729 qui
743 664 857 730 parum
873 641 1075 732 intelligentia
1092 643 1229 729 praediti
1250 657 1331 706 suut.

299 769 512 836 persuasurus.
532 746 642 833 Neque
657 749 741 812 enim
756 748 825 813 baec
839 750 933 814 verba
948 774 966 813 a
982 771 1033 814 me
1049 751 1236 837 composita
1250 764 1330 822 sunt

300 867 354 920 aut
368 854 506 918 bumana
518 864 584 917 arte
596 866 761 925 exornatur
780 854 836 918 sed
850 877 886 918 ea
902 853 1002 920 David
1015 855 1186 943 psallendo
1203 861 1330 924 cecimt.

210 942 219 954 ⁸
299 963 404 1030 Esaias
418 959 651 1048 evangelizavit,
667 959 836 1026 Zacharias
851 961 1071 1051 promulgavit,
1087 963 1224 1052 Moyses
1236 971 1329 1054 scrip·

300 1069 349 1134 sit.
372 1068 523 1154 Agnoscis
539 1087 588 1142 ea,
608 1067 761 1155 Trypho?
781 1069 969 1157 Consignata
984 1082 1057 1135 sunt
1071 1069 1192 1138 litteris
1208 1077 1327 1138 vestris.

300 1173 348 1239 vcl
358 1175 462 1261 potius
473 1197 538 1240 non
550 1174 671 1248 vestris,
682 1174 868 1240 sednostris.
884 1175 947 1242 Nos
957 1177 1042 1244 enim
1053 1179 1091 1242 iis
1103 1179 1324 1246 adhaeremus:

300 1294 470 1346 vosautem
483 1279 615 1368 legendo
628 1282 814 1378 sententiam
827 1304 892 1346 non
906 1284 1092 1371 perspicitis.
1116 1285 1167 1349 Ne
1181 1288 1224 1350 sit
1239 1289 1327 1376 igitur

300 1391 387 1455 vohis
399 1385 579 1461 molestum,
591 1389 696 1452 necin
708 1390 816 1474 probri
828 1387 898 1452 loeo
909 1390 1000 1454 nobis
1011 1391 1175 1479 objiciatis
1188 1398 1324 1482 eorporis

300 1494 500 1584 praeputium,
520 1493 605 1579 quod
623 1493 707 1557 Deus
727 1493 793 1580 ipse
810 1495 979 1560 formavit:
1005 1520 1108 1583 neque
1125 1499 1230 1566 etiam
1248 1503 1325 1589 quod

300 1601 434 1669 calidam
446 1600 582 1666 sabbatis
593 1598 750 1673 bihamus,
763 1600 880 1686 grande
891 1601 1051 1687 piaculum
1062 1603 1274 1678 existimetiss
1292 1610 1324 1671 si

300 1708 427 1796 quidem
447 1706 531 1771 Deus
554 1705 707 1770 mundum
724 1705 853 1792 perinde
875 1707 937 1771 boc
958 1709 1053 1772 etiam
1072 1710 1125 1774 die
1145 1733 1190 1777 ac
1210 1715 1322 1779 castris

299 1817 445 1882 omnibus
463 1816 637 1902 gubernat:
662 1811 828 1899 pontifices
846 1837 983 1900 quoque,
1004 1825 1039 1880 ut
1056 1819 1185 1882 caeteris
1204 1821 1319 1894 diebus,

299 1928 341 1990 ita
356 1924 451 1988 etiam
465 1922 524 1986 isto
540 1923 617 2008 jussi
632 1932 706 1986 sunt
720 1921 904 1986 muneribus
920 1921 1087 1988 offerendis
1103 1930 1239 2012 operari
1254 1954 1263 1993 ε
1280 1930 1321 1992 de

298 2033 393 2117 nique
408 2041 455 2094 tot
470 2028 545 2114 justi
560 2027 716 2102 hemines,
736 2048 811 2091 cum
826 2025 949 2092 nullum
963 2051 1002 2092 ex
1015 2029 1064 2092 bis
1077 2028 1157 2118 legis
1174 2033 1322 2098 institutis

298 2144 527 2210 observassent,
540 2137 635 2223 ipsius
645 2136 702 2200 Dei
715 2135 894 2205 testimonio
905 2137 1103 2223 comprobati
1115 2138 1237 2206 suere.-

341 2244 449 2310 XXX.
464 2243 685 2329 Sedhequitiae
695 2254 803 2307 restrae
815 2241 994 2315 adscribite,
1003 2242 1199 2327 quodetiam
1212 2247 1322 2312 calum·

297 2353 356 2418 niis
375 2352 459 2417 Deus
478 2350 582 2438 appeti
601 2350 698 2435 possit
717 2351 756 2413 ab
775 2349 956 2414 bominibus
973 2360 1079 2414 mente
1100 2355 1219 2440 captis,
1241 2357 1320 2442 quasi

297 2484 362 2525 non
376 2457 521 2524 eamdem
538 2477 663 2542 semper
678 2477 787 2520 omnes
802 2454 953 2540 justitiam
970 2453 1122 2526 docuerit.
1147 2460 1229 2524 llaec
1243 2463 1322 2525 enim

296 2569 436 2633 instituta
448 2588 467 2628 a
478 2565 599 2628 ratione
611 2561 711 2628 aliena
722 2585 782 2627 nec
792 2561 859 2626 Deo
870 2562 962 2650 digna
974 2561 1081 2629 multis
1092 2565 1158 2630 visa
1170 2580 1263 2641 sunt,
1273 2570 1324 2654 qui

296 2675 428 2764 gratiam
440 2669 632 2758 intelligendi
644 2694 708 2735 non
720 2681 923 2757 acceperunt,
936 2669 1091 2757 populum
1102 2687 1247 2740 vestrum
1263 2677 1324 2740 im·
1360 2677 1361 2750 l

295 2785 560 2871 probeagentem,
573 2801 610 2842 ac
620 2777 731 2842 animae
744 2778 855 2841 morbo
866 2773 1076 2852 laborantem,
1088 2777 1132 2842 bis
1139 2777 1267 2864 legibus
1280 2781 1325 2843 ad
1360 2781 1361 2872 l

297 2889 534 2956 conversionem
553 2897 584 2949 et
603 2882 819 2971 poenitentiam
838 2882 964 2968 spiritus
983 2896 1123 2948 vocatum
1139 2881 1248 2956 luisse,
1275 2907 1320 2948 ao

296 2991 445 3062 :eternam
464 3015 531 3058 esse
549 2990 635 3055 illam
653 2988 864 3076 prophetiam,
889 3011 958 3074 quae
977 3001 1049 3075 post
1067 2988 1154 3054 blesis
1174 3001 1325 3054 mortem
1360 2993 1361 3072 j

296 3103 421 3192 prodiit.
441 3102 544 3188 Atque
559 3098 591 3162 id
607 3097 734 3183 quidem
748 3118 806 3182 per
819 3093 977 3158 Psalmum
993 3096 1114 3160 dictum
1126 3095 1198 3168 luit,
1213 3119 1235 3158 o
1247 3098 1319 3161 riri.
1360 3155 1361 3162 ,

175 3259 179 3267 ,
214 3221 221 3232 ·
295 3214 370 3278 llaec
381 3218 487 3274 autem
503 3204 633 3292 (judicia
644 3201 788 3279 Domini)
803 3202 906 3276 nohis,
920 3203 1032 3289 quihus
1044 3204 1234 3290 sapientiam
1246 3229 1325 3292 prae

295 3320 458 3388 stiterunt,
475 3311 615 3377 dulciora
631 3332 726 3396 super
740 3307 803 3372 mel
818 3320 850 3372 et
865 3308 971 3374 savum
983 3309 1081 3375 videri
1097 3335 1137 3375 ex
1150 3335 1192 3376 eo
1203 3314 1323 3400 perspi-

295 3427 389 3498 citur,
405 3420 489 3508 quod
504 3441 545 3483 ne
560 3428 662 3481 morte
678 3415 804 3502 quidem
820 3417 977 3503 proposita
993 3417 1192 3483 adducamur
1209 3433 1245 3484 ut
1266 3445 1322 3486 no

295 3555 369 3596 men
383 3533 451 3616 ejus
467 3527 670 3614 abnegemus.
688 3523 770 3590 lllud
784 3525 880 3589 etiam
895 3525 1094 3590 manifestum
1110 3529 1266 3594 omnibus
1278 3545 1324 3594 est
1360 3521 1361 3594 l

295 3661 365 3711 uos,
382 3637 435 3722 qui
452 3637 484 3700 in
500 3659 574 3700 eum
592 3633 762 3706 credimus,
779 3633 818 3697 ab
835 3655 873 3697 eo
888 3645 1007 3720 petere,
1023 3645 1059 3696 ut
1077 3633 1119 3699 ab
1135 3635 1274 3712 aetianis,
1293 3641 1322 3702 id

295 3757 355 3820 est,
372 3766 390 3806 a
405 3742 530 3808 nefariis
546 3755 577 3808 et
592 3740 754 3806 fallacibus
771 3740 929 3826 spiritibus
943 3764 1000 3805 nos
1016 3741 1186 3815 custodiat,
1206 3767 1322 3830 quem—
1360 3777 1361 3820 ,
