2786 4666
231 277 270 322 20
591 275 726 322 SANCTUS
749 277 887 331 ulma,

183 441 190 454 .
226 417 243 454 s
257 363 353 458 trum
369 383 478 461 fuerit
491 405 626 482 purum
638 409 680 458 ac
693 388 772 458 sine
784 388 943 476 macula,
957 403 994 460 et
1006 389 1167 489 reliquos
1179 390 1259 462 dies

225 529 242 564 n
254 511 391 568 vestros
405 495 597 572 servieritis
610 497 688 568 Deo
701 498 777 567 siue
789 497 946 593 querela.
957 503 1145 572 Immittito
1157 501 1258 573 solli·

224 633 241 668 n
254 599 432 675 citudines
451 613 586 672 vestras
606 623 715 698 super
733 605 948 691 Dominum,
970 620 1007 676 et
1029 607 1106 702 ipsc
1123 601 1262 703 diriget

223 741 240 776 s
254 733 323 792 eas.
335 705 479 782 Credite
496 709 591 793 Deo,
609 710 673 804 qui
690 709 774 778 estis
789 704 891 780 dubii
909 735 917 780 :
939 713 1112 807 quoniam
1131 714 1262 784 omnia
1383 760 1387 771 ·

222 849 239 884 s
253 830 388 916 potest,
409 830 446 887 et
463 827 622 886 avertere
641 815 733 884 iram
750 837 851 886 suam
872 839 894 887 a
914 814 1031 905 vobis,
1051 831 1088 888 et
1108 819 1261 891 mittere

221 957 238 992 s
251 925 354 996 vobis
367 918 538 1018 praesidia.
552 950 571 986 s

273 1035 316 1102 In
332 1030 456 1101 limine
470 1027 636 1101 secundae
649 1029 778 1125 partis,
794 1043 915 1100 narrat
932 1035 1081 1104 Hermas
1099 1035 1259 1106 intrasse

223 1138 316 1211 adse
328 1138 447 1208 virum
459 1132 654 1229 quemdam
669 1131 866 1204 reverenda
878 1132 1115 1223 faeie,babitu
1130 1155 1257 1236 pasto·

222 1244 417 1344 rali‚pallio
425 1241 508 1314 albo
516 1243 700 1325 amictum,
711 1242 776 1337 qui
784 1264 908 1338 peram
916 1245 953 1314 in
965 1241 1128 1318 humeris
1136 1250 1256 1319 etvir-

221 1379 303 1454 gam
315 1375 427 1423 manu
441 1346 626 1446 gestabat:
645 1349 748 1442 «Ego
763 1369 861 1433 sum,
884 1349 1023 1446 iuquit,
1039 1355 1171 1422 Pastor
1186 1353 1252 1427 ille

218 1493 235 1528 s
249 1463 309 1532 cui
329 1454 481 1529 traditus
499 1476 547 1524 es.
562 1482 579 1518 n
595 1451 685 1523 Inde
699 1476 794 1549 opus
808 1466 927 1528 totum
945 1459 1073 1528 Pastor
1088 1459 1252 1555 appella·

219 1580 278 1637 tus
292 1575 356 1644 est.
368 1560 490 1630 Primo
505 1557 670 1628 omnium
683 1552 790 1627 docet
805 1580 889 1628 eum
907 1559 1059 1657 angelus
1078 1557 1191 1633 fidem
1208 1566 1249 1636 in

219 1694 335 1744 uuum
349 1670 467 1738 Deum
480 1689 488 1732 :
502 1693 519 1728 c
532 1660 649 1734 Crede
667 1662 769 1760 quod
788 1687 882 1736 unus
895 1681 950 1738 est
962 1669 1151 1766 Deus,qui
1173 1695 1249 1744 om·

220 1807 238 1842 s
251 1779 311 1847 nia
331 1773 466 1844 creavit
490 1781 527 1839 et
546 1772 828 1857 consummavit,
854 1784 959 1843 etex
983 1772 1100 1844 nihilo
1124 1781 1250 1850 omnia

218 1914 236 1948 »
249 1881 342 1953 lecit.
377 1883 458 1976 Ipse
492 1899 604 1973 capax
628 1877 882 1948 universorum
916 1879 1014 1952 solus
1049 1883 1251 1957 iinmensus

219 2019 235 2055 r
248 2003 318 2076 est,
332 1987 397 2082 qui
416 2005 484 2055 nec
497 1981 608 2053 verbo
622 1981 765 2053 definiri
773 2037 784 2073 ,
800 2007 871 2056 nec
885 2001 1007 2058 mente
1025 1992 1170 2089 concipi
1185 2017 1250 2090 po·

219 2109 329 2168 »test
341 2123 357 2160 >r
369 2094 464 2164 Dein
477 2087 663 2162 variavult
676 2111 760 2160 eum
770 2095 1004 2166 monitumex
1016 2095 1249 2192 quibuslicet

220 2226 296 2274 nou
315 2199 487 2272 catenatis
503 2197 738 2292 exquisitiora
759 2197 961 2295 seligemus.
978 2201 1157 2300 Fugieuda
1174 2205 1244 2276 ob·

218 2310 409 2384 trectatiot
431 2308 513 2375 «De
538 2301 640 2374 nullo
668 2301 762 2374 male
791 2304 971 2403 loquaris,
994 2331 1110 2407 neque
1131 2308 1241 2384 libeu-

218 2427 304 2485 »ter
326 2406 449 2480 audias
469 2406 562 2478 male
588 2404 822 2503 loquentem:
841 2413 896 2481 sin
912 2436 998 2483 vero
1015 2427 1052 2484 et
1069 2428 1110 2484 tu
1125 2411 1245 2487 audie·

218 2549 235 2586 r
250 2521 314 2610 ris,
326 2515 506 2615 particeps
521 2515 591 2583 eris
609 2516 747 2610 peccati
765 2513 858 2586 male
878 2514 1108 2612 loquentis...
1123 2523 1247 2591 Pemi-

217 2656 235 2692 n
247 2627 342 2697 ciosa
350 2637 405 2694 est
415 2619 605 2692 detractio:
618 2620 827 2692 inconstans
836 2636 891 2692 est
900 2622 1145 2713 Daemonium;
1156 2649 1251 2696 nun-

217 2763 235 2799 »
249 2753 360 2829 quam
369 2732 408 2800 in
417 2749 506 2826 pace
518 2729 692 2814 consistit,
701 2726 764 2798 sed
773 2739 915 2825 semper
923 2732 961 2798 in
972 2717 1251 2805 discordanti»

215 2837 344 2909 Danda
355 2833 581 2928 eleemosyna
593 2858 601 2901 :
614 2859 631 2896 α
643 2831 824 2904 Omnibus
836 2832 1007 2932 inopibus
1020 2835 1067 2908 da
1075 2837 1249 2936 simplici·

217 2973 234 3010 n
247 2957 314 3030 ter,
326 2939 417 3011 nibil
429 2938 601 3010 dubitans
613 2943 672 3010 cui
686 2937 760 3010 des.
773 2941 846 3032 Qui
860 2965 947 3038 ergo
957 2946 1153 3041 accipiunt,
1167 2943 1249 3017 red-

216 3045 333 3118 »dent
345 3047 522 3116 rationem
537 3049 633 3131 Deo,
650 3068 762 3141 quare
782 3063 1014 3145 acceperunt,
1029 3063 1066 3122 et
1082 3049 1129 3122 ad
1143 3050 1249 3149 quid.

137 3205 147 3220 ,
215 3189 233 3224 r>
245 3158 317 3249 Qui
333 3167 452 3226 autem
472 3155 655 3249 accipiunt
669 3151 753 3224 ficta
770 3157 997 3243 necessitate,
1016 3156 1169 3230 reddent
1189 3183 1249 3231 ra·

218 3268 395 3335 urionem.
414 3261 487 3351 Qui
509 3271 629 3328 autem
647 3256 726 3346 dat,
746 3261 920 3333 innocens
938 3263 1024 3350 erit;
1043 3266 1249 3335 sicutenim

218 3370 386 3466 »accepit
412 3389 433 3436 a
458 3365 635 3450 Domino,
661 3366 905 3438 ministerium
936 3372 1209 3441 consummavit
1226 3400 1247 3434 s

218 3475 443 3574 Fugiendum
457 3471 685 3544 mendacium
703 3498 711 3542 ε
737 3478 866 3546 «Deus
885 3499 995 3547 verax
1012 3492 1066 3548 est
1084 3479 1122 3547 in
1143 3482 1245 3550 omui

216 3582 375 3668 »verbm
390 3595 427 3652 et
447 3577 679 3650 mendacium
706 3603 781 3650 uon
807 3595 861 3653 est
886 3585 925 3653 in
951 3587 1041 3681 ipso.
1065 3586 1138 3675 Qui
1158 3593 1248 3683 ergo

166 3689 168 3696 ⁴
217 3689 486 3772 mentiuntur,
508 3684 688 3783 abnegant
717 3688 933 3774 Dominum,
952 3711 1027 3758 non
1053 3684 1247 3760 reddentes

215 3829 232 3862 »ι
245 3795 452 3896 depositum
466 3791 809 3892 quodacceperuut.
824 3825 839 3860 n
854 3793 1037 3889 Servanda
1053 3798 1244 3893 patientia:

215 3905 466 4001 «AEquanimis
491 3915 570 3972 esto
594 3918 631 3974 et
659 3905 815 4000 patiens,
834 3918 872 3976 et
899 3907 1062 3976 omnium
1091 3928 1245 4003 operum
