2636 4648
263 335 325 398 512
582 351 695 398 ssscrr
719 337 835 399 rasim
857 351 922 396 ura.
948 347 979 393 rs

261 464 337 532 lavit
347 463 497 541 nominis,
510 473 542 529 et
554 484 628 530 cum
640 463 684 529 eis
696 461 812 530 ductus
825 474 887 538 est,
903 459 991 527 veiut
1000 460 1118 549 adjectio
1128 463 1219 548 pudo

262 577 378 644 denota
398 576 455 644 ois.
485 573 702 664 Opprobrium
722 575 809 640 enim
825 595 943 642 eorum
967 572 1021 661 qui
1042 573 1220 662 persecutione

261 685 426 774 patiuntur
441 696 571 775 propter
586 683 754 772 justitium,
776 695 809 750 et
824 706 940 750 omnes
957 703 1062 772 poenas
1075 683 1221 758 sustinete

262 795 495 862 mortificantur
508 806 638 884 propter
647 817 721 860 oam
736 815 806 882 ques
817 806 866 862 est
876 815 955 883 erga
967 791 1066 858 Deum
1076 789 1222 866 dilectione¹

244 965 248 974 .
261 915 294 972 et
307 903 536 971 confessionem
547 901 621 969 Filii
632 903 716 991 ojus,
728 901 793 969 sola
803 901 951 971 Ecclesia
963 923 1042 992 puro
1054 901 1163 968 sustinet
1173 901 1224 990 (sep

148 1097 157 1118 ι
260 1013 433 1089 debilitate,
449 1013 601 1078 etstutim
613 1030 730 1102 augens
741 1014 886 1080 membra
897 1025 933 1079 et
944 1013 1063 1102 integra
1074 1009 1152 1086 bene
1165 1036 1227 1099 quen

259 1121 432 1190 admodum
450 1133 483 1188 et
501 1133 598 1211 typus
615 1123 698 1211 ejus,
718 1145 789 1212 quae
807 1121 867 1188 suit
885 1121 972 1188 iliius
991 1121 1062 1198 Lot,
1078 1119 1138 1186 sciis
1149 1119 1228 1210 fipne

259 1231 367 1323 tum¹)
384 1254 393 1298 ε
412 1229 557 1298 similiter
568 1243 603 1296 ut
618 1243 740 1298 veteres
756 1230 926 1320 Prophetae
942 1231 1121 1297 sustinentes
1133 1251 1228 1317 persecu

257 1343 389 1419 tionem,
403 1341 674 1431 quemadmodum
685 1341 840 1409 Dominus
855 1344 924 1410 aits
947 1341 1027 1411 «sto
1040 1335 1117 1407 enim
1128 1341 1227 1428 porscsd

256 1465 359 1520 »sunt
379 1453 566 1543 Prophetas,
584 1453 639 1542 qui
658 1465 733 1520 ante
752 1475 808 1520 vos
828 1451 1170 1541 fuerunt¹31quoniam
1183 1473 1227 1516 nove

256 1564 400 1656 quidem,
420 1563 578 1630 sedidem
596 1562 734 1653 Spiritus
753 1565 960 1652 requiescens
978 1587 1072 1654 super
1085 1559 1225 1637 comdiis

257 1675 311 1764 qui
327 1697 392 1740 non
407 1673 565 1763 recipiunt
577 1671 721 1740 Verbum
736 1673 808 1750 Dei,
823 1675 1081 1764 persecutionem
1093 1671 1190 1762 patitur.

300 1783 345 1850 X.
364 1782 459 1863 Quod
474 1781 603 1871 quidem
618 1781 785 1871 Prophetes
801 1805 876 1849 cum
891 1783 1026 1873 reliquis
1041 1805 1106 1872 que
1118 1779 1224 1870 propiet

256 1895 335 1961 bant
351 1904 385 1959 et
399 1892 462 1960 buc
483 1891 765 1981 prophetaverunt,
785 1894 938 1980 quoniam
958 1915 1054 1982 super
1073 1911 1224 1981 quorumque

257 2001 446 2092 requieverit
467 1999 603 2091 Spiritus
624 1999 696 2077 Dei.
720 2013 753 2066 et
773 2001 976 2069 obediverint
999 2000 1100 2070 Verbo
1115 2000 1224 2072 Potes

256 2110 434 2180 secundum
449 2109 598 2176 virtutem
609 2108 775 2176 servierint
784 2111 827 2187 oi,
846 2112 1100 2202 persecutionem
1111 2109 1222 2200 patienta

254 2233 287 2287 et
301 2220 539 2311 lapidabuntur,
552 2231 585 2286 ct
596 2219 793 2288 occidentur.
809 2221 845 2288 iu
858 2221 1038 2312 semetipsis
1048 2219 1223 2287 enimhecou

255 2331 305 2396 nia
323 2328 570 2420 praefigurabant
587 2329 766 2420 Prophetes,
789 2343 921 2421 propter
938 2331 1131 2399 dilectionem
1144 2325 1221 2399 beist

254 2451 384 2531 propter
406 2440 541 2505 verbum
563 2439 644 2530 ejus.
676 2439 759 2505 Cum
780 2439 867 2507 enim
886 2453 921 2507 et
943 2442 1004 2533 ipsi
1023 2439 1149 2510 membra
1162 2441 1221 2499 esti

255 2550 385 2628 Christi,
409 2549 629 2638 unusquisque
651 2571 765 2616 eorum
786 2551 967 2619 secundum
989 2549 1073 2640 quud
1092 2555 1148 2614 erat
1164 2563 1219 2609 neu·

254 2665 361 2740 hrum,
377 2661 553 2730 secuudum
569 2659 675 2729 boc‘et
685 2662 963 2752 prophetationem
974 2658 1220 2729 manifestatu-

253 2795 309 2840 ues
330 2781 363 2838 ot
385 2770 479 2840 multi
497 2791 598 2838 unum
620 2770 870 2861 praeformantes,
893 2784 926 2840 et
947 2795 986 2839 oa
1009 2793 1076 2862 quas
1096 2775 1154 2834 suut
1167 2759 1220 2826 urie

252 2881 488 2950 annuntiantes.
505 2878 675 2961 Quomodo
689 2879 776 2946 enim
790 2902 848 2969 per
862 2891 970 2946 nostra
986 2879 1119 2947 membra
1132 2865 1220 2962 operatio

252 2992 381 3081 quidem
403 2988 540 3055 universi
563 2987 705 3078 corporis
724 2987 919 3062 ostenditurs
943 2988 1045 3078 figura
1061 2974 1218 3051 sueuutiu

251 3100 388 3170 hominis
402 3121 460 3189 per
475 3119 576 3164 unum
592 3099 775 3176 membrum
790 3119 856 3164 non
871 3097 1060 3172 ostenditur,
1074 3091 1123 3159 scd
1132 3101 1217 3177 percu

251 3213 325 3280 nia:
343 3211 390 3278 sic
404 3219 437 3274 et
450 3207 619 3298 Prophetae
633 3229 745 3272 omnes
760 3205 889 3295 quidem
905 3229 1005 3273 unum
1020 3193 1215 3296 praefigunbuit

252 3320 468 3409 unusquisque
480 3329 588 3384 autem
599 3339 710 3384 eorum
722 3315 898 3382 secundum
909 3317 996 3404 quod
1010 3325 1073 3381 erat
1083 3303 1214 3376 membrum·

250 3430 428 3500 secundum
445 3427 559 3496 boeot
580 3424 822 3516 dispositionem
841 3423 1045 3515 adimplebat,
1065 3430 1095 3486 et
1109 3435 1164 3481 cau
1177 3425 1215 3495 qt*

250 3539 427 3610 secundum
444 3535 524 3604 iilud
542 3537 723 3602 membrum
738 3547 819 3611 erat,
838 3535 1051 3625 operationem
1068 3520 1162 3595 Christi
1170 3535 1213 3607 pre

249 3652 416 3720 formabat.
1186 3735 1191 3748 Ι

292 3761 351 3828 ΧΙ.
368 3757 508 3841 Quidam
520 3757 606 3824 enim
618 3757 651 3822 iu
663 3753 761 3847 gioria
773 3756 914 3822 ridentes
926 3779 1014 3834 oum,
1025 3749 1163 3846 glorium
1174 3753 1210 3822 ²1⁰⁵

60 3915 62 3920 ,
188 3961 190 3966 Α
247 3871 336 3964 apud
349 3869 477 3938 Putrem
492 3868 641 3937 edextris
656 3867 930 3936 conversationem
941 3867 1096 3936 videbantt
1108 3853 1210 3934 *dibi*

282 3993 290 4030 ¹
302 3994 365 4046 Gen.
380 4009 432 4056 six,
443 3993 480 4044 ab.
494 4021 525 4034 -
535 3993 546 4028 ¹
556 3992 647 4046 uuiti.
660 4009 685 4055 v,
699 4009 738 4046 is.
