<?xml version="1.0" encoding="UTF-8"?>
<!DOCTYPE html PUBLIC "-//W3C//DTD XHTML 1.0 Transitional//EN"
    "http://www.w3.org/TR/xhtml1/DTD/xhtml1-transitional.dtd">
<html xmlns="http://www.w3.org/1999/xhtml" xml:lang="en" lang="en">
 <head>
  <title>
</title>
<meta http-equiv="Content-Type" content="text/html;charset=utf-8" />
  <meta name='ocr-system' content='tesseract 3.04.00' />
  <meta name='ocr-capabilities' content='ocr_page ocr_carea ocr_par ocr_line ocrx_word'/>
</head>
<body>
  <div class='ocr_page' id='page_1' title='image "./collectioselect02guilgoog_0424.png"; bbox 0 0 2640 4622; ppageno 0'>
   <div class='ocr_carea' id='block_1_1' title="bbox 265 266 1055 342">
    <p class='ocr_par' dir='ltr' id='par_1_1' title="bbox 265 266 1055 342">
     <span class='ocr_line' id='line_1_1' title="bbox 265 266 1055 342; baseline -0.003 -13"><span class='ocrx_word' id='word_1_1' title='bbox 265 285 414 330; x_wconf 81' lang='lat' dir='ltr'>ammons</span> <span class='ocrx_word' id='word_1_2' title='bbox 438 285 499 330; x_wconf 84' lang='lat' dir='ltr'>cru</span> <span class='ocrx_word' id='word_1_3' title='bbox 522 283 684 330; x_wconf 77' lang='lat' dir='ltr'>rnsruoua</span> <span class='ocrx_word' id='word_1_4' title='bbox 707 285 822 328; x_wconf 73' lang='lat' dir='ltr'>annno.</span> <span class='ocrx_word' id='word_1_5' title='bbox 991 266 1055 342; x_wconf 76' lang='lat' dir='ltr'>lab</span> 
     </span>
    </p>
   </div>
   <div class='ocr_carea' id='block_1_2' title="bbox 24 386 1094 1978">
    <p class='ocr_par' dir='ltr' id='par_1_2' title="bbox 24 386 1094 1978">
     <span class='ocr_line' id='line_1_2' title="bbox 25 386 1057 478; baseline 0 -24"><span class='ocrx_word' id='word_1_6' title='bbox 25 391 166 456; x_wconf 86' lang='lat' dir='ltr'>altorum</span> <span class='ocrx_word' id='word_1_7' title='bbox 184 391 325 478; x_wconf 90' lang='lat' dir='ltr'>quidem,</span> <span class='ocrx_word' id='word_1_8' title='bbox 342 392 374 456; x_wconf 94' lang='lat' dir='ltr'>in</span> <span class='ocrx_word' id='word_1_9' title='bbox 391 413 456 477; x_wconf 91' lang='lat' dir='ltr'>quo</span> <span class='ocrx_word' id='word_1_10' title='bbox 472 391 668 478; x_wconf 85' lang='lat' dir='ltr'>perpessioni</span> <span class='ocrx_word' id='word_1_11' title='bbox 681 390 836 456; x_wconf 82' lang='lat' dir='ltr'>obnoxius</span> <span class='ocrx_word' id='word_1_12' title='bbox 846 401 880 454; x_wconf 88' lang='lat' dir='ltr'>et</span> <span class='ocrx_word' id='word_1_13' title='bbox 895 386 1057 476; x_wconf 76' lang='lat' dir='ltr'>inglorius,</span> 
     </span>
     <span class='ocr_line' id='line_1_3' title="bbox 24 494 1094 586; baseline 0.003 -27"><span class='ocrx_word' id='word_1_14' title='bbox 24 509 58 560; x_wconf 88' lang='lat' dir='ltr'>ot</span> <span class='ocrx_word' id='word_1_15' title='bbox 83 499 254 585; x_wconf 80' lang='lat' dir='ltr'>ignominia</span> <span class='ocrx_word' id='word_1_16' title='bbox 277 497 423 574; x_wconf 84' lang='lat' dir='ltr'>allectus,</span> <span class='ocrx_word' id='word_1_17' title='bbox 447 511 480 562; x_wconf 91' lang='lat' dir='ltr'>ot</span> <span class='ocrx_word' id='word_1_18' title='bbox 502 497 670 563; x_wconf 80' lang='lat' dir='ltr'>crucifixus</span> <span class='ocrx_word' id='word_1_19' title='bbox 693 497 900 586; x_wconf 66' lang='lat' dir='ltr'>praedicatum</span> <span class='ocrx_word' id='word_1_20' title='bbox 923 494 1063 572; x_wconf 82' lang='lat' dir='ltr'>alterum</span> <span class='ocrx_word' id='word_1_21' title='bbox 1090 551 1094 562; x_wconf 91' lang='lat'>.</span> 
     </span>
     <span class='ocr_line' id='line_1_4' title="bbox 24 599 1060 692; baseline 0.004 -26"><span class='ocrx_word' id='word_1_22' title='bbox 24 627 118 678; x_wconf 86' lang='lat' dir='ltr'>voro,</span> <span class='ocrx_word' id='word_1_23' title='bbox 135 605 167 668; x_wconf 91' lang='lat' dir='ltr'>iu</span> <span class='ocrx_word' id='word_1_24' title='bbox 183 628 245 692; x_wconf 89' lang='lat' dir='ltr'>quo</span> <span class='ocrx_word' id='word_1_25' title='bbox 268 627 343 670; x_wconf 89' lang='lat' dir='ltr'>oum</span> <span class='ocrx_word' id='word_1_26' title='bbox 363 603 461 692; x_wconf 80' lang='lat' dir='ltr'>gloria</span> <span class='ocrx_word' id='word_1_27' title='bbox 482 602 602 670; x_wconf 80' lang='lat' dir='ltr'>eooelis</span> <span class='ocrx_word' id='word_1_28' title='bbox 621 599 733 679; x_wconf 86' lang='lat' dir='ltr'>aderit,</span> <span class='ocrx_word' id='word_1_29' title='bbox 756 603 883 690; x_wconf 85' lang='lat' dir='ltr'>quando</span> <span class='ocrx_word' id='word_1_30' title='bbox 903 614 936 668; x_wconf 89' lang='lat' dir='ltr'>et</span> <span class='ocrx_word' id='word_1_31' title='bbox 950 603 1060 670; x_wconf 86' lang='lat' dir='ltr'>delec-</span> 
     </span>
     <span class='ocr_line' id='line_1_5' title="bbox 26 709 1059 798; baseline 0.002 -24"><span class='ocrx_word' id='word_1_32' title='bbox 26 709 126 774; x_wconf 84' lang='lat' dir='ltr'>tionis</span> <span class='ocrx_word' id='word_1_33' title='bbox 148 710 247 776; x_wconf 90' lang='lat' dir='ltr'>homo</span> <span class='ocrx_word' id='word_1_34' title='bbox 270 711 399 798; x_wconf 81' lang='lat' dir='ltr'>grandia</span> <span class='ocrx_word' id='word_1_35' title='bbox 422 711 517 776; x_wconf 85' lang='lat' dir='ltr'>etiam</span> <span class='ocrx_word' id='word_1_36' title='bbox 538 711 686 776; x_wconf 82' lang='lat' dir='ltr'>adversus</span> <span class='ocrx_word' id='word_1_37' title='bbox 707 709 902 776; x_wconf 81' lang='lat' dir='ltr'>Altissimum</span> <span class='ocrx_word' id='word_1_38' title='bbox 919 711 953 776; x_wconf 90' lang='lat' dir='ltr'>in</span> <span class='ocrx_word' id='word_1_39' title='bbox 967 712 1059 776; x_wconf 83' lang='lat' dir='ltr'>terris</span> 
     </span>
     <span class='ocr_line' id='line_1_6' title="bbox 27 815 1058 906; baseline 0.004 -28"><span class='ocrx_word' id='word_1_40' title='bbox 27 815 177 901; x_wconf 88' lang='lat' dir='ltr'>loquens,</span> <span class='ocrx_word' id='word_1_41' title='bbox 194 816 327 882; x_wconf 74' lang='lat' dir='ltr'>nefanda</span> <span class='ocrx_word' id='word_1_42' title='bbox 342 817 473 882; x_wconf 80' lang='lat' dir='ltr'>audebit</span> <span class='ocrx_word' id='word_1_43' title='bbox 488 817 520 881; x_wconf 91' lang='lat' dir='ltr'>in</span> <span class='ocrx_word' id='word_1_44' title='bbox 535 839 592 882; x_wconf 89' lang='lat' dir='ltr'>nos</span> <span class='ocrx_word' id='word_1_45' title='bbox 605 817 809 893; x_wconf 79' lang='lat' dir='ltr'>Christianos,</span> <span class='ocrx_word' id='word_1_46' title='bbox 822 819 875 904; x_wconf 87' lang='lat' dir='ltr'>qui</span> <span class='ocrx_word' id='word_1_47' title='bbox 891 829 1058 906; x_wconf 83' lang='lat' dir='ltr'>postquam</span> 
     </span>
     <span class='ocr_line' id='line_1_7' title="bbox 28 922 1059 1014; baseline 0.002 -26"><span class='ocrx_word' id='word_1_48' title='bbox 28 922 155 1012; x_wconf 79' lang='lat' dir='ltr'>exlege</span> <span class='ocrx_word' id='word_1_49' title='bbox 175 937 208 989; x_wconf 87' lang='lat' dir='ltr'>ot</span> <span class='ocrx_word' id='word_1_50' title='bbox 228 925 370 1012; x_wconf 73' lang='lat' dir='ltr'>doctrina</span> <span class='ocrx_word' id='word_1_51' title='bbox 388 924 594 1012; x_wconf 82' lang='lat' dir='ltr'>derosolymis</span> <span class='ocrx_word' id='word_1_52' title='bbox 614 947 737 1014; x_wconf 77' lang='lat' dir='ltr'>egresse</span> <span class='ocrx_word' id='word_1_53' title='bbox 758 927 912 990; x_wconf 87' lang='lat' dir='ltr'>rationem</span> <span class='ocrx_word' id='word_1_54' title='bbox 933 926 1059 992; x_wconf 82' lang='lat' dir='ltr'>uolendi</span> 
     </span>
     <span class='ocr_line' id='line_1_8' title="bbox 30 1033 1059 1124; baseline 0.004 -29"><span class='ocrx_word' id='word_1_55' title='bbox 30 1033 90 1097; x_wconf 86' lang='lat' dir='ltr'>Dei</span> <span class='ocrx_word' id='word_1_56' title='bbox 113 1057 171 1120; x_wconf 86' lang='lat' dir='ltr'>per</span> <span class='ocrx_word' id='word_1_57' title='bbox 191 1033 357 1122; x_wconf 74' lang='lat' dir='ltr'><strong>Apostolos</strong></span> <span class='ocrx_word' id='word_1_58' title='bbox 378 1035 455 1100; x_wconf 83' lang='lat' dir='ltr'>Jesu</span> <span class='ocrx_word' id='word_1_59' title='bbox 475 1037 696 1124; x_wconf 84' lang='lat' dir='ltr'>eognovimus,</span> <span class='ocrx_word' id='word_1_60' title='bbox 718 1036 758 1100; x_wconf 90' lang='lat' dir='ltr'>ad</span> <span class='ocrx_word' id='word_1_61' title='bbox 784 1036 887 1101; x_wconf 88' lang='lat' dir='ltr'>Deum</span> <span class='ocrx_word' id='word_1_62' title='bbox 907 1035 1009 1102; x_wconf 83' lang='lat' dir='ltr'>Jacob</span> <span class='ocrx_word' id='word_1_63' title='bbox 1027 1049 1059 1100; x_wconf 91' lang='lat' dir='ltr'>et</span> 
     </span>
     <span class='ocr_line' id='line_1_9' title="bbox 28 1140 1061 1230; baseline 0.002 -26"><span class='ocrx_word' id='word_1_64' title='bbox 28 1140 135 1206; x_wconf 89' lang='lat' dir='ltr'>Deum</span> <span class='ocrx_word' id='word_1_65' title='bbox 151 1140 246 1206; x_wconf 87' lang='lat' dir='ltr'>lsrael</span> <span class='ocrx_word' id='word_1_66' title='bbox 262 1143 477 1230; x_wconf 82' lang='lat' dir='ltr'>confugimus;</span> <span class='ocrx_word' id='word_1_67' title='bbox 492 1156 525 1208; x_wconf 88' lang='lat' dir='ltr'>et</span> <span class='ocrx_word' id='word_1_68' title='bbox 537 1145 589 1230; x_wconf 89' lang='lat' dir='ltr'>qui</span> <span class='ocrx_word' id='word_1_69' title='bbox 602 1142 686 1210; x_wconf 90' lang='lat' dir='ltr'>bello</span> <span class='ocrx_word' id='word_1_70' title='bbox 697 1154 730 1208; x_wconf 88' lang='lat' dir='ltr'>et</span> <span class='ocrx_word' id='word_1_71' title='bbox 745 1143 863 1206; x_wconf 90' lang='lat' dir='ltr'>mutuis</span> <span class='ocrx_word' id='word_1_72' title='bbox 874 1142 1011 1208; x_wconf 70' lang='lat' dir='ltr'>cedibus</span> <span class='ocrx_word' id='word_1_73' title='bbox 1028 1153 1061 1206; x_wconf 86' lang='lat' dir='ltr'>ot</span> 
     </span>
     <span class='ocr_line' id='line_1_10' title="bbox 30 1247 1059 1336; baseline 0.004 -26"><span class='ocrx_word' id='word_1_74' title='bbox 30 1247 235 1336; x_wconf 76' lang='lat' dir='ltr'>improbitate</span> <span class='ocrx_word' id='word_1_75' title='bbox 251 1251 337 1314; x_wconf 89' lang='lat' dir='ltr'>omni</span> <span class='ocrx_word' id='word_1_76' title='bbox 354 1248 507 1314; x_wconf 87' lang='lat' dir='ltr'>cumulati</span> <span class='ocrx_word' id='word_1_77' title='bbox 522 1273 660 1324; x_wconf 90' lang='lat' dir='ltr'>eramus,</span> <span class='ocrx_word' id='word_1_78' title='bbox 677 1251 709 1314; x_wconf 90' lang='lat' dir='ltr'>in</span> <span class='ocrx_word' id='word_1_79' title='bbox 725 1260 794 1314; x_wconf 91' lang='lat' dir='ltr'>toto</span> <span class='ocrx_word' id='word_1_80' title='bbox 809 1261 965 1314; x_wconf 86' lang='lat' dir='ltr'>terrarum</span> <span class='ocrx_word' id='word_1_81' title='bbox 983 1251 1059 1314; x_wconf 91' lang='lat' dir='ltr'>orbe</span> 
     </span>
     <span class='ocr_line' id='line_1_11' title="bbox 29 1353 1060 1443; baseline 0.003 -26"><span class='ocrx_word' id='word_1_82' title='bbox 29 1356 241 1421; x_wconf 84' lang='lat' dir='ltr'>instrumento</span> <span class='ocrx_word' id='word_1_83' title='bbox 264 1356 396 1443; x_wconf 88' lang='lat' dir='ltr'>quisque</span> <span class='ocrx_word' id='word_1_84' title='bbox 414 1353 542 1430; x_wconf 85' lang='lat' dir='ltr'>bellice,</span> <span class='ocrx_word' id='word_1_85' title='bbox 566 1377 656 1421; x_wconf 88' lang='lat' dir='ltr'>enses</span> <span class='ocrx_word' id='word_1_86' title='bbox 675 1357 708 1420; x_wconf 87' lang='lat' dir='ltr'>in</span> <span class='ocrx_word' id='word_1_87' title='bbox 729 1378 886 1432; x_wconf 85' lang='lat' dir='ltr'>vomeres,</span> <span class='ocrx_word' id='word_1_88' title='bbox 909 1355 1013 1420; x_wconf 83' lang='lat' dir='ltr'>hostes</span> <span class='ocrx_word' id='word_1_89' title='bbox 1027 1357 1060 1420; x_wconf 90' lang='lat' dir='ltr'>in</span> 
     </span>
     <span class='ocr_line' id='line_1_12' title="bbox 29 1461 1059 1550; baseline 0.004 -28"><span class='ocrx_word' id='word_1_90' title='bbox 29 1461 164 1547; x_wconf 85' lang='lat' dir='ltr'>agrestia</span> <span class='ocrx_word' id='word_1_91' title='bbox 182 1484 269 1526; x_wconf 86' lang='lat' dir='ltr'>erma</span> <span class='ocrx_word' id='word_1_92' title='bbox 285 1463 489 1538; x_wconf 81' lang='lat' dir='ltr'>mutavimus,</span> <span class='ocrx_word' id='word_1_93' title='bbox 511 1485 700 1550; x_wconf 84' lang='lat' dir='ltr'>oremusque</span> <span class='ocrx_word' id='word_1_94' title='bbox 714 1463 878 1550; x_wconf 72' lang='lat' dir='ltr'>pietatem,</span> <span class='ocrx_word' id='word_1_95' title='bbox 894 1463 1059 1548; x_wconf 84' lang='lat' dir='ltr'>justitiam,</span> 
     </span>
     <span class='ocr_line' id='line_1_13' title="bbox 31 1569 1061 1660; baseline 0.004 -28"><span class='ocrx_word' id='word_1_96' title='bbox 31 1569 277 1646; x_wconf 87' lang='lat' dir='ltr'>humanitatem,</span> <span class='ocrx_word' id='word_1_97' title='bbox 293 1569 402 1646; x_wconf 87' lang='lat' dir='ltr'>fidem,</span> <span class='ocrx_word' id='word_1_98' title='bbox 420 1593 508 1660; x_wconf 86' lang='lat' dir='ltr'>spem</span> <span class='ocrx_word' id='word_1_99' title='bbox 526 1570 611 1636; x_wconf 82' lang='lat' dir='ltr'>illem</span> <span class='ocrx_word' id='word_1_100' title='bbox 627 1594 696 1659; x_wconf 86' lang='lat' dir='ltr'>quae</span> <span class='ocrx_word' id='word_1_101' title='bbox 711 1582 758 1636; x_wconf 85' lang='lat' dir='ltr'>est</span> <span class='ocrx_word' id='word_1_102' title='bbox 776 1594 793 1635; x_wconf 88' lang='lat' dir='ltr'>a</span> <span class='ocrx_word' id='word_1_103' title='bbox 808 1571 900 1636; x_wconf 85' lang='lat' dir='ltr'>Patre</span> <span class='ocrx_word' id='word_1_104' title='bbox 918 1589 1061 1658; x_wconf 86' lang='lat' dir='ltr'>pereum</span> 
     </span>
     <span class='ocr_line' id='line_1_14' title="bbox 31 1673 1060 1765; baseline 0.001 -25"><span class='ocrx_word' id='word_1_105' title='bbox 31 1676 85 1763; x_wconf 92' lang='lat' dir='ltr'>qui</span> <span class='ocrx_word' id='word_1_106' title='bbox 96 1676 266 1743; x_wconf 82' lang='lat' dir='ltr'>crucifixus</span> <span class='ocrx_word' id='word_1_107' title='bbox 278 1688 339 1751; x_wconf 89' lang='lat' dir='ltr'>est;</span> <span class='ocrx_word' id='word_1_108' title='bbox 355 1680 414 1742; x_wconf 93' lang='lat' dir='ltr'>snb</span> <span class='ocrx_word' id='word_1_109' title='bbox 427 1699 482 1742; x_wconf 87' lang='lat' dir='ltr'>sua</span> <span class='ocrx_word' id='word_1_110' title='bbox 494 1677 625 1765; x_wconf 88' lang='lat' dir='ltr'>quisque</span> <span class='ocrx_word' id='word_1_111' title='bbox 637 1678 699 1743; x_wconf 83' lang='lat' dir='ltr'>vite</span> <span class='ocrx_word' id='word_1_112' title='bbox 710 1678 866 1752; x_wconf 79' lang='lat' dir='ltr'>sedentes,</span> <span class='ocrx_word' id='word_1_113' title='bbox 879 1677 913 1742; x_wconf 93' lang='lat' dir='ltr'>id</span> <span class='ocrx_word' id='word_1_114' title='bbox 923 1688 982 1752; x_wconf 87' lang='lat' dir='ltr'>est,</span> <span class='ocrx_word' id='word_1_115' title='bbox 995 1673 1060 1742; x_wconf 84' lang='lat' dir='ltr'>solo</span> 
     </span>
     <span class='ocr_line' id='line_1_15' title="bbox 28 1783 1056 1872; baseline 0.002 -26"><span class='ocrx_word' id='word_1_116' title='bbox 28 1785 166 1872; x_wconf 76' lang='lat' dir='ltr'>quisque</span> <span class='ocrx_word' id='word_1_117' title='bbox 186 1783 324 1872; x_wconf 78' lang='lat' dir='ltr'>legitimo</span> <span class='ocrx_word' id='word_1_118' title='bbox 344 1807 442 1848; x_wconf 82' lang='lat' dir='ltr'>uxore</span> <span class='ocrx_word' id='word_1_119' title='bbox 463 1793 597 1848; x_wconf 85' lang='lat' dir='ltr'>utentes.</span> <span class='ocrx_word' id='word_1_120' title='bbox 622 1783 718 1861; x_wconf 88' lang='lat' dir='ltr'>Quod</span> <span class='ocrx_word' id='word_1_121' title='bbox 736 1783 821 1848; x_wconf 90' lang='lat' dir='ltr'>enim</span> <span class='ocrx_word' id='word_1_122' title='bbox 837 1784 970 1848; x_wconf 90' lang='lat' dir='ltr'>verbum</span> <span class='ocrx_word' id='word_1_123' title='bbox 983 1805 1056 1871; x_wconf 91' lang='lat' dir='ltr'>pro·</span> 
     </span>
     <span class='ocr_line' id='line_1_16' title="bbox 32 1891 1061 1978; baseline 0.003 -25"><span class='ocrx_word' id='word_1_124' title='bbox 32 1891 198 1976; x_wconf 86' lang='lat' dir='ltr'>plrotioum</span> <span class='ocrx_word' id='word_1_125' title='bbox 210 1891 286 1958; x_wconf 86' lang='lat' dir='ltr'>dicit</span> <span class='ocrx_word' id='word_1_126' title='bbox 300 1914 308 1954; x_wconf 76' lang='grc' dir='ltr'><strong><em>ε</em></strong></span> <span class='ocrx_word' id='word_1_127' title='bbox 321 1891 351 1954; x_wconf 78' lang='grc'>11</span> <span class='ocrx_word' id='word_1_128' title='bbox 354 1905 365 1954; x_wconf 94' lang='lat' dir='ltr'>t</span> <span class='ocrx_word' id='word_1_129' title='bbox 380 1913 465 1956; x_wconf 74' lang='lat' dir='ltr'>uuor</span> <span class='ocrx_word' id='word_1_130' title='bbox 477 1896 547 1978; x_wconf 82' lang='lat' dir='ltr'>ejus</span> <span class='ocrx_word' id='word_1_131' title='bbox 557 1891 640 1956; x_wconf 84' lang='lat' dir='ltr'>sieut</span> <span class='ocrx_word' id='word_1_132' title='bbox 649 1892 729 1957; x_wconf 78' lang='lat' dir='ltr'>uitis</span> <span class='ocrx_word' id='word_1_133' title='bbox 740 1891 944 1967; x_wconf 75' lang='lat' dir='ltr'>abundaru&#39;,</span> <span class='ocrx_word' id='word_1_134' title='bbox 959 1891 993 1956; x_wconf 88' lang='lat' dir='ltr'>id</span> <span class='ocrx_word' id='word_1_135' title='bbox 1004 1913 1061 1956; x_wconf 83' lang='lat' dir='ltr'>ro-</span> 
     </span>
    </p>
   </div>
   <div class='ocr_carea' id='block_1_3' title="bbox 31 1997 1059 2191">
    <p class='ocr_par' dir='ltr' id='par_1_3' title="bbox 31 1997 1059 2191">
     <span class='ocr_line' id='line_1_17' title="bbox 31 1997 1059 2087; baseline 0.003 -28"><span class='ocrx_word' id='word_1_136' title='bbox 31 1997 82 2060; x_wconf 86' lang='lat' dir='ltr'>bis</span> <span class='ocrx_word' id='word_1_137' title='bbox 97 2008 298 2085; x_wconf 85' lang='lat' dir='ltr'>perspectum</span> <span class='ocrx_word' id='word_1_138' title='bbox 311 2009 369 2062; x_wconf 86' lang='lat' dir='ltr'>est.</span> <span class='ocrx_word' id='word_1_139' title='bbox 389 1997 554 2064; x_wconf 86' lang='lat' dir='ltr'>Neminem</span> <span class='ocrx_word' id='word_1_140' title='bbox 565 2010 670 2064; x_wconf 86' lang='lat' dir='ltr'>eutem</span> <span class='ocrx_word' id='word_1_141' title='bbox 681 2021 747 2064; x_wconf 86' lang='lat' dir='ltr'>esse</span> <span class='ocrx_word' id='word_1_142' title='bbox 759 1999 813 2087; x_wconf 89' lang='lat' dir='ltr'>qui</span> <span class='ocrx_word' id='word_1_143' title='bbox 828 2022 886 2064; x_wconf 88' lang='lat' dir='ltr'>nos</span> <span class='ocrx_word' id='word_1_144' title='bbox 900 1999 933 2064; x_wconf 90' lang='lat' dir='ltr'>iu</span> <span class='ocrx_word' id='word_1_145' title='bbox 948 1998 1059 2064; x_wconf 75' lang='lat' dir='ltr'>desum</span> 
     </span>
     <span class='ocr_line' id='line_1_18' title="bbox 32 2107 1059 2191; baseline 0.006 -25"><span class='ocrx_word' id='word_1_146' title='bbox 32 2127 93 2191; x_wconf 87' lang='lat' dir='ltr'>por</span> <span class='ocrx_word' id='word_1_147' title='bbox 112 2113 214 2170; x_wconf 84' lang='lat' dir='ltr'>totum</span> <span class='ocrx_word' id='word_1_148' title='bbox 230 2107 340 2170; x_wconf 86' lang='lat' dir='ltr'>orbem</span> <span class='ocrx_word' id='word_1_149' title='bbox 354 2115 511 2171; x_wconf 86' lang='lat' dir='ltr'>terrarum</span> <span class='ocrx_word' id='word_1_150' title='bbox 529 2107 692 2171; x_wconf 86' lang='lat' dir='ltr'>credentes</span> <span class='ocrx_word' id='word_1_151' title='bbox 706 2117 875 2180; x_wconf 80' lang='lat' dir='ltr'>exterreat,</span> <span class='ocrx_word' id='word_1_152' title='bbox 889 2118 923 2171; x_wconf 88' lang='lat' dir='ltr'>et</span> <span class='ocrx_word' id='word_1_153' title='bbox 942 2107 977 2170; x_wconf 91' lang='lat' dir='ltr'>in</span> <span class='ocrx_word' id='word_1_154' title='bbox 992 2131 1059 2172; x_wconf 87' lang='lat' dir='ltr'>ser-</span> 
     </span>
    </p>
   </div>
   <div class='ocr_carea' id='block_1_4' title="bbox 32 2213 1061 2306">
    <p class='ocr_par' dir='ltr' id='par_1_4' title="bbox 32 2213 1061 2306">
     <span class='ocr_line' id='line_1_19' title="bbox 32 2213 1061 2306; baseline 0.004 -30"><span class='ocrx_word' id='word_1_155' title='bbox 32 2213 167 2278; x_wconf 82' lang='lat' dir='ltr'>vitutem</span> <span class='ocrx_word' id='word_1_156' title='bbox 185 2214 318 2303; x_wconf 84' lang='lat' dir='ltr'>redigat,</span> <span class='ocrx_word' id='word_1_157' title='bbox 338 2215 371 2278; x_wconf 91' lang='lat' dir='ltr'>in</span> <span class='ocrx_word' id='word_1_158' title='bbox 387 2227 515 2302; x_wconf 88' lang='lat' dir='ltr'>promtu</span> <span class='ocrx_word' id='word_1_159' title='bbox 530 2227 586 2282; x_wconf 85' lang='lat' dir='ltr'>est.</span> <span class='ocrx_word' id='word_1_160' title='bbox 603 2216 688 2281; x_wconf 90' lang='lat' dir='ltr'>Dum</span> <span class='ocrx_word' id='word_1_161' title='bbox 703 2217 787 2280; x_wconf 91' lang='lat' dir='ltr'>enim</span> <span class='ocrx_word' id='word_1_162' title='bbox 804 2215 908 2306; x_wconf 79' lang='lat' dir='ltr'>gladio</span> <span class='ocrx_word' id='word_1_163' title='bbox 919 2215 1061 2304; x_wconf 84' lang='lat' dir='ltr'>pereuti-</span> 
     </span>
    </p>
   </div>
   <div class='ocr_carea' id='block_1_5' title="bbox 33 2322 1097 3701">
    <p class='ocr_par' dir='ltr' id='par_1_5' title="bbox 33 2322 1097 3701">
     <span class='ocr_line' id='line_1_20' title="bbox 33 2322 1058 2411; baseline 0.002 -25"><span class='ocrx_word' id='word_1_164' title='bbox 33 2347 119 2397; x_wconf 89' lang='lat' dir='ltr'>mur,</span> <span class='ocrx_word' id='word_1_165' title='bbox 139 2323 216 2387; x_wconf 89' lang='lat' dir='ltr'>dum</span> <span class='ocrx_word' id='word_1_166' title='bbox 234 2323 461 2411; x_wconf 79' lang='lat' dir='ltr'>crucifigimur,</span> <span class='ocrx_word' id='word_1_167' title='bbox 478 2324 555 2390; x_wconf 88' lang='lat' dir='ltr'>dum</span> <span class='ocrx_word' id='word_1_168' title='bbox 571 2324 644 2390; x_wconf 87' lang='lat' dir='ltr'>seris</span> <span class='ocrx_word' id='word_1_169' title='bbox 660 2325 815 2390; x_wconf 87' lang='lat' dir='ltr'>tradimur</span> <span class='ocrx_word' id='word_1_170' title='bbox 828 2335 861 2388; x_wconf 88' lang='lat' dir='ltr'>et</span> <span class='ocrx_word' id='word_1_171' title='bbox 879 2322 1011 2388; x_wconf 87' lang='lat' dir='ltr'>vinoulis</span> <span class='ocrx_word' id='word_1_172' title='bbox 1025 2335 1058 2388; x_wconf 86' lang='lat' dir='ltr'>ot</span> 
     </span>
     <span class='ocr_line' id='line_1_21' title="bbox 35 2430 1059 2516; baseline 0.005 -24"><span class='ocrx_word' id='word_1_173' title='bbox 35 2430 99 2516; x_wconf 81' lang='lat' dir='ltr'>igni</span> <span class='ocrx_word' id='word_1_174' title='bbox 114 2443 146 2495; x_wconf 85' lang='lat' dir='ltr'>et</span> <span class='ocrx_word' id='word_1_175' title='bbox 161 2433 308 2498; x_wconf 87' lang='lat' dir='ltr'>omnibus</span> <span class='ocrx_word' id='word_1_176' title='bbox 323 2431 391 2498; x_wconf 87' lang='lat' dir='ltr'>aliis</span> <span class='ocrx_word' id='word_1_177' title='bbox 406 2433 584 2504; x_wconf 89' lang='lat' dir='ltr'>tormentis;</span> <span class='ocrx_word' id='word_1_178' title='bbox 605 2456 622 2497; x_wconf 87' lang='lat' dir='ltr'>a</span> <span class='ocrx_word' id='word_1_179' title='bbox 640 2432 846 2507; x_wconf 81' lang='lat' dir='ltr'>consessione,</span> <span class='ocrx_word' id='word_1_180' title='bbox 863 2444 899 2496; x_wconf 88' lang='lat' dir='ltr'>nt</span> <span class='ocrx_word' id='word_1_181' title='bbox 916 2432 1059 2497; x_wconf 81' lang='lat' dir='ltr'>menifes-</span> 
     </span>
     <span class='ocr_line' id='line_1_22' title="bbox 34 2539 1057 2628; baseline 0.004 -28"><span class='ocrx_word' id='word_1_182' title='bbox 34 2549 105 2600; x_wconf 91' lang='lat' dir='ltr'>tum</span> <span class='ocrx_word' id='word_1_183' title='bbox 117 2548 176 2613; x_wconf 85' lang='lat' dir='ltr'>est,</span> <span class='ocrx_word' id='word_1_184' title='bbox 192 2561 257 2604; x_wconf 92' lang='lat' dir='ltr'>non</span> <span class='ocrx_word' id='word_1_185' title='bbox 272 2539 470 2608; x_wconf 74' lang='lat' dir='ltr'>discedimus.</span> <span class='ocrx_word' id='word_1_186' title='bbox 491 2539 554 2606; x_wconf 84' lang='lat' dir='ltr'>Sed</span> <span class='ocrx_word' id='word_1_187' title='bbox 569 2541 797 2628; x_wconf 81' lang='lat' dir='ltr'>quantomagis</span> <span class='ocrx_word' id='word_1_188' title='bbox 812 2540 974 2628; x_wconf 79' lang='lat' dir='ltr'>magisque</span> <span class='ocrx_word' id='word_1_189' title='bbox 984 2539 1057 2604; x_wconf 88' lang='lat' dir='ltr'>talia</span> 
     </span>
     <span class='ocr_line' id='line_1_23' title="bbox 33 2644 1059 2736; baseline 0.003 -27"><span class='ocrx_word' id='word_1_190' title='bbox 33 2645 126 2709; x_wconf 91' lang='lat' dir='ltr'>nobis</span> <span class='ocrx_word' id='word_1_191' title='bbox 141 2644 337 2733; x_wconf 80' lang='lat' dir='ltr'>infliguntur,</span> <span class='ocrx_word' id='word_1_192' title='bbox 353 2669 392 2711; x_wconf 88' lang='lat' dir='ltr'>eo</span> <span class='ocrx_word' id='word_1_193' title='bbox 405 2645 511 2735; x_wconf 76' lang='lat' dir='ltr'>plures</span> <span class='ocrx_word' id='word_1_194' title='bbox 531 2646 583 2714; x_wconf 88' lang='lat' dir='ltr'>alii</span> <span class='ocrx_word' id='word_1_195' title='bbox 600 2671 659 2736; x_wconf 88' lang='lat' dir='ltr'>per</span> <span class='ocrx_word' id='word_1_196' title='bbox 677 2669 793 2712; x_wconf 88' lang='lat' dir='ltr'>nomen</span> <span class='ocrx_word' id='word_1_197' title='bbox 806 2648 883 2712; x_wconf 85' lang='lat' dir='ltr'>desu</span> <span class='ocrx_word' id='word_1_198' title='bbox 902 2646 1011 2711; x_wconf 85' lang='lat' dir='ltr'>fideles</span> <span class='ocrx_word' id='word_1_199' title='bbox 1026 2657 1059 2712; x_wconf 89' lang='lat' dir='ltr'>et</span> 
     </span>
     <span class='ocr_line' id='line_1_24' title="bbox 33 2751 1058 2842; baseline 0.004 -28"><span class='ocrx_word' id='word_1_200' title='bbox 33 2753 77 2838; x_wconf 94' lang='lat' dir='ltr'>pii</span> <span class='ocrx_word' id='word_1_201' title='bbox 93 2751 183 2817; x_wconf 90' lang='lat' dir='ltr'>fiunt.</span> <span class='ocrx_word' id='word_1_202' title='bbox 203 2753 482 2832; x_wconf 71' lang='lat' dir='ltr'>Quemadmodum</span> <span class='ocrx_word' id='word_1_203' title='bbox 497 2755 580 2830; x_wconf 86' lang='lat' dir='ltr'>vitis,</span> <span class='ocrx_word' id='word_1_204' title='bbox 597 2755 622 2819; x_wconf 92' lang='lat' dir='ltr'>si</span> <span class='ocrx_word' id='word_1_205' title='bbox 636 2756 705 2841; x_wconf 88' lang='lat' dir='ltr'>quis</span> <span class='ocrx_word' id='word_1_206' title='bbox 717 2767 821 2842; x_wconf 85' lang='lat' dir='ltr'>portes</span> <span class='ocrx_word' id='word_1_207' title='bbox 836 2752 904 2817; x_wconf 87' lang='lat' dir='ltr'>illas</span> <span class='ocrx_word' id='word_1_208' title='bbox 915 2764 1058 2840; x_wconf 88' lang='lat' dir='ltr'>amputet</span> 
     </span>
     <span class='ocr_line' id='line_1_25' title="bbox 34 2859 1062 2947; baseline 0.004 -25"><span class='ocrx_word' id='word_1_209' title='bbox 34 2882 104 2946; x_wconf 81' lang='lat' dir='ltr'>quae</span> <span class='ocrx_word' id='word_1_210' title='bbox 120 2859 259 2926; x_wconf 77' lang='lat' dir='ltr'>fructum</span> <span class='ocrx_word' id='word_1_211' title='bbox 274 2860 392 2934; x_wconf 85' lang='lat' dir='ltr'>serunt,</span> <span class='ocrx_word' id='word_1_212' title='bbox 407 2859 450 2924; x_wconf 88' lang='lat' dir='ltr'>ita</span> <span class='ocrx_word' id='word_1_213' title='bbox 466 2859 605 2947; x_wconf 89' lang='lat' dir='ltr'>prolicit,</span> <span class='ocrx_word' id='word_1_214' title='bbox 621 2871 657 2924; x_wconf 85' lang='lat' dir='ltr'>ut</span> <span class='ocrx_word' id='word_1_215' title='bbox 676 2860 751 2924; x_wconf 87' lang='lat' dir='ltr'>alios</span> <span class='ocrx_word' id='word_1_216' title='bbox 766 2859 915 2924; x_wconf 84' lang='lat' dir='ltr'>llorentes</span> <span class='ocrx_word' id='word_1_217' title='bbox 931 2871 963 2923; x_wconf 86' lang='lat' dir='ltr'>et</span> <span class='ocrx_word' id='word_1_218' title='bbox 977 2860 1062 2926; x_wconf 81' lang='lat' dir='ltr'>fruo-</span> 
     </span>
     <span class='ocr_line' id='line_1_26' title="bbox 35 2967 1054 3053; baseline 0.003 -24"><span class='ocrx_word' id='word_1_219' title='bbox 35 2967 142 3032; x_wconf 87' lang='lat' dir='ltr'>tiloros</span> <span class='ocrx_word' id='word_1_220' title='bbox 153 2967 298 3053; x_wconf 84' lang='lat' dir='ltr'>palmites</span> <span class='ocrx_word' id='word_1_221' title='bbox 309 2989 416 3032; x_wconf 89' lang='lat' dir='ltr'>rursus</span> <span class='ocrx_word' id='word_1_222' title='bbox 433 2967 587 3052; x_wconf 60' lang='lat' dir='ltr'>proferam</span> <span class='ocrx_word' id='word_1_223' title='bbox 602 2967 687 3030; x_wconf 87' lang='lat' dir='ltr'>idem</span> <span class='ocrx_word' id='word_1_224' title='bbox 702 2967 792 3030; x_wconf 88' lang='lat' dir='ltr'>nobis</span> <span class='ocrx_word' id='word_1_225' title='bbox 805 2988 930 3052; x_wconf 89' lang='lat' dir='ltr'>quoque</span> <span class='ocrx_word' id='word_1_226' title='bbox 940 2967 1054 3032; x_wconf 81' lang='lat' dir='ltr'>evenit.</span> 
     </span>
     <span class='ocr_line' id='line_1_27' title="bbox 36 3071 1058 3161; baseline 0.004 -25"><span class='ocrx_word' id='word_1_227' title='bbox 36 3073 178 3138; x_wconf 89' lang='lat' dir='ltr'>Plantatn</span> <span class='ocrx_word' id='word_1_228' title='bbox 188 3074 271 3138; x_wconf 90' lang='lat' dir='ltr'>enim</span> <span class='ocrx_word' id='word_1_229' title='bbox 284 3097 301 3136; x_wconf 91' lang='lat' dir='ltr'>a</span> <span class='ocrx_word' id='word_1_230' title='bbox 314 3073 382 3138; x_wconf 91' lang='lat' dir='ltr'>Deo</span> <span class='ocrx_word' id='word_1_231' title='bbox 393 3085 425 3137; x_wconf 87' lang='lat' dir='ltr'>et</span> <span class='ocrx_word' id='word_1_232' title='bbox 437 3071 597 3137; x_wconf 83' lang='lat' dir='ltr'>Salvatore</span> <span class='ocrx_word' id='word_1_233' title='bbox 608 3071 734 3138; x_wconf 86' lang='lat' dir='ltr'>Christo</span> <span class='ocrx_word' id='word_1_234' title='bbox 748 3074 830 3149; x_wconf 84' lang='lat' dir='ltr'>ritis,</span> <span class='ocrx_word' id='word_1_235' title='bbox 844 3072 979 3161; x_wconf 84' lang='lat' dir='ltr'>populus</span> <span class='ocrx_word' id='word_1_236' title='bbox 989 3076 1058 3161; x_wconf 88' lang='lat' dir='ltr'>ejus</span> 
     </span>
     <span class='ocr_line' id='line_1_28' title="bbox 37 3179 1059 3270; baseline 0.002 -25"><span class='ocrx_word' id='word_1_237' title='bbox 37 3193 95 3246; x_wconf 88' lang='lat' dir='ltr'>ost.</span> <span class='ocrx_word' id='word_1_238' title='bbox 113 3179 281 3266; x_wconf 82' lang='lat' dir='ltr'>Reliquum</span> <span class='ocrx_word' id='word_1_239' title='bbox 294 3193 400 3244; x_wconf 85' lang='lat' dir='ltr'>autern</span> <span class='ocrx_word' id='word_1_240' title='bbox 419 3180 592 3270; x_wconf 73' lang='lat' dir='ltr'>prophetiae</span> <span class='ocrx_word' id='word_1_241' title='bbox 612 3181 645 3246; x_wconf 91' lang='lat' dir='ltr'>in</span> <span class='ocrx_word' id='word_1_242' title='bbox 666 3179 765 3246; x_wconf 84' lang='lat' dir='ltr'>altero</span> <span class='ocrx_word' id='word_1_243' title='bbox 780 3182 848 3268; x_wconf 88' lang='lat' dir='ltr'>ejus</span> <span class='ocrx_word' id='word_1_244' title='bbox 866 3181 1002 3247; x_wconf 84' lang='lat' dir='ltr'>adventu</span> <span class='ocrx_word' id='word_1_245' title='bbox 1018 3182 1059 3247; x_wconf 86' lang='lat' dir='ltr'>nd</span> 
     </span>
     <span class='ocr_line' id='line_1_29' title="bbox 36 3285 1059 3378; baseline 0.004 -26"><span class='ocrx_word' id='word_1_246' title='bbox 36 3288 188 3352; x_wconf 69' lang='lat' dir='ltr'>ellectum</span> <span class='ocrx_word' id='word_1_247' title='bbox 203 3288 404 3375; x_wconf 85' lang='lat' dir='ltr'>perducetur.</span> <span class='ocrx_word' id='word_1_248' title='bbox 419 3286 502 3352; x_wconf 94' lang='lat' dir='ltr'>lllud</span> <span class='ocrx_word' id='word_1_249' title='bbox 512 3288 610 3362; x_wconf 89' lang='lat' dir='ltr'>enim,</span> <span class='ocrx_word' id='word_1_250' title='bbox 622 3289 784 3378; x_wconf 77' lang='lat' dir='ltr'>angustiis</span> <span class='ocrx_word' id='word_1_251' title='bbox 793 3285 960 3377; x_wconf 68' lang='lat' dir='ltr'>offertum,</span> <span class='ocrx_word' id='word_1_252' title='bbox 976 3289 1059 3356; x_wconf 88' lang='lat' dir='ltr'>hano</span> 
     </span>
     <span class='ocr_line' id='line_1_30' title="bbox 37 3385 1058 3482; baseline 0.003 -22"><span class='ocrx_word' id='word_1_253' title='bbox 37 3396 134 3460; x_wconf 89' lang='lat' dir='ltr'>habet</span> <span class='ocrx_word' id='word_1_254' title='bbox 154 3395 342 3460; x_wconf 86' lang='lat' dir='ltr'>sententiam</span> <span class='ocrx_word' id='word_1_255' title='bbox 363 3395 460 3480; x_wconf 90' lang='lat' dir='ltr'>quod,</span> <span class='ocrx_word' id='word_1_256' title='bbox 482 3397 688 3482; x_wconf 89' lang='lat' dir='ltr'>quantumin</span> <span class='ocrx_word' id='word_1_257' title='bbox 709 3397 795 3462; x_wconf 83' lang='lat' dir='ltr'>vobis</span> <span class='ocrx_word' id='word_1_258' title='bbox 817 3385 918 3462; x_wconf 81' lang='lat' dir='ltr'>estet</span> <span class='ocrx_word' id='word_1_259' title='bbox 938 3400 1058 3463; x_wconf 83' lang='lat' dir='ltr'>oaeteris</span> 
     </span>
     <span class='ocr_line' id='line_1_31' title="bbox 37 3501 1097 3593; baseline 0.003 -23"><span class='ocrx_word' id='word_1_260' title='bbox 37 3503 185 3570; x_wconf 89' lang='lat' dir='ltr'>omnibns</span> <span class='ocrx_word' id='word_1_261' title='bbox 200 3502 394 3578; x_wconf 88' lang='lat' dir='ltr'>hominibus,</span> <span class='ocrx_word' id='word_1_262' title='bbox 412 3525 476 3567; x_wconf 91' lang='lat' dir='ltr'>non</span> <span class='ocrx_word' id='word_1_263' title='bbox 490 3501 593 3569; x_wconf 90' lang='lat' dir='ltr'>solum</span> <span class='ocrx_word' id='word_1_264' title='bbox 610 3526 648 3568; x_wconf 87' lang='lat' dir='ltr'>ex</span> <span class='ocrx_word' id='word_1_265' title='bbox 664 3505 796 3591; x_wconf 86' lang='lat' dir='ltr'>propriis</span> <span class='ocrx_word' id='word_1_266' title='bbox 814 3506 1059 3593; x_wconf 82' lang='lat' dir='ltr'>possessionibus</span> <span class='ocrx_word' id='word_1_267' title='bbox 1092 3543 1097 3562; x_wconf 87' lang='lat'><strong>·</strong></span> 
     </span>
     <span class='ocr_line' id='line_1_32' title="bbox 41 3611 1058 3701; baseline 0.003 -23"><span class='ocrx_word' id='word_1_268' title='bbox 41 3613 252 3701; x_wconf 88' lang='lat' dir='ltr'>unusquisque</span> <span class='ocrx_word' id='word_1_269' title='bbox 277 3611 527 3678; x_wconf 77' lang='lat' dir='ltr'>Christianorum</span> <span class='ocrx_word' id='word_1_270' title='bbox 546 3611 722 3700; x_wconf 83' lang='lat' dir='ltr'>expellitur,</span> <span class='ocrx_word' id='word_1_271' title='bbox 745 3613 913 3680; x_wconf 83' lang='lat' dir='ltr'>sedetiam</span> <span class='ocrx_word' id='word_1_272' title='bbox 933 3637 971 3678; x_wconf 88' lang='lat' dir='ltr'>ex</span> <span class='ocrx_word' id='word_1_273' title='bbox 992 3627 1058 3681; x_wconf 92' lang='lat' dir='ltr'>toto</span> 
     </span>
    </p>
   </div>
   <div class='ocr_carea' id='block_1_6' title="bbox 41 3721 1059 3832">
    <p class='ocr_par' dir='ltr' id='par_1_6' title="bbox 41 3721 1059 3832">
     <span class='ocr_line' id='line_1_33' title="bbox 41 3721 1059 3832; baseline 0.004 -46"><span class='ocrx_word' id='word_1_274' title='bbox 41 3723 299 3832; x_wconf 34' lang='lat' dir='ltr'>terrarumuorbe,</span> <span class='ocrx_word' id='word_1_275' title='bbox 316 3746 377 3790; x_wconf 87' lang='lat' dir='ltr'>nec</span> <span class='ocrx_word' id='word_1_276' title='bbox 392 3721 447 3790; x_wconf 94' lang='lat' dir='ltr'>ulli</span> <span class='ocrx_word' id='word_1_277' title='bbox 464 3722 641 3791; x_wconf 84' lang='lat' dir='ltr'>Christiano</span> <span class='ocrx_word' id='word_1_278' title='bbox 656 3723 752 3789; x_wconf 86' lang='lat' dir='ltr'>vitam</span> <span class='ocrx_word' id='word_1_279' title='bbox 767 3721 897 3790; x_wconf 88' lang='lat' dir='ltr'>liberum</span> <span class='ocrx_word' id='word_1_280' title='bbox 912 3722 1059 3813; x_wconf 87' lang='lat' dir='ltr'>relinqui·</span> 
     </span>
    </p>
   </div>
   <div class='ocr_carea' id='block_1_7' title="bbox 74 3849 296 3911">
    <p class='ocr_par' dir='ltr' id='par_1_7' title="bbox 74 3849 296 3911">
     <span class='ocr_line' id='line_1_34' title="bbox 74 3849 296 3911; baseline 0.005 -11"><span class='ocrx_word' id='word_1_281' title='bbox 74 3851 82 3882; x_wconf 91' lang='lat'>¹</span> <span class='ocrx_word' id='word_1_282' title='bbox 94 3849 154 3900; x_wconf 76' lang='lat' dir='ltr'>Pul.</span> <span class='ocrx_word' id='word_1_283' title='bbox 168 3867 262 3911; x_wconf 69' lang='lat' dir='ltr'>sextu,</span> <span class='ocrx_word' id='word_1_284' title='bbox 273 3853 296 3902; x_wconf 80' lang='lat'>3.</span> 
     </span>
    </p>
   </div>
   <div class='ocr_carea' id='block_1_8' title="bbox 0 0 1338 4622">
    <p class='ocr_par' dir='ltr' id='par_1_8' title="bbox 0 0 1338 4622">
     <span class='ocr_line' id='line_1_35' title="bbox 0 0 1338 4622; baseline 0 0"><span class='ocrx_word' id='word_1_285' title='bbox 0 0 1338 4622; x_wconf 95' lang='lat' dir='ltr'> </span> 
     </span>
    </p>
   </div>
  </div>
 </body>
</html>
