2492 4632
354 275 476 320 curras
500 275 649 320 unamm-
952 252 1015 334 4⁰7

30 379 47 446 i
62 403 98 445 :s
115 381 340 472 Adjutorium,
354 383 472 474 inquit,
484 405 620 450 meums
632 381 784 458 Domino,
797 379 851 470 qui
866 377 941 446 iecit
957 401 1019 445 coe·

29 513 76 556 un
94 505 128 558 et
152 493 301 560 tcrrsm¹.
322 495 389 562 »Et
407 493 513 562 Esaias
532 493 703 561 confitetur
724 515 741 556 s
765 491 847 566 Deo,
868 488 923 580 qui
945 487 1020 554 iecit

28 599 100 668 lum
124 615 156 668 et
175 615 305 678 terrum,
330 617 363 672 et
385 604 567 671 dominatur
587 625 713 684 eorum,
734 601 804 668 heri
824 621 987 667 sermones
1008 621 1016 663 t

27 711 116 786 iudi,
128 713 243 802 inquit,
257 711 389 790 ooelum,
404 724 438 780 et
451 711 582 779 auribus
597 713 739 802 percipe,
754 723 853 785 terra,
865 705 1019 795 quonism

26 821 167 886 *ominus
190 820 317 888 loeutus
337 833 384 888 est
392 821 414 886 ².
433 821 501 887 »Et
522 821 640 888 iterum
660 842 669 884 ε
687 845 700 880 s
719 819 774 886 sio
796 816 841 883 ait
862 813 1018 882 Dominus

25 931 113 1006 teus,
126 932 181 1020 qui
192 931 266 998 seuit
278 929 407 1008 omium,
419 942 452 998 et
462 931 562 998 affixit
572 930 652 997 illud
659 955 668 1006 ς
681 930 735 1020 qui
746 926 946 996 confirmavit
958 936 1018 990 ter

24 1061 82 1104 am
98 1052 132 1106 et
144 1063 217 1130 quae
233 1041 266 1106 in
281 1061 317 1106 eu
334 1054 423 1116 sunts
438 1043 537 1131 etqui
551 1041 606 1106 dut
620 1039 762 1105 afflatum
773 1034 891 1128 populo
906 1031 961 1124 qui
971 1045 1020 1100 est

22 1169 103 1235 uper
117 1167 202 1223 eam,
214 1159 248 1212 et
259 1147 404 1236 spiritum
415 1147 464 1213 his
476 1148 530 1236 qui
541 1145 667 1214 micent
677 1143 793 1211 illam¹.
807 1172 821 1205 ι

21 1254 64 1321 11.
79 1253 221 1322 Rursum
230 1256 385 1323 Dominus
396 1267 503 1323 noster
512 1255 605 1321 «Iesus
614 1252 759 1320 Christus
770 1251 919 1318 cumdem
930 1252 1019 1318 hunc

23 1376 108 1430 trem
123 1387 218 1430 suum
233 1363 418 1441 confitetur,
431 1365 464 1430 in
475 1387 515 1429 eo
526 1363 613 1453 quod
628 1361 705 1428 dicit
718 1384 753 1426 :s
769 1357 931 1428 Confiteor
946 1358 1016 1435 tihi,

19 1474 116 1551 ieter,
128 1474 263 1541 Domine
280 1472 352 1541 coeli
366 1484 399 1540 et
413 1485 505 1540 terrae
516 1471 538 1538 ⁸.
558 1473 689 1554 »Quem
701 1470 828 1538 Patrem
840 1468 949 1538 volunt
960 1490 1018 1536 nos

21 1584 91 1648 dire
103 1583 138 1650 hi
149 1583 202 1673 quui
211 1582 444 1652 suntPsndorae
452 1583 677 1673 perversissimi
685 1582 833 1672 sophistae
842 1580 1017 1646 iUtrumne

17 1692 136 1767 rthum.
150 1716 280 1783 quema
297 1693 472 1783 semetipsis
487 1691 664 1767 finxerunt;
679 1717 720 1759 un
734 1691 868 1758 Matrem
886 1712 1013 1762 eorumt

16 1801 267 1892 :Unigenitumi
282 1825 323 1868 an
337 1825 435 1892 quem
449 1801 643 1870 Marcionitae
659 1799 708 1869 vel
723 1800 830 1868 caeteri
849 1799 1018 1866 adinvene-

19 1923 56 1976 nt
71 1911 176 1978 Deum
196 1909 314 2000 (quem
330 1911 460 2000 quidem
474 1933 539 1977 non
553 1933 622 1976 esse
637 1910 754 1986 Deum,
770 1907 943 1998 per-multa
958 1908 1017 1974 de-

15 2021 272 2110 unstrarimus)i'
294 2045 334 2088 an
362 2020 468 2110 (quod
489 2033 537 2088 est
552 2025 682 2110 rerum)
700 2021 923 2088 fabricatorem
943 2017 1018 2086 cmii

12 2129 143 2222 torret
155 2153 251 2218 quam
262 2143 295 2196 et
306 2129 473 2220 Prophetae
484 2129 748 2220 predicaverunt,
760 2153 856 2220 quem
868 2141 900 2196 ct
911 2129 1018 2196 Chris-

12 2245 31 2304 ἐ
55 2261 150 2306 suum
170 2238 298 2308 Putrem
320 2241 504 2318 confitetur,
526 2264 621 2331 quem
637 2254 669 2307 et
688 2240 754 2308 Lex
767 2241 946 2318 annuntiat,
967 2241 1017 2307 di-

13 2373 56 2414 =ns
74 2373 82 2414 ε
103 2349 214 2416 «Audi
229 2349 339 2426 israel,
355 2351 509 2418 Dominus
523 2351 609 2416 Deus
628 2363 701 2417 tuus
720 2373 799 2416 unus
817 2349 895 2416 est⁶.
913 2378 927 2413 ε

11 2441 82 2524 '111.
99 2458 259 2538 Quoniam
270 2473 378 2528 autem
389 2461 488 2549 Moysi
500 2459 611 2526 littere
622 2461 719 2527 rerba
730 2461 794 2527 sint
804 2461 935 2537 Christi,
947 2461 1015 2550 ipse

11 2577 24 2631 t
40 2567 82 2634 ad
97 2568 239 2645 Judaecs,
255 2571 525 2658 quemadmodum
541 2570 681 2638 «Ioannes
696 2570 729 2636 in
744 2570 914 2660 Evangelio
929 2593 1017 2637 com·

14 2690 175 2744 emorntus
196 2691 244 2744 est
268 2702 276 2743 :
294 2705 307 2740 s
327 2679 360 2744 Si
383 2681 596 2746 credidissetis
617 2677 731 2767 Moysi,
752 2679 963 2746 credidissetis
983 2690 1017 2746 ot

11 2787 108 2852 mihi:
123 2785 164 2853 de
179 2809 231 2854 me
245 2787 331 2854 enim
348 2787 400 2854 ilie
415 2790 550 2878 scripsit.
566 2787 600 2852 Si
613 2799 721 2852 autem
730 2783 815 2852 iliius
827 2786 938 2853 litteris
950 2811 1015 2853 non

11 2897 147 2970 creditis,
169 2918 273 2982 neque
293 2896 372 2960 meis
388 2896 590 2962 sermonibus
611 2895 748 2962 credetis
759 2895 780 2961 ⁸.
799 2895 1014 2962 »Manifestis-

11 3026 62 3068 me
81 3003 274 3091 significans,
297 3003 398 3090 Moysi
419 3003 539 3068 litteras
562 3025 636 3068 suos
658 3027 727 3070 esse
740 3027 913 3072 sermones.
930 3007 1014 3098 Ergo

20 3110 136 3196 Moysi,
155 3121 188 3176 et
203 3109 399 3199 reliquorum
414 3111 481 3178 sina
496 3111 595 3180 dubio
609 3111 840 3202 Prophetarum
851 3139 1012 3186 sermones

11 3219 177 3295 siussunt,
186 3219 455 3307 quemadmodum
467 3221 763 3290 demonstravimus.
773 3225 937 3292 Etitarum
948 3227 1014 3315 ipse

11 3327 137 3395 ominus
162 3329 312 3406 ostendit,
335 3330 497 3398 Abraham
513 3329 626 3398 dixisse
641 3329 729 3398 diviti
746 3331 787 3399 de
804 3333 852 3400 his
867 3335 1014 3402 omnihus

11 3437 37 3500 ri
54 3434 158 3502 adhuc
173 3448 264 3502 erant
281 3436 313 3502 in
329 3436 390 3502 vitu
408 3459 416 3500 ε
436 3463 448 3497 s
463 3437 497 3504 Si
511 3436 613 3526 Moysi
629 3449 661 3506 et
674 3437 840 3529 Prophetis
859 3463 923 3508 non
936 3445 1014 3510 ohe-

11 3547 116 3622 diuut‚
133 3569 193 3614 uec
209 3548 234 3613 si
251 3547 319 3637 quis
340 3571 358 3614 a
380 3549 513 3617 mortuis
528 3571 696 3641 resurgens
717 3551 759 3618 ad
774 3551 844 3619 illos
863 3565 926 3628 cat,
942 3576 1013 3620 erea

11 3656 88 3723 doni
103 3655 131 3722 ei
141 3653 162 3720 ⁷.
182 3684 195 3718 a

18 3809 103 3860 ¹Psal.
113 3825 159 3870 ru,
170 3827 209 3872 rt,
219 3820 244 3862 ct
253 3827 342 3870 exurar,
352 3811 375 3861 8.
392 3839 421 3849 -
438 3810 527 3862 ’Esah
540 3831 557 3873 r,
571 3828 592 3862 s.
604 3839 633 3850 -
645 3811 655 3846 ⁸
667 3811 733 3862 Beni.
745 3827 804 3874 ssu,
815 3813 839 3862 ⁵.
851 3812 902 3851 -⁴
916 3811 1007 3864 Matth.

12 3931 19 3957 ,
36 3899 74 3944 25.
88 3896 136 3934 ·-⁵
150 3897 225 3946 Dent.
237 3915 272 3960 vr,
281 3897 304 3958 d.
320 3927 349 3937 -
361 3897 371 3930 ⁵
382 3898 457 3948 ioan.
471 3914 496 3957 v,
508 3897 598 3962 46,st
613 3927 643 3936 -
654 3899 662 3930 ⁷
673 3899 735 3948 huc.
747 3915 799 3962 rvr,
811 3899 852 3952 31.
