2674 4618
200 233 237 292 50.
337 271 339 276 ,
599 251 808 294 trochiscus

198 357 280 422 nulla
298 359 403 423 subest
417 370 540 432 natura,
552 359 628 446 qnid
644 360 688 422 eis
703 359 823 446 prosint
837 357 985 422 nomino?
1002 355 1094 420 Illum
1106 368 1212 420 autem

196 465 380 531 invisibilem
398 489 437 530 ex
458 465 605 553 operibus
627 465 799 552 inquirens,
819 489 855 530 ou
876 466 1000 530 videbat
1019 489 1089 553 qnae
1110 465 1214 530 muni-

195 576 270 640 lesta
286 586 358 639 sunt
373 574 405 639 in
419 574 535 638 aethere
549 586 582 637 et
595 585 687 638 terra.
701 573 800 661 Cujus
814 597 888 664 ergo
903 582 1025 640 exstant
1040 596 1146 661 opera,
1159 595 1212 638 cu-

194 687 305 772 jusque
320 683 437 771 Spiritu
453 696 615 772 reguntur,
637 685 722 750 hunc
736 683 838 750 Deum
853 679 919 749 esse
937 683 1145 772 perspiciebat
1163 683 1211 766 (oi

193 795 286 857 otiam
303 792 472 882 Sophocle,
487 793 543 880 qui
556 791 653 857 dixit:

271 969 352 1024 Unus
365 963 493 1042 profecto
508 974 559 1034 est,
573 981 647 1019 uuus
659 974 702 1019 est
716 974 826 1020 tantum
840 967 917 1020 Deus

270 1059 340 1120 Coeli
355 1071 440 1138 atque
454 1071 537 1118 terrae
549 1058 681 1116 conditor
694 1057 846 1126 latissimas,

190 1233 378 1300 assentiente
398 1232 484 1298 droa
505 1231 561 1296 Dei
583 1243 739 1304 naturum,
764 1252 834 1317 quae
858 1229 961 1293 divino
983 1249 1077 1316 opera
1100 1227 1210 1316 implet

190 1339 457 1430 pulchritudine),
476 1349 646 1426 utmmque
666 1350 700 1402 et
723 1337 776 1402 uhi
795 1336 897 1402 Deum
918 1359 984 1402 esse
1001 1347 1159 1423 oporteat,
1177 1349 1210 1400 et

190 1473 289 1516 unum
303 1472 370 1514 csse
385 1461 529 1537 oportere
545 1447 772 1513 demonstrans.

233 1557 286 1624 Vl.
311 1555 468 1622 Philolaiis
486 1567 594 1621 autem
613 1568 763 1644 tanquam
780 1555 812 1620 in
827 1577 966 1629 carcere,
987 1555 1092 1618 omnia
1107 1576 1125 1618 a
1140 1553 1209 1620 Deo

190 1663 414 1754 comprehendi
434 1684 587 1738 asserens,
611 1674 643 1726 et
664 1681 762 1728 unum
782 1685 861 1736 esse,
877 1675 909 1726 ot
931 1683 1024 1749 supra
1043 1663 1209 1728 materiam

189 1797 255 1838 esse
276 1773 478 1840 demonstrat.
504 1771 592 1858 Lysis
607 1793 680 1836 vero
698 1784 732 1835 ot
750 1770 899 1859 Opsimus
917 1771 1020 1836 Deum
1040 1771 1205 1848 desmiunt,

188 1882 266 1946 alter
280 1881 408 1968 quidem
428 1901 596 1946 numerum
617 1901 681 1944 non
704 1877 923 1954 cnarrabilcm,
945 1877 1025 1944 alter
1046 1892 1149 1945 autem
1171 1879 1204 1945 id

189 2014 251 2076 quo
273 1990 423 2054 maximus
442 2009 592 2054 numerus
611 1988 789 2075 proximum
804 1986 864 2051 sibi
880 2009 1047 2051 numerum
1065 1999 1201 2076 superat.

189 2101 286 2187 igitur
297 2099 321 2162 si
339 2097 492 2163 maximus
511 2117 673 2170 numerus,
691 2107 725 2160 ut
742 2095 954 2184 Pythagoricis
971 2095 1084 2184 piacet,
1105 2097 1204 2162 dena-

188 2207 320 2282 riusest,
336 2218 442 2294 utpoto
458 2205 737 2292 quamanimae
752 2204 928 2270 numerales
943 2189 1050 2270 omnes
1064 2205 1200 2270 rationes

187 2326 218 2378 et
230 2314 426 2379 harmonicas
437 2313 470 2379 in
485 2335 518 2378 so
530 2314 706 2389 continens,
719 2335 855 2400 eumque
864 2314 1044 2378 novenarius
1056 2313 1198 2400 proxime

184 2423 354 2495 antecedit3
374 2423 475 2488 unita‘s
490 2436 538 2487 est
552 2423 649 2496 Deus,
662 2421 694 2486 id
707 2435 756 2488 cst
769 2443 861 2486 smus.
879 2421 1000 2486 Uuitate
1009 2421 1093 2486 enim
1104 2421 1204 2485 maxi-

181 2553 251 2595 mus
274 2555 422 2596 uumerus
443 2555 517 2596 cum
543 2543 668 2620 superat
690 2531 743 2618 qui
764 2530 904 2618 proxime
929 2530 1031 2594 minor
1051 2542 1098 2594 cst
1118 2530 1201 2617 ipso.

182 2640 317 2705 Platonis
332 2640 426 2704 etiam
440 2652 472 2704 et
487 2637 660 2704 Aristotelis
681 2637 866 2702 sententiam
884 2658 1049 2724 exponam.
1072 2635 1137 2702 Nec
1152 2648 1202 2700 ta-

182 2773 255 2815 men
266 2749 352 2837 quasi
364 2747 621 2838 philosophorum
632 2745 745 2834 placita
757 2758 904 2812 accurate
914 2746 1146 2820 demonstrans,
1158 2745 1202 2810 itu

181 2880 291 2922 eorum
303 2857 341 2922 de
353 2857 419 2922 Deo
431 2856 513 2922 dicta
525 2878 705 2945 persequor.
719 2853 792 2919 Scio
803 2854 887 2920 enim
898 2866 1052 2944 quantum
1063 2854 1202 2946 pruden-

182 2966 222 3029 tia
241 2978 273 3029 et
289 2965 409 3053 imperii
425 2955 563 3054 potentia
578 2985 687 3028 omnes
703 2961 866 3055 superatis,
885 2971 972 3024 tanto
994 2960 1088 3024 etiam
1104 2983 1203 3026 aceu-

180 3085 245 3138 ruta
261 3072 361 3139 omnis
376 3072 558 3138 cruditionis
574 3070 808 3158 investigatione
820 3068 966 3133 omnibus
981 3080 1142 3157 praestare,
1155 3069 1202 3134 sie

179 3183 210 3247 in
227 3183 354 3272 siugulis
370 3183 519 3248 doctrinae
531 3181 672 3270 partibus
683 3189 853 3252 versantes,
872 3189 906 3240 ut
918 3199 957 3241 ne
969 3175 988 3240 ii
1006 3175 1133 3264 quidem
1145 3178 1202 3263 qui

180 3316 272 3356 unam
287 3292 424 3380 aliquam
438 3291 520 3357 illius
534 3304 656 3381 partem
670 3287 821 3362 avellunt,
839 3299 961 3352 tuntum
977 3298 1195 3374 assequantur.

178 3400 241 3466 Sed
254 3404 327 3490 quia
342 3401 547 3467 demonstrari
560 3424 624 3465 non
635 3411 737 3489 potest
749 3401 815 3463 sine
827 3396 1020 3483 appositione
1030 3394 1195 3462 nominum

176 3509 277 3574 Deum
289 3534 351 3574 non
367 3533 384 3574 a
400 3509 489 3575 nobis
502 3505 573 3574 solis
584 3509 615 3573 in
634 3508 784 3572 unitatem
797 3501 927 3576 includi,
943 3501 1083 3567 converti
1096 3501 1199 3565 moad

176 3618 347 3704 opiniones.
367 3619 418 3686 Ait
434 3619 528 3707 igitur
546 3616 634 3680 Plato
656 3640 663 3678 :
683 3643 695 3674 ι
715 3615 896 3679 Creatorem
912 3622 944 3675 ct
960 3622 1082 3697 patrem
1101 3609 1201 3696 hujus

175 3757 187 3785 t
202 3727 336 3792 universi
353 3728 491 3793 invenire
504 3709 630 3792 dillicile
641 3735 704 3796 cst3
727 3725 889 3789 inventum
909 3718 992 3806 opud
1004 3741 1114 3782 omnes
1129 3717 1199 3782 elo-

173 3863 186 3894 »
200 3837 252 3920 qui
263 3835 457 3924 impossibile
472 3860 480 3902 τ
493 3865 505 3896 ι
519 3858 618 3902 unum
629 3833 802 3920 ingenitum
813 3841 846 3894 ot
856 3841 1009 3894 catomum
1020 3825 1201 3914 intelligens
