2710 4662
379 336 534 382 emenone
562 339 600 380 sn
623 329 828 383 nnsnnituos.
1080 331 1116 398 9¹

64 429 147 498 lesu
170 430 588 530 Christieetepiseopum,
605 452 641 505 ut
655 461 731 507 eum
745 442 801 530 qui
815 451 865 505 est
885 437 987 528 ligure
1005 435 1119 507 Puri„
1167 506 1172 512 ,

66 541 284 630 presbyteros
301 559 421 613 eutem
435 561 473 616 ut
487 547 667 615 confessum
680 549 753 626 Dei,
769 560 803 614 et
821 560 856 613 ut
871 545 1127 634 conjunctionem

67 648 424 737 ApostolorumaeSine
434 656 485 722 his
492 655 633 724 Ecclesia
645 679 710 724 non
721 669 862 744 vocetur.
876 655 925 722 De
936 655 1052 743 quilius
1063 675 1130 740 per·

70 777 211 822 sussum
216 757 347 838 habco,
356 785 416 828 vos
426 764 468 828 ite
480 765 605 829 sentire.
616 762 787 852 Exemplar
796 763 880 828 enim
889 761 1053 826 charitatis
1061 781 1131 824 ves-

75 873 138 926 trae
157 867 291 954 accepi,
308 879 343 933 et
359 891 486 934 mecum
497 868 645 935 hebeoin
656 871 806 957 episcopo
817 879 938 942 vestrm
957 868 1131 955 cujusipse

78 969 240 1038 habitus¹
255 998 376 1065 magne
386 976 544 1064 disciplina
555 989 617 1051 cst,
626 977 835 1042 mansuetudo
846 987 955 1042 nutem
962 977 1058 1066 ipsius
1068 999 1129 1063 po-

79 1080 208 1146 tentin:
227 1104 330 1169 quem
347 1087 491 1152 existimo
510 1097 544 1152 et
556 1085 770 1174 impiosipsos
791 1086 945 1160 severeri,
962 1083 1128 1173 diligentes

75 1187 166 1274 quod
182 1186 388 1276 aliquantum
403 1193 462 1281 ipsi
476 1216 540 1257 non
555 1215 663 1281 pereo.
683 1192 766 1258 Cum
781 1215 907 1282 possem
922 1192 1062 1258 scribeie
1076 1213 1128 1256 su-

72 1319 134 1384 per
148 1295 269 1374 illene,
287 1300 455 1390 hucsuque
470 1300 667 1390 loquendum
677 1303 866 1379 existimavi,
882 1325 924 1369 ne
936 1302 1128 1370 condemne-

75 1417 128 1470 tus
144 1406 203 1494 qui
219 1429 310 1486 sum,
323 1410 412 1477 velut
426 1410 597 1499 Apostolus
612 1412 702 1480 vobis
716 1413 910 1502 praecipiam.

121 1513 178 1580 lv.
205 1515 311 1584 lllultn
330 1519 417 1608 supin
434 1519 468 1584 in
483 1519 552 1586 Deo
569 1544 579 1584 z
601 1521 660 1586 sed
676 1521 833 1608 meipsum
849 1521 978 1596 metior,
1001 1541 1042 1584 ne
1059 1518 1128 1608 glo-

76 1622 195 1690 riando
216 1650 365 1714 perenm.
388 1628 483 1694 Nunc
502 1628 590 1694 enim
607 1625 679 1715 plus
696 1625 776 1692 mihi
793 1627 973 1692 timendum
987 1638 1050 1699 θεὶς
1070 1647 1132 1692 nec

80 1734 213 1800 enimus
225 1735 291 1804 illis
304 1737 533 1812 intendendus,
548 1737 605 1823 qui
615 1759 668 1801 me
679 1735 802 1802 inflent.
822 1733 888 1814 Qui
899 1735 984 1800 enim
999 1756 1050 1800 me
1064 1732 1134 1799 len-

86 1840 183 1917 dent,
194 1841 364 1932 liegellsnt
374 1869 439 1910 me.
457 1845 542 1910 Nem
552 1842 650 1931 diligo
662 1843 790 1930 quidem
801 1845 881 1932 peti;
897 1844 951 1910 sed
963 1844 1081 1918 nescio,
1095 1865 1134 1908 sn

93 1949 216 2037 dignus
238 1975 324 2019 sum.
348 1951 444 2020 Zelus
464 1951 595 2040 quidem
613 1949 721 2018 multis
741 1975 804 2017 non
822 1964 967 2041 eppnret;
992 1975 1044 2018 me
1061 1975 1135 2018 vero

97 2059 266 2147 majorem
276 2063 311 2128 in
321 2061 450 2128 medum
462 2061 636 2150 impugnet.
652 2059 739 2148 Opus
750 2061 853 2149 itaque
866 2061 943 2126 mihi
954 2072 1135 2126 mensuetu-

98 2165 270 2257 dine,·que
281 2170 428 2257 Princeps
439 2167 544 2235 saeculi
554 2168 650 2256 hujus
661 2169 842 2235 destruitur.

141 2273 181 2342 V.
201 2277 365 2368 Numquid
378 2303 441 2346 non
455 2302 584 2368 possum
600 2278 737 2345 coelestin
752 2279 840 2346 vobis
856 2279 1017 2346 sciiberei’
1032 2280 1074 2347 At
1084 2303 1129 2348 ne

91 2384 235 2471 parvulis
252 2389 341 2456 vohis
356 2387 508 2454 domnum
522 2387 654 2454 inseram
669 2398 796 2462 metuo:
812 2410 851 2455 uc
864 2388 944 2454 mihi
957 2389 1126 2478 ignoscite;

93 2511 147 2564 ne,
159 2491 219 2556 ists
228 2517 343 2584 cupere
355 2491 579 2570 nonvslentes,
592 2491 841 2583 strangulemini.
857 2495 984 2562 Etenim
994 2517 1054 2583 ego
1066 2515 1133 2560 non

93 2614 262 2690 propterea
276 2605 362 2693 quod
372 2605 497 2672 vinctus
508 2629 593 2680 sum,
605 2616 638 2669 et
651 2603 790 2670 coelestie
802 2603 976 2693 intelligens
987 2627 1131 2692 possum,

91 2719 125 2772 et
143 2710 223 2777 situs
243 2712 452 2802 Angelorum,
473 2726 506 2780 et
525 2723 627 2779 coetns
646 2713 952 2801 constitutionesque
969 2711 1134 2799 Principu-

89 2825 199 2897 tuum,
215 2821 414 2910 visibiliaque
429 2831 463 2886 et
476 2807 661 2893 invisibilius
680 2833 812 2910 propten
822 2820 897 2896 hoc,
913 2821 980 2907 jam
994 2831 1026 2884 et
1041 2819 1136 2884 disci·

91 2923 186 3013 pnlus
198 2951 295 2994 sum:
313 2927 413 2994 mults
425 2929 512 2994 enim
525 2929 620 2994 nobis
632 2927 760 3003 desunt,
776 2951 817 2993 ne
829 2950 848 2992 e
862 2927 932 2995 Deo
946 2927 1095 2994 nhsimus.

115 3081 118 3090 ·
134 3035 192 3104 VI.
204 3039 352 3105 Obsecro
360 3039 546 3125 itsquevos;
562 3059 628 3104 non
640 3060 713 3127 ego,
725 3038 782 3104 sed
794 3037 1018 3104 cheritsslesu
1031 3037 1151 3109 Chris-,-

92 3145 133 3218 tiz
152 3148 225 3215 solo
242 3147 415 3214 christiano
432 3145 584 3216 alimento
597 3147 657 3224 uti,
670 3149 709 3214 uh
725 3145 825 3213 aliene
836 3159 945 3213 nutem
955 3146 1054 3213 herbe
1068 3149 1137 3213 ibs-

93 3253 217 3334 tinene,
240 3278 310 3342 quse
330 3267 377 3320 est
397 3255 547 3321 heresis:
569 3255 624 3342 qui
639 3252 777 3323 haeietici
797 3265 830 3319 et
844 3252 1139 3341 inquinetie‘impli-

99 3377 180 3430 cunt
201 3364 315 3430 lesum
334 3347 512 3438 Ghsistum3
538 3363 661 3430 ratione
684 3363 842 3452 dignitatis
863 3384 961 3450 quum
981 3363 1135 3439 obtinent,

100 3471 207 3541 fidem
219 3471 344 3559 adepti:
358 3471 626 3558 quemadmodum
634 3471 832 3536 mortiferum
842 3471 1051 3558 pharmacum
1063 3494 1135 3538 eum
1258 3467 1262 3476 ’

102 3585 211 3652 mulso
234 3583 365 3652 dnntese
390 3579 476 3667 quod
496 3581 551 3668 qui
573 3580 708 3668 ignoret,
731 3577 868 3644 libenter
887 3601 960 3645 eum
979 3579 1136 3671 voluptate

103 3691 485 3780 noxinmortemnccipit.
557 3738 561 3752 .

147 3801 219 3870 Vll.
238 3802 265 3868 A
283 3799 397 3868 talibus
414 3798 512 3888 igitur
529 3819 585 3864 vos
603 3798 766 3864 custodite.
793 3799 888 3878 Quod
906 3798 974 3874 fiet,
993 3798 1018 3863 si
1037 3799 1136 3864 inlluti

138 3933 209 3984 ¹Tit.
221 3951 249 3993 n,
262 3933 284 3982 5.
