2640 4622
245 309 393 354 urruocus
417 309 478 354 cuu
502 308 663 353 corruens
686 309 802 352 sunno.
972 291 1037 368 dud,

7 451 11 472 ι
39 419 169 484 civitate
191 439 316 505 mogun,
338 417 370 482 in
390 437 451 503 qun
466 415 609 480 habitunt
622 413 729 502 plures
743 437 839 504 quum
853 420 1040 484 centumvi-

6 559 8 576 ·
35 527 118 614 giuti
129 523 225 592 miilie
237 524 479 611 hominum‚qui
492 524 636 590 nesciunt
646 523 724 611 quid
735 525 775 590 sit
784 525 868 592 inter
879 526 1039 594 dcxtemm

6 669 9 686 ·
35 658 132 700 suum
144 647 177 700 et
192 634 350 700 sinistram
365 641 513 705 suomet
525 632 668 719 jumento
682 629 798 700 mutu*
810 635 844 696 is

57 741 297 828 cultusque
310 741 380 808 haec
394 740 521 828 quidem
538 762 612 807 cum
626 741 743 808 scirent
755 765 864 809 omncs
879 743 975 810 vestri
990 767 1040 833 ge·

5 849 100 914 neris
112 849 256 914 homines
271 847 381 915 odona
397 849 478 914 iucto
489 871 571 924 esse,
587 871 724 938 ctmlque
735 849 878 916 Christus
889 853 975 940 opud
985 875 1041 919 ros

5 955 169 1020 clamaret
183 978 217 1022 se
232 957 357 1044 signum
370 957 460 1022 Jonm
476 958 563 1022 vobis
575 957 737 1033 detumm,
749 958 919 1026 eduorum
931 972 967 1026 ut
977 959 1042 1026 sui-

4 1077 80 1128 tem
104 1074 269 1151 postquum
290 1085 309 1128 a
332 1063 465 1128 mortuis
487 1063 719 1138 resurrexisset,
741 1065 957 1152 pemmonem
978 1068 1040 1132 im-

4 1172 115 1256 probe
129 1171 286 1236 feotorum
301 1171 447 1260 egeretis,
464 1183 497 1236 et
511 1171 721 1238 Ninivitarum
735 1172 879 1261 exemplo
893 1173 1040 1262 lucrymis
1174 1221 1179 1228 -

4 1279 118 1340 Deum
133 1275 315 1352 ssecteretis,
331 1299 371 1342 ne
385 1299 462 1365 gens
477 1286 626 1344 restruet
642 1278 751 1344 civitas
770 1291 862 1367 cepte
883 1294 1041 1348 evertere*

2 1397 79 1458 tur,
94 1385 361 1470 quemadmodum
375 1405 481 1450 eversu
493 1394 554 1456 ectr
565 1405 630 1452 non
641 1384 737 1466 modo
748 1386 966 1472 penitentium
977 1413 1042 1480 non

2 1495 132 1581 egistis,
149 1506 316 1582 postquem
330 1491 423 1560 illum
441 1515 481 1558 ex
495 1493 628 1560 mortuis
650 1493 856 1562 resurrexisse
870 1495 1043 1570 didicistiss

3 1603 69 1666 sed
89 1595 199 1684 etism,
222 1613 256 1666 ut
276 1603 342 1688 jum
356 1601 433 1675 dixi,
454 1599 593 1668 deiectos
608 1601 987 1680 hominenconstituistis,
1004 1627 1042 1672 eo

4 1733 71 1796 per
86 1732 140 1774 cos
156 1709 189 1774 in
208 1719 311 1774 toturn
329 1709 441 1772 orbem
459 1718 617 1774 terrerum
638 1709 749 1776 minos
768 1709 961 1796 praedicsstis
981 1711 1043 1778 im-

6 1819 100 1904 pium
116 1815 286 1902 quomdam
300 1827 334 1880 et
353 1813 494 1901 exlegem
515 1825 635 1880 sectum
655 1837 673 1880 e
693 1813 787 1902 pleno
807 1817 945 1903 quodem
965 1807 1042 1884 Jesu
1082 1880 1085 1888 ,

7 1924 147 1990 Galilaeo
168 1923 336 1990 excitatem
349 1943 431 1994 esse,
450 1933 483 1986 et
504 1945 580 1988 cnm
595 1919 685 1988 illum
706 1946 724 1988 e
746 1925 837 1990 nobis
855 1925 1042 1994 crucifixum

10 2027 164 2118 discipuli
178 2051 218 2094 ex
231 2039 450 2101 monumento,
467 2027 499 2092 in
513 2049 590 2115 quo,
606 2027 751 2094 refixuse
762 2053 871 2106 cruce,
883 2032 1043 2120 depositus

12 2141 134 2212 suerat.
156 2148 255 2204 noctu
277 2135 496 2224 surripuerint,
519 2137 622 2224 decipi
641 2137 681 2202 ub
703 2135 763 2204 iilis
785 2139 942 2217 homines,
966 2141 1043 2208 dum

11 2271 92 2312 eum
107 2269 147 2312 ex
162 2245 295 2312 mortuis
309 2244 515 2310 resurrexisse
532 2254 565 2308 et
578 2245 611 2310 in
623 2242 740 2310 cetum
755 2247 933 2314 escendisse
948 2249 1043 2316 dicti-

12 2367 94 2422 tsnt.
115 2355 298 2434 Quinetiam
313 2351 456 2418 docuisse
474 2350 564 2418 ilium
579 2351 741 2419 addidistis
760 2354 855 2442 impio
871 2353 923 2423 iile
938 2369 971 2422 et
985 2379 1044 2423 ne2
1103 2418 1108 2426 .

15 2464 111 2528 sunda
131 2485 170 2527 uc
190 2457 384 2527 detestabilia
399 2457 550 2546 moinum,
567 2479 636 2546 quc
652 2459 800 2526 adversus
814 2484 868 2528 eos
883 2464 938 2551 qni
954 2463 1044 2532 illum

17 2571 182 2636 Christum
193 2581 226 2634 et
237 2568 400 2635 doctorem
410 2565 564 2634 etFilium
572 2566 630 2634 Dei
641 2567 844 2655 profitentur,
852 2572 937 2658 opud
948 2595 1044 2640 omne

16 2679 185 2744 hominum
207 2699 307 2766 genus
327 2675 480 2764 spargitis.
499 2673 548 2741 dd
571 2674 653 2749 haec,
673 2687 765 2762 coptu
791 2677 870 2744 urbe
889 2691 990 2744 vostre
1012 2692 1046 2744 et

15 2801 101 2852 terra
120 2796 252 2860 vestuto,
267 2783 487 2872 penitentiam
505 2805 569 2848 uon
583 2782 674 2869 agitis
690 2804 698 2844 ε
717 2782 773 2848 sed
789 2781 879 2848 ilium
897 2785 993 2850 etism
1007 2809 1046 2854 uc

16 2917 127 2960 omnes
148 2893 255 2982 quiin
274 2889 363 2956 iilum
385 2888 533 2962 credunt,
554 2887 629 2954 diris
650 2887 805 2954 devovere
825 2889 957 2958 nudetis.
982 2893 1045 2960 Nos

17 3015 125 3068 nutem
139 3023 201 3067 neo
215 3023 270 3066 ros
284 2999 422 3072 odimus,
438 3019 499 3062 nec
513 3019 567 3062 eos
581 2996 635 3081 qui
651 2994 747 3062 telem
763 2996 803 3060 de
818 2997 909 3064 nobis
921 3001 1044 3087 opinio-

22 3133 96 3174 nem
111 3133 127 3173 u
144 3109 233 3174 vobis
248 3129 416 3194 ecceperm
435 3103 491 3170 sed
505 3125 673 3192 precamur
694 3112 729 3168 ut
747 3125 834 3170 nunc
853 3103 962 3174 retum
980 3131 1047 3197 pm·
1095 3131 1098 3146 „
1129 3167 1134 3176 .

21 3217 187 3283 nitentium
208 3225 346 3302 ugentes,
370 3209 618 3278 misericordium
639 3231 749 3278 omnes
770 3213 1006 3301 consequemini
1027 3240 1044 3282 s

20 3325 217 3415 perbenigno
231 3334 265 3385 et
278 3322 393 3386 mirum
408 3321 441 3386 in
455 3319 587 3386 modum
606 3317 811 3385 misericorde
826 3321 1046 3390 universorum

20 3443 153 3523 parente
167 3430 247 3496 Deo.

65 3539 151 3606 CIX.
171 3536 269 3616 Quod
284 3547 391 3602 eutem
417 3547 525 3624 gentes
540 3534 700 3622 nequitie,
716 3536 749 3602 in
771 3557 833 3623 quo
846 3547 986 3602 errantes
1001 3539 1047 3603 ri-

23 3653 149 3725 nmunt,
165 3645 385 3738 poenitentium
399 3657 489 3711 erent
504 3653 634 3720 acturos,
650 3657 819 3734 postquem
835 3669 875 3714 cx
889 3645 1045 3736 Apostoiis

25 3759 213 3832 doctrinam,
237 3779 333 3844 quom
356 3753 400 3820 iili
423 3755 462 3818 uh
490 3753 563 3840 ipsis
586 3777 686 3840 usque
709 3753 914 3843 Jeromiymis
931 3758 1045 3846 prndi-

58 3889 163 3946 ΙΙοιιιιιι,
176 3903 209 3946 rr,
225 3903 261 3934 ro.
