2808 4688
226 220 268 295 do
586 243 698 286 saucrr
724 243 896 286 canusarrs

270 343 308 409 V.
324 341 389 408 Sed
400 357 436 409 ut
452 357 556 411 vetera
567 347 710 437 exempla
727 346 959 436 relinquamust
975 348 1141 414 veniamus
1153 347 1200 410 ad
1210 369 1276 411 nu-

227 475 320 541 peros
336 451 494 519 athletas:
513 477 674 522 sumamus
688 457 788 522 astatis
809 457 924 522 nostrae
938 477 1089 545 generose
1101 452 1268 542 exempla.

227 561 362 652 Propter
381 561 732 652 aemulationem'atqne
748 565 912 640 invidiam,
930 564 985 651 qui
1002 562 1156 630 Ecclesia
1173 573 1275 628 erant

123 659 129 668 ’
219 666 339 734 *fideles
361 689 400 734 ac
422 668 603 756 justissime
628 671 797 747 columnae,
818 671 915 736 etiam
937 669 1097 756 usquead
1124 682 1271 735 mortem

228 775 312 865 pessi
331 787 405 841 sunt
427 779 693 865 persecutionem.
715 779 918 869 decipiemus
937 799 1001 866 pret
1022 775 1125 844 oculis
1148 777 1270 842 nostris

228 885 331 949 bonos
354 884 532 972 Apostolos.
556 887 682 963 Petrus,
706 890 747 954 oh
769 887 912 974 iniquam
930 885 1181 960 emulationem,
1201 908 1267 952 non

229 1014 329 1058 unum
345 1005 400 1058 aut
415 993 564 1070 alterum,
576 996 632 1060 sed
648 994 765 1062 multos
781 993 930 1061 sustinuit
945 993 1085 1068 laborest
1104 1007 1205 1080 utque
1221 995 1262 1058 ita

229 1111 351 1187 manyr
362 1099 509 1176 effectus,
523 1101 665 1168 discessit
676 1102 717 1167 ud
727 1099 986 1189 dehitamgloriae
997 1099 1116 1166 locum.
1126 1099 1264 1187 Propter

230 1206 466 1274 emulationem
481 1207 598 1275 Paulus
609 1210 768 1297 patientiae
783 1209 949 1297 praemium
961 1208 1113 1282 obtinuit,
1124 1230 1202 1273 cum
1213 1230 1265 1274 ea-

230 1304 320 1382 tenus
335 1317 450 1406 septies
472 1329 641 1406 portasset,
659 1315 850 1405 vapulasset,
868 1315 1023 1440 lapidatus
1036 1326 1119 1380 esset
1125 1340 1135 1388 ;
1157 1338 1263 1404 praeco

230 1425 362 1490 factus
353 1448 387 1491 ιιι
407 1424 538 1490 Oriente
556 1446 594 1492 ac
610 1423 800 1500 Occidente,
818 1425 967 1490 eximium
988 1423 1063 1488 lidei
1080 1446 1145 1488 suae
1165 1425 1264 1490 doctu

204 1534 370 1622 accepit;
385 1544 489 1610 totam
501 1533 658 1601 mundum
670 1533 809 1598 docens
798 1532 964 1620 justitiam,
978 1541 1010 1596 et
1025 1530 1065 1596 ad
1078 1529 1264 1597 Occidentis

230 1641 405 1708 terminum
424 1642 565 1718 veniens,
586 1653 618 1706 et
636 1642 694 1706 sub
715 1638 912 1729 principibus
930 1639 1119 1725 martyrium
1140 1662 1263 1728 passus,

231 1750 309 1816 itae
326 1749 446 1817 mundo
468 1750 632 1838 migravit,
643 1762 738 1837 atque
753 1749 785 1813 in
808 1747 916 1814 locum
938 1759 1085 1814 sanetum
1099 1747 1190 1824 abiit,
1205 1771 1264 1836 pa-

232 1860 351 1928 tientiae
367 1883 519 1950 maguum
534 1859 695 1955 eremplar
710 1859 821 1926 sactus.

275 1969 330 2037 Vl.
348 1969 403 2034 His
418 1969 492 2035 viris
507 1970 561 2056 qui
578 1969 718 2036 divinam
731 1969 827 2036 vitem
844 1969 1014 2043 duxerunt,
1031 1983 1197 2058 aggregata
1212 1983 1263 2035 est

233 2077 344 2165 ingens
359 2075 536 2142 electorum
549 2076 733 2154 multitudo,
750 2079 804 2164 qui
822 2076 939 2143 multas
955 2077 1158 2143 contumelias
1172 2076 1262 2142 mul-

232 2187 328 2271 teq'ue
345 2193 504 2268 tormenta
521 2197 652 2274 propter
669 2183 904 2258 emulationem
922 2186 1019 2274 passi,
1030 2183 1164 2272 exemplo
1178 2183 1254 2271 pul-

233 2291 394 2362 cherrimo
411 2293 497 2381 apud
513 2317 570 2359 nos
592 2293 730 2359 suerunt.
749 2293 881 2382 Propter
895 2292 1123 2359 aemulationem
1136 2302 1251 2357 vexata

233 2398 395 2475 mulieres,
412 2399 582 2477 Danaides,
598 2415 632 2466 et
648 2401 757 2475 Dirce,
777 2423 853 2466 eum
872 2401 975 2488 grevia
991 2413 1024 2465 et
1038 2399 1170 2465 nefanda
1184 2421 1261 2486 sup·
1379 2396 1383 2407 '

232 2506 327 2596 plicia
343 2497 578 2586 sustinuissent,
595 2508 802 2574 inconstanti
824 2507 899 2572 fidei
916 2531 1013 2573 cursu
1033 2519 1259 2595 pervenerunt;

233 2629 265 2682 et
281 2639 414 2706 corpore
430 2617 684 2702 debiles,·nohile
695 2618 861 2705 praemium
873 2628 1077 2704 acceperunt.
1092 2615 1264 2682 AEmulatio

234 2725 422 2791 abalienavit
439 2747 553 2792 uxores
569 2747 586 2788 a
607 2723 741 2798 maritis,
757 2736 790 2789 et
805 2725 941 2792 mutavit
956 2721 1036 2787 illud
1048 2724 1148 2810 patris
1168 2721 1281 2790 nostri.
1382 2794 1385 2813 Ι

234 2834 487 2900 Adamidictum
509 2834 624 2900 :«H00
639 2854 726 2900 nunc
740 2855 776 2898 os
790 2855 830 2896 ex
845 2833 967 2898 ossibus
981 2831 1072 2908 meis,
1090 2844 1124 2897 et
1139 2855 1213 2898 earo
1228 2855 1266 2898 ex

233 2971 246 3003 s
261 2963 356 3008 carae
371 2939 470 3006 mea¹.
487 2938 682 3005 »AEmulutio
697 2951 730 3004 et
745 2938 908 3005 contentio
924 2939 1018 3004 urbes
1034 2961 1165 3027 magnas
1176 2961 1266 3004 ever-

234 3050 286 3126 tit,
303 3061 335 3114 et
350 3060 459 3136 gentes
474 3069 605 3134 magnas
618 3047 799 3114 eradicavit.

276 3153 347 3249 Vll.
366 3155 463 3229 Haec,
472 3151 593 3227 dilecti,
607 3141 811 3228 non'tantum
823 3167 857 3218 ut
872 3177 927 3220 vos
938 3155 1180 3232 admoneamus,
1193 3156 1267 3222 scri-

232 3267 352 3348 bimus;
371 3263 538 3330 sedetiam
553 3276 589 3330 ut
601 3286 659 3328 nos
671 3263 731 3351 ipsi
745 3263 1088 3331 commonefaciamus:
1108 3265 1141 3330 in
1153 3265 1266 3330 eodem

233 3377 319 3441 enim
335 3374 436 3440 stadio
450 3395 626 3448 versamur,
641 3384 673 3437 et
688 3382 850 3436 certamen
866 3372 952 3437 idem
971 3373 1061 3438 nobis
1080 3371 1265 3460 imposituni

232 3492 291 3545 est.
317 3480 475 3557 Quocirca
502 3478 717 3567 relinquamus
743 3478 851 3543 inanes
871 3490 904 3543 et
926 3502 1021 3544 vanas
1045 3501 1151 3554 curas,
1172 3494 1267 3568 atque

232 3587 396 3652 veniemus
421 3586 462 3650 ad
484 3585 653 3673 gloriosum
667 3599 701 3652 et
717 3584 935 3652 venerabilem
957 3599 1074 3652 sancta
1093 3589 1268 3656 vocationis

235 3705 350 3762 nostrae
366 3692 518 3783 regulum.
530 3693 701 3762 Videamus
717 3695 793 3784 quid
805 3697 937 3772 beurim,
950 3695 1077 3834 etquid
1088 3695 1267 3784 jucundum

265 3821 386 3871 ¹Gen.r
368 3839 396 3880 ιι,
409 3822 447 3870 25
