2710 4662
255 229 314 300 138
610 251 722 304 saacrr
746 251 921 306 roarcsarr

249 361 315 426 sitis
326 361 402 428 casti
414 373 447 426 et
459 381 595 428 veraces.
612 361 783 427 Atratum
793 385 851 427 vos
861 363 903 426 ab
917 359 1011 428 omni
1023 361 1131 426 malo
1139 357 1168 422 ¹.
1185 354 1255 436 Qui
1267 379 1311 420 au-

248 481 315 535 tem
334 471 367 536 in
382 470 431 536 bis
449 493 513 535 non
528 481 631 558 potest
646 493 680 536 se
695 473 886 560 gubernare,
903 469 1071 557 quomodo
1082 468 1151 534 alii
1166 489 1310 556 pronun-

249 576 307 642 tiat
318 575 405 643 boe?
428 576 462 644 si
481 576 551 664 quis
573 599 638 643 non
656 577 843 643 abstinuerit
856 601 890 642 se
908 577 950 643 ab
970 577 1128 652 avaritia,
1153 577 1205 640 ab
1221 575 1309 639 idolo

246 683 336 750 latria
351 685 622 774 coinquinabitur:
642 697 674 752 et
684 699 838 775 tanquam
849 687 932 752 inter
947 698 1062 775 gentes
1080 683 1309 773 judicabitur¹

247 793 311 872 Qui
323 806 429 860 autem
440 795 585 883 ignorant
593 795 747 883 judicium
755 795 882 861 Domini
891 793 922 860 ²:
940 795 1013 861 ‹An
1024 795 1231 868 nescimus,
1244 795 1309 880 qnia

246 930 259 964 s
274 904 374 970 saneti
386 903 542 969 mundum
552 904 783 992 judicabunt⁸i
797 905 879 970 siout
889 902 1007 969 Paulus
1018 904 1137 968 docet.
1160 903 1242 992 Ego
1257 926 1310 966 an

246 1007 406 1076 temnibil
417 1008 478 1075 tale
493 1010 575 1076 sensi
591 1011 623 1076 in
638 1011 741 1087 vobis,
760 1009 807 1076 vel
822 1011 940 1086 andivi,
953 1011 987 1076 in
999 1011 1130 1099 quibus
1142 1009 1306 1076 laborarit

246 1120 357 1185 beatus
372 1117 502 1192 Paulus:
521 1121 575 1206 qui
592 1120 666 1186 estis
678 1121 711 1185 in
725 1121 881 1209 principio
896 1118 1049 1208 Epistola
1068 1121 1159 1207 ejus.
1182 1120 1236 1186 De
1251 1143 1304 1184 ro

246 1227 295 1294 bis
314 1227 432 1293 etenim
447 1225 598 1317 gloriatur
613 1229 646 1296 in
666 1229 813 1296 omnibus
828 1218 982 1304 ecclesiis,
1002 1252 1081 1316 quse
1097 1230 1217 1296 Deum
1231 1227 1302 1294 sois

247 1348 326 1404 tuno
340 1337 571 1426 cognoverant*
587 1361 594 1401 :
612 1361 671 1404 nos
682 1350 789 1403 autem
803 1337 947 1402 nondum
962 1359 1180 1402 noveramus.
1201 1335 1298 1402 Vrbis

246 1469 335 1536 ergo,
348 1445 472 1522 fratres,
484 1447 654 1513 contristor
665 1470 724 1536 pro
735 1445 789 1513 illo
798 1459 831 1513 et
840 1470 898 1536 pro
910 1447 1049 1534 conjuge
1063 1448 1163 1536 ejus:
1181 1448 1296 1535 qnsstns

248 1556 301 1622 det
311 1554 466 1622 Dominus
481 1556 700 1643 penitentiam
715 1579 831 1624 veram.
852 1556 954 1623 Sobrii
970 1577 1050 1645 ergo
1066 1567 1177 1622 estote
1188 1569 1224 1622 et
1244 1580 1293 1620 ros

247 1665 280 1730 in
291 1663 368 1739 boe;
386 1677 494 1732 etnon
514 1663 597 1731 siout
606 1665 750 1732 inimicos
761 1663 838 1732 tales
848 1664 1046 1740 existimetis,
1059 1665 1123 1730 sed
1130 1665 1213 1732 siem
1218 1689 1291 1754 pas

248 1773 348 1840 sibilia
360 1779 503 1844 membra
514 1790 548 1844 et
558 1777 695 1843 errantia
703 1799 757 1842 eos
769 1787 927 1851 revocate,
936 1786 973 1839 ut
983 1775 1139 1840 omnium
1149 1787 1283 1840 restmm

247 1903 364 1970 eorpus
375 1884 508 1952 salvetis.
524 1885 689 1976 Hoovonim
700 1894 840 1974 agentes,
859 1905 913 1948 vos
928 1883 1011 1970 ipsos
1026 1883 1207 1948 aediiioatis.

289 1991 363 2057 Xll.
376 1993 509 2060 Confido
520 1995 605 2060 enim
617 2017 672 2060 vos
683 1995 766 2060 bene
774 1992 959 2058 exercitatos
970 2013 1039 2056 esse
1049 1992 1084 2056 in
1098 1991 1200 2058 saeris
1208 1989 1288 2056 litte

247 2098 304 2170 risr
313 2111 346 2162 et
356 2099 433 2166 nibil
447 2123 502 2167 vos
517 2099 608 2168 latet:
618 2101 696 2168 mihi
711 2113 820 2166 autem
830 2123 894 2166 non
905 2110 953 2166 est
967 2121 1162 2167 eoncessum
1172 2099 1283 2168 modo,

249 2207 288 2272 Ut
296 2208 345 2274 bis
353 2212 515 2300 seripturis
524 2215 646 2282 dictum
655 2202 721 2280 est:
733 2210 941 2287 Irascimini,
959 2211 1285 2300 seminamus-0⁵,-

247 2327 279 2381 et
299 2341 307 2381 ι
324 2317 383 2383 sot
395 2343 464 2386 non
480 2322 607 2388 occidat
620 2343 717 2409 super
734 2320 948 2386 iracundiam
962 2317 1132 2384 oestrom‘.
1157 2319 1286 2384 Beatus
1350 2282 1353 2395 i

247 2426 300 2514 qni
316 2429 514 2494 meminerit:
533 2431 619 2518 quod
635 2453 694 2519 ego
709 2428 805 2496 credo
820 2449 888 2493 esse
905 2428 938 2492 in
953 2427 1053 2492 vobis.
1066 2427 1152 2493 Deus
1168 2441 1283 2494 autem

245 2544 278 2599 et
296 2533 389 2602 Pater
406 2537 533 2604 Domini
555 2539 653 2604 nostri
673 2537 750 2605 Jesu
773 2536 904 2609 christo
923 2548 957 2602 et
977 2537 1045 2625 ipse
1067 2535 1281 2624 sempiternus

245 2641 400 2722 Pontifex,
417 2647 475 2713 Dei
489 2647 600 2722 Filius,
621 2647 764 2713 Christus
775 2645 880 2724 Jesus,
895 2643 1030 2724 aedifioet
1048 2669 1103 2710 vos
1120 2644 1228 2710 infide
1242 2659 1278 2710 et

247 2753 389 2830 veritate,
405 2757 485 2820 etin
501 2755 587 2820 omni
608 2753 863 2829 mansuetudine,
879 2766 911 2819 et
927 2753 993 2818 sine
1011 2753 1188 2826 iracundia,
1202 2755 1280 2818 etin

245 2863 393 2950 patientia
408 2876 441 2928 et
461 2863 695 2953 longanimitate
707 2876 741 2929 et
753 2861 932 2937 tolerantia,
950 2872 982 2926 et
1000 2863 1160 2935 eastitate;
1180 2875 1217 2928 et
1229 2863 1280 2926 det
1352 2896 1353 2931 ι

245 2970 332 3036 vobis
350 2982 468 3035 sortem
482 2983 515 3036 et
528 2984 650 3060 partem
665 2971 748 3036 inter
768 2981 892 3036 sanctos
908 2991 993 3043 suos,
1008 2981 1041 3034 et
1061 2969 1155 3035 nobis
1170 2971 1278 3036 vobis-

244 3099 331 3152 cum,
348 3091 381 3143 et
399 3079 545 3145 omnibus
560 3080 614 3168 qui
633 3091 706 3145 sunt
722 3081 780 3144 sub
802 3075 896 3155 eoelo,
914 3077 968 3167 qui
983 3077 1138 3142 credituri
1153 3092 1234 3144 sunt
1249 3079 1282 3142 in

243 3185 415 3254 Dominum
434 3199 578 3254 nostrum
594 3188 704 3254 Jesum
725 3185 900 3261 Christum,
920 3196 953 3250 et
967 3187 998 3251 in
1019 3187 1117 3273 ipsius
1136 3185 1282 3258 Patrem,

244 3298 303 3385 qui
312 3297 600 3364 resuscitaviteum
611 3323 631 3363 a
639 3297 780 3362 mortuis
788 3293 809 3358 ⁷.
821 3295 882 3360 Pro
890 3295 1035 3360 omnibus
1048 3295 1278 3362 sanetisorate.

246 3404 343 3472 Orate
357 3407 453 3473 etiam
464 3429 522 3496 pro
538 3405 664 3495 regibus
680 3415 712 3469 et
726 3402 934 3492 potestatibus
948 3414 980 3468 et
993 3386 1213 3491 principibus,
1230 3417 1279 3470 at-

246 3535 308 3600 que
326 3537 384 3602 pro
404 3515 664 3605 persequentibus
679 3526 711 3580 et
727 3511 905 3580 odientibus
928 3534 996 3587 vos,
1012 3524 1043 3587 et
1062 3536 1125 3600 pro
1140 3513 1279 3582 inimicis

277 3741 286 3773 ¹
300 3757 309 3787 ι
322 3741 407 3790 Thess.
421 3758 446 3802 v,
459 3760 496 3791 ιι.
508 3771 539 3783 --
549 3744 560 3778 ²
570 3745 661 3810 Ephes.
672 3761 696 3802 ι,
709 3745 736 3802 53
750 3742 806 3792 Col.
819 3760 860 3801 ιιι,
871 3743 894 3791 5.
908 3767 938 3778 -
950 3737 980 3792 ’,ι
994 3741 1052 3788 Cor.
1065 3757 1100 3796 ιι,
1113 3755 1135 3787 ι.
1151 3765 1183 3778 -
1196 3739 1207 3770 ⁴
1222 3741 1278 3789 lni-

244 3825 308 3889 lipp.
324 3843 339 3872 ι.
354 3854 383 3864 -
399 3827 458 3876 ⁵Ps.
474 3843 508 3886 ιι,
521 3829 545 3877 5.
557 3856 587 3868 --
600 3829 685 3893 ‘lipia
698 3844 732 3886 ιι,
745 3829 782 3877 ι6.
796 3855 826 3865 -
839 3827 848 3858 ⁷
861 3825 916 3874 Gai.
930 3845 947 3885 ι,
962 3841 981 3872 ι.
