2492 4632
386 337 509 384 cosm
533 337 684 386 nnsnsns.
985 314 1051 394 445

11 441 224 511 >nihileis
247 445 335 532 sequi
357 443 476 518 De‘ums
496 444 671 534 Prophetes
690 465 766 510 vero
787 442 998 532 praestnuebut
1019 443 1053 508 in

10 571 73 624 ·a‚
103 573 313 621 assuescens
328 552 492 620 homiuem
506 564 636 643 portare
649 553 720 640 ejus
734 550 902 640 Spiritum,
917 561 951 616 et
966 573 1052 616 com·

9 659 204 728 [sionem
214 662 332 729 hubenc
344 685 420 728 cum
431 662 499 728 Deo
513 661 600 750 :ipse
611 661 740 750 quidem
756 658 872 726 nullius
887 659 1048 748 indigenss

27 791 154 838 vero
172 773 228 861 qui
251 773 392 862 indigent
406 773 489 860 ejus,
506 795 595 838 sunm
610 773 755 862 pnoeBcns
770 770 1048 842 communionem

4 879 73 944 nis
98 883 179 970 qui
195 883 225 949 ci
240 879 494 972 complacebant,
511 879 751 972 fabricationem
763 877 885 955 solutis,
901 889 937 944 ut
951 876 1053 944 sochi-

4 999 119 1064 tus,
146 989 324 1066 delinesns,
336 1001 369 1056 et
385 1013 450 1056 non
464 990 645 1056 videntibus
659 989 692 1054 in
704 986 870 1078 AEgyptos
882 986 1051 1075 semetipso

32 1121 55 1160 s
82 1097 330 1173 ducationems
345 1098 441 1166 ethis
455 1100 510 1188 qui
527 1097 659 1188 inquieti
675 1109 767 1164 eruut
781 1097 814 1164 in
829 1099 957 1171 Enemo,
973 1094 1051 1160 dnus

2 1209 212 1276 tissimum
220 1210 349 1300 Legem,
362 1223 394 1278 et
405 1209 454 1277 his
464 1210 518 1298 qui
529 1211 562 1276 in
574 1210 692 1276 bonnm
702 1206 834 1274 Terram
846 1208 1050 1282 introierunt,

2 1339 143 1381 ruam
169 1317 313 1407 pnaebens
332 1316 570 1391 haereditatems
584 1327 617 1382 et
632 1316 681 1383 his
697 1315 751 1403 qui
766 1325 995 1382 convertuntur
1010 1312 1051 1378 sd

2 1436 159 1501 utrem,
182 1425 360 1514 scginntum
382 1426 531 1492 occidens
555 1423 702 1500 vituium,
723 1435 757 1490 ct
778 1424 914 1512 primam
939 1421 1052 1488 stolsm

16 1559 134 1602 nans
150 1559 161 1600 ε
175 1534 283 1602 multis
301 1535 403 1602 modis
415 1556 611 1625 componens
626 1533 804 1601 humanum
816 1529 915 1622 genus
926 1533 967 1608 nd
978 1553 1053 1600 con-

12 1646 194 1711 nanticm
215 1643 333 1712 solutis.
359 1647 553 1735 Et'propten
574 1645 637 1712 hcc
658 1643 798 1712 Joonnes
812 1643 845 1708 iu
860 1638 1052 1731 Apocalypsi

2 1767 62 1820 nt:
87 1783 106 1816 ι
125 1756 172 1822 Et
187 1778 248 1821 vox
268 1757 338 1843 ejus
361 1757 450 1844 quasi
473 1778 533 1821 vox
548 1776 704 1842 squatum
725 1747 928 1819 multarum¹.
949 1747 1052 1816 »Voce

26 1865 87 1930 im
108 1889 207 1954 aquae
222 1863 329 1932 multu
340 1863 491 1952 Spiritus,
504 1865 654 1952 quoniam
669 1863 769 1938 dives,
782 1873 815 1926 et
826 1861 977 1951 quoniam
989 1882 1054 1925 ma·

2 1994 83 2054 ,nus
102 1984 158 2038 est
172 1971 276 2036 Pater.
295 1971 335 2035 Et
349 1993 408 2058 per
422 1993 532 2036 omnes
553 1969 622 2034 illos
644 1970 798 2035 transiens
809 1965 966 2044 Verbum,
985 1967 1053 2032 siue

2 2079 129 2144 uvidis
145 2078 313 2146 utilitatem
325 2080 495 2168 praestcbnt
506 2078 552 2143 eis
563 2078 617 2163 qui
629 2075 768 2165 subjecti
780 2077 839 2143 sibi
851 2087 953 2152 eraut,
966 2076 1052 2143 omni

4 2189 194 2256 mnditioni
210 2170 440 2277 congruentem
455 2198 488 2252 et
500 2197 609 2276 sptnm
622 2185 739 2275 Legem
755 2185 968 2254 conscribens.

45 2302 116 2366 111.
138 2297 194 2366 Sic
208 2308 316 2364 nutem
331 2309 365 2363 et
379 2294 497 2385 populo
512 2293 724 2362 Tubernscuii
739 2294 921 2372 factionem,
935 2307 968 2361 et
978 2295 1051 2362 sedi·

2 2407 198 2474 ficationem
210 2404 346 2496 Templi,
359 2418 392 2474 et
402 2405 584 2474 Levitsrum
595 2402 798 2482 electionem,
810 2405 1054 2494 sacrificioque

7 2541 78 2582 ue
95 2528 130 2582 et
145 2515 328 2592 obistiones,
343 2528 376 2581 et
390 2516 594 2592 monitiones,
606 2526 640 2582 et
654 2513 810 2602 reliquum
825 2537 954 2582 omnem
969 2515 1053 2604 Lege

6 2625 179 2692 stutuebat
191 2623 445 2692 deservitionem.
460 2624 531 2713 lpse
542 2623 672 2712 quidem
684 2622 801 2690 nullius
813 2622 928 2689 horum
939 2633 987 2688 est
1002 2624 1053 2688 iu-

6 2733 147 2823 uigens:
161 2744 209 2800 est
219 2735 305 2800 enim
317 2756 442 2822 semper
453 2733 565 2822 plenus
577 2734 729 2802 omnibus
741 2730 847 2807 bonis,
860 2753 1052 2820 omnemque

6 2842 150 2908 odonem
162 2843 323 2909 suscitetis
336 2855 369 2908 et
379 2865 489 2910 omnes
501 2840 752 2909 suaveolentium
769 2841 988 2928 vaporationcs
999 2840 1053 2906 hn-

7 2953 95 3020 bens
112 2954 206 3028 inse,
222 2952 319 3018 etism
335 2963 507 3040 antequam
517 2951 642 3039 Moyses
658 2960 739 3018 esset
757 2973 765 3014 ε
784 2948 876 3016 heile
891 2963 997 3016 nutem
1012 2951 1053 3017 sd

13 3060 99 3128 idolo
116 3073 329 3129 mertentsm
344 3060 499 3152 populum
513 3061 692 3136 erudiebat,
709 3082 766 3149 per
780 3056 897 3126 multus
912 3062 1054 3126 vocatio-

14 3195 69 3238 nes
85 3183 279 3262 praestnueus
294 3195 348 3238 eos
364 3193 578 3261 perseverane,
591 3183 623 3237 ct
634 3170 751 3236 servire
761 3169 831 3236 Deo
846 3194 854 3236 ι
868 3193 925 3259 per
935 3193 972 3236 en
984 3193 1054 3259 quae

13 3291 109 3348 erunt
131 3282 283 3357 secunda,
299 3280 340 3347 ad
358 3281 460 3370 primu
478 3301 607 3355 vocans,
630 3279 692 3348 hcc
710 3290 772 3355 est,
796 3302 853 3368 per
874 3280 993 3368 typice,
1011 3279 1054 3348 sd

15 3413 109 3466 veru
124 3404 157 3460 et
172 3415 229 3481 per
244 3389 443 3481 temporalis,
456 3391 497 3456 sd
511 3401 646 3462 aeteruss
661 3401 693 3456 et
708 3410 765 3479 per
778 3388 929 3466 cannulis,
941 3389 982 3456 ad
993 3391 1056 3480 spi*

16 3499 163 3576 ritualins
179 3513 212 3566 et
222 3522 281 3589 per
292 3513 430 3577 morene,
443 3499 484 3566 nd
495 3497 633 3567 coelestis
643 3522 653 3572 t
665 3499 935 3587 quemadmodum
946 3510 980 3564 et
990 3500 1055 3568 dic·

17 3621 88 3678 tum
100 3623 147 3677 cst
157 3609 257 3700 Moysi
273 3635 281 3676 ι
297 3610 457 3691 Quoniam
468 3637 480 3671 ι
491 3609 586 3676 iacies
597 3610 703 3677 omnis
717 3611 806 3699 juxta
819 3622 933 3700 typum
941 3634 1054 3678 eorum

18 3743 117 3809 squae
128 3721 231 3788 vidisti
243 3723 277 3788 in
289 3720 422 3789 monte².
439 3720 678 3812 »Quadraginta
690 3722 776 3790 enim
788 3723 900 3790 diebus
912 3723 1054 3790 discebat

21 3842 128 3898 tenens
147 3847 309 3899 sermones
325 3831 397 3907 Dei,
417 3842 448 3898 et
464 3832 663 3904 characteres
678 3831 836 3910 coeicstes,
853 3847 886 3904 et
900 3833 1054 3923 imagines

54 3953 61 3986 ¹
76 3957 155 4020 Apoc.
170 3975 188 4016 ι,
202 3961 237 4007 15.
251 3987 280 3997 -
292 3957 302 3993 ²
313 3959 392 4009 Enod.
406 3977 464 4020 xxv,
474 3962 513 4018 ic.
