2492 4632
330 331 452 376 coarat
477 331 626 376 naaman
927 313 990 396 4¹7

7 441 140 530 guerit
152 439 281 508 Patrem
298 439 357 506 nisi
375 439 487 515 Filius,
503 462 563 506 neo
577 439 695 506 Filium
709 438 768 506 nisi
780 439 885 516 Pater,
897 454 930 510 et
940 444 993 510 cui

9 551 124 616 luerit
143 550 244 618 Filius
261 547 418 622 revelem
433 558 489 614 »et
501 549 762 637 interpretantur,
776 551 864 636 quasi
876 573 894 616 a
907 553 996 619 nullo

7 662 104 728 nitus
121 661 164 726 ait
182 682 276 726 verns
290 659 376 726 Dens
391 669 466 725 ante
483 656 610 724 Domini
632 658 731 724 nostri
747 658 919 726 adventum
937 683 945 725 ε
962 673 995 728 et

7 795 23 836 ι
42 771 156 836 Deum
168 769 222 858 qui
235 765 429 859 aProphetis
440 767 481 834 sit
490 767 706 844 annuntiatus,
722 766 834 835 dicunt
844 791 909 838 nou
927 793 995 838 essa

7 903 86 946 rem
99 877 231 946 Christi.

7 989 39 1053 1.
62 987 99 1053 st
114 999 225 1054 auam
240 985 385 1052 cavatus
400 998 480 1053 auno
495 985 656 1053 aaron
669 1009 750 1064 aaa.
763 988 890 1079 quanto
905 963 997 1058 afsa-

7 1097 105 1162 .dum
129 1095 294 1163 hominem
313 1093 486 1162 adventum
506 1117 600 1160 suum
616 1095 694 1186 egit,
713 1109 746 1162 et
768 1098 996 1189 atemporibus

13 1205 80 1272 erii
98 1204 233 1271 Caesaris
249 1212 516 1271 commemoratus
532 1213 581 1268 eat
594 1200 688 1268 Pater
707 1203 873 1291 providere
891 1207 999 1274 bomi-

8 1339 69 1390 us,
83 1326 118 1380 et
128 1336 195 1380 non
207 1335 333 1402 semper
343 1311 486 1380 Verbum
497 1310 566 1400 ejus
578 1333 642 1376 una
653 1333 730 1378 cum
740 1311 891 1401 plasmate
903 1314 999 1383 luisse

7 1424 211 1497 cudebatur:
236 1444 298 1490 nec
321 1435 399 1488 tunc
423 1420 553 1510 quidem
573 1421 717 1510 oportuit
738 1421 875 1490 alterum
895 1425 1001 1494 Deum

7 1531 160 1608 nuntiari,
175 1529 231 1596 scd
244 1552 357 1597 causes
368 1539 464 1596 tantas
475 1528 606 1596 incuriae
621 1541 655 1596 et
665 1527 862 1620 negligentiae
873 1533 943 1622 ejus
954 1535 1000 1601 in-

8 1643 56 1709 ri.
77 1639 205 1709 Nullam
216 1641 303 1706 enim
316 1649 443 1728 oportet
458 1640 666 1729 questionem
679 1638 775 1707 talem
789 1635 871 1720 es'se,
888 1653 921 1708 et
934 1655 1001 1710 tan·

7 1775 32 1816 n
44 1749 254 1824 invalescere,
271 1761 306 1815 ut
321 1761 354 1814 ct
365 1748 469 1814 Deum
480 1747 611 1836 quidem
621 1757 860 1826 mutet,ot,eam
871 1773 942 1840 quaa
953 1765 1002 1817 est

7 1885 37 1950 ;u
55 1859 280 1926 fabricatorem
298 1856 372 1944 (qui
387 1878 446 1922 nos
460 1852 516 1920 alit
529 1878 588 1946 per
602 1879 693 1922 suam
707 1857 944 1949 conditionem)
965 1860 1001 1927 fi-

7 1995 40 2037 n
56 1981 198 2034 nostram
212 1977 355 2032 evacuet.
367 1963 461 2031 Sicut
475 1964 562 2030 enim
575 1965 609 2032 in
622 1963 740 2031 Filium
749 1965 847 2033 fidem
859 1979 1000 2035 nostram

7 2079 146 2168 igimns,
158 2076 205 2142 sic
214 2084 247 2140 et
262 2074 295 2140 in
309 2072 435 2140 Patrem
448 2072 651 2141 dilectionem
662 2071 788 2140 firmam
802 2085 835 2141 et
849 2076 1000 2146 immobi-

7 2213 28 2254 n
50 2187 170 2252 habere
189 2185 353 2251 debemus.
372 2183 414 2248 Et
427 2183 511 2248 bene
524 2181 669 2248 tustinus
684 2181 717 2248 iu
732 2205 770 2248 eo
785 2182 867 2250 libro
881 2187 937 2274 qui
952 2199 1001 2253 cst

19 2297 219 2364 Marcionem
239 2294 283 2359 ait
300 2315 307 2358 ε
325 2292 516 2373 «Quoniam
538 2293 598 2381 ipsi
621 2317 748 2384 quoque
768 2295 907 2364 Domino
934 2321 999 2366 non

8 2405 218 2481 credidissem,
238 2402 374 2472 altarum
389 2403 494 2470 Deum
508 2403 709 2469 annuntianti
727 2417 843 2492 praeter
865 2387 999 2476 labrice-

8 2539 100 2584 orem
117 2525 149 2580 ct
167 2513 322 2580 faetorem
336 2525 369 2578 ct
383 2513 573 2580 nutritorem
588 2523 744 2581 nostrum.
766 2511 998 2604 sedquoniam

11 2629 36 2692 b
51 2648 115 2691 uuo
126 2624 206 2699 Deo,
219 2623 273 2710 qui
288 2631 321 2687 ct
331 2621 420 2689 bunc
434 2620 593 2687 mundum
603 2619 805 2696 recitares
820 2621 998 2711 plasmavit,

9 2747 31 2800 rt
47 2731 150 2799 omnia
163 2730 306 2796 continet
320 2742 353 2795 et
367 2728 579 2803 administrat,
595 2727 776 2816 unigenitus
799 2726 897 2796 Filius
914 2735 1000 2799 venit

12 2845 36 2908 d
53 2863 121 2916 uos,
141 2861 237 2906 suum
254 2836 373 2927 plasma
392 2839 426 2903 in
441 2835 647 2923 semetipsum
662 2836 887 2924 recapitulans,
907 2839 999 2908 firma

10 2965 48 3018 :st
63 2973 130 3016 mea
144 2947 186 3014 ad
200 2970 275 3013 cum
290 2945 381 3022 lidos,
394 2958 427 3010 et
441 2941 612 3011 immobilis
626 2964 699 3032 erga
715 2941 844 3011 Patrem·
856 2946 998 3026 dilectio,

11 3075 135 3146 utraque
149 3057 217 3122 Deo
229 3056 321 3120 nobis
336 3055 508 3142 prebente.
527 3080 541 3115 a

16 3167 75 3235 lll.
100 3165 208 3253 Neque
235 3163 321 3228 enim
343 3160 470 3228 Patrem
491 3182 684 3250 cognoscere
705 3165 776 3253 quis
801 3180 916 3254 potest,
940 3171 999 3236 nisi

12 3278 79 3342 arbo
92 3273 161 3349 Dei,
177 3271 286 3348 idest,
302 3270 361 3336 nisi
377 3267 458 3335 Filio
472 3267 648 3342 revelantaa
664 3293 770 3362 neque
786 3273 916 3353 Filium,
933 3278 1000 3346 sinc

12 3385 74 3452 ,tris
94 3379 302 3470 beneplacito.
325 3379 452 3445 bonum
475 3389 582 3446 autem
604 3378 758 3468 placitum
779 3380 880 3450 Patris
901 3385 999 3453 Filius

13 3495 99 3564 elicit
110 3515 118 3558 ε
129 3492 225 3558 mittit
240 3489 327 3557 enim
341 3488 451 3562 Patara
464 3489 603 3555 mittitur
618 3501 726 3556 autern
740 3503 773 3556 et
785 3493 870 3560 venit
886 3494 995 3563 Filius.

13 3607 149 3672 ,Patrem
160 3599 289 3690 quidem
307 3595 498 3664 invisibilem
509 3609 541 3663 et
557 3597 878 3679 indeterminabilem,
897 3627 1000 3694 quan-

14 3741 47 3784 m
62 3713 99 3780 ad
114 3733 169 3778 nos
182 3721 244 3785 eat,
259 3707 422 3797 cognoscit
437 3729 531 3772 suum
545 3705 642 3795 ipsius
653 3703 810 3784 Verbum,
823 3718 856 3776 et
871 3733 946 3778 cum
961 3715 1001 3779 sit
1026 3705 1029 3711 ’

14 3821 201 3900 enarrabilis,
216 3821 283 3910 ipse
298 3831 424 3888 enarrat
439 3840 513 3884 eum
528 3817 641 3886 nobis:
657 3841 785 3886 rursum
802 3834 909 3892 autam
920 3821 1002 3890 Ver-

15 3961 59 4008 am
70 3955 158 4002 suum
169 3929 254 4000 solus
265 3926 429 4020 cognoscit
438 3925 533 3994 Pater
546 3949 554 3992 ε
569 3937 703 4014 utraque
713 3937 821 3994 autem
831 3927 901 3997 haec
912 3929 957 4000 sic
968 3954 1001 3998 so

34 4115 36 4118 ,
70 4067 103 4112 rr.
809 4059 849 4124 ⁹7
