2688 4626
348 273 389 315 nn
413 271 537 317 soncos
561 271 771 318 conorrnrto.
1014 252 1073 316 soi

46 371 121 440 nulli
140 386 228 450 sunt,
246 373 395 442 colendos
411 375 621 442 deflexerunt.
646 375 680 442 st
698 399 761 466 qun
782 387 891 450 nutem
910 375 998 442 vobis
1019 377 1076 441 oh-

45 482 155 570 strepit
172 483 343 560 dubitatio,
359 484 532 571 quominus
551 483 649 550 iidem
662 483 800 550 hominis
819 485 972 550 creationi
988 483 1076 548 adhi-

43 590 157 666 bentis,
179 589 219 656 iis
236 591 355 656 credits
370 613 450 678 quos
465 591 572 658 adhuc
586 590 759 661 audiendos
773 594 904 680 putetis,
920 604 953 658 et
967 593 1077 658 scitote

43 698 216 772 oraculum
230 713 383 776 restrum,
400 725 474 768 cum
489 725 507 766 o
523 701 660 790 quodem
675 714 821 791 rogatum
835 715 930 778 esset,
943 714 979 766 ut
988 701 1078 788 hym-

44 831 126 872 num
144 809 181 874 in
195 809 300 876 Deum
318 809 565 901 omnipotentem
582 810 702 886 ederet,
718 811 812 877 sicin
830 810 936 877 medio
954 809 1075 897 hymno

44 915 177 994 dixisse,

124 1070 184 1145 Qui
195 1072 325 1151 primum
339 1075 488 1136 mortalem
501 1075 623 1150 effinxit,
636 1076 788 1156 Adamque
799 1077 923 1138 vocavit.

45 1227 146 1313 Atque
165 1227 255 1296 hune
268 1230 425 1318 hymnum
441 1257 459 1298 a
475 1233 580 1300 multis
595 1259 675 1324 quos
697 1236 842 1302 novimus
858 1234 973 1302 servari
993 1255 1071 1301 con-

47 1335 146 1423 tingit,
169 1337 212 1404 ed
233 1361 289 1404 eos
310 1343 485 1429 arguendos
507 1343 561 1430 qui
581 1345 705 1410 veritati
726 1344 870 1410 omnium
892 1341 1070 1408 testimonio

44 1445 233 1514 confirmate}
263 1451 404 1516 assentiri
431 1450 555 1519 nolunt.
579 1451 727 1520 Vestram
754 1453 852 1540 igitur
877 1450 1027 1525 sulutem,
1054 1471 1073 1512 o

45 1555 154 1632 Greci,
170 1558 196 1622 si
212 1557 295 1625 salso
311 1556 350 1626 de
367 1561 440 1637 diis,
456 1563 510 1650 qui
526 1560 604 1627 nulli
619 1573 708 1638 sunt,
724 1573 906 1628 commento
920 1560 1075 1648 potiorem

43 1664 166 1742 ducitis,
183 1669 323 1745 credite,
339 1683 375 1734 ut
387 1671 453 1758 jem
469 1671 546 1746 dixi,
559 1669 688 1758 sihyttae
699 1671 922 1758 antiquissime
932 1680 966 1733 et
976 1679 1077 1734 retus·

42 1775 181 1851 tissimae,
198 1777 298 1865 cujus
309 1775 383 1844 libri
398 1802 455 1866 per
466 1791 571 1844 totum
585 1780 698 1843 orbem
710 1789 886 1852 servantur,
898 1797 1031 1864 quaeqne
1040 1798 1079 1839 ex

42 1886 166 1970 potenti
182 1886 329 1974 quodem
343 1887 452 1953 asslutu
467 1889 543 1954 deos
558 1888 611 1976 qui
633 1888 796 1964 dicuntur,
817 1885 919 1952 nullos
934 1909 1002 1952 esse
1021 1909 1079 1974 per

44 1990 175 2057 oracula
187 2016 248 2059 nos
259 1994 576 2071 docet,ncdofutu1o
586 1994 754 2062 Salvator-is
769 1996 866 2060 nostri
877 1995 954 2060 Jesu
963 1993 1077 2059 Christi

42 2098 196 2176 adventu,
220 2123 266 2166 ac
288 2105 383 2168 rebus
409 2103 555 2169 omnibus
576 2125 653 2190 ques
678 2114 822 2190 gesturus
842 2113 921 2176 erut,
941 2099 1025 2166 eluro
1044 2111 1077 2164 et

42 2222 149 2296 operte
161 2211 372 2298 praenuntiet.
389 2212 458 2276 Erit
472 2209 656 2275 enimvobis
671 2209 787 2274 horum
801 2232 907 2274 rerum
923 2208 1071 2297 cognitio,
1161 2277 1167 2288 ¹

45 2318 214 2382 necessaria
229 2317 382 2405 quedam
396 2316 436 2382 ed
450 2329 633 2383 sanctorum
653 2315 820 2382 hominum
836 2315 980 2383 vaticinia
995 2337 1073 2403 prte-

47 2426 212 2492 meditutio.
231 2424 339 2504 Quod
352 2425 379 2491 si
400 2426 471 2514 quis
489 2427 529 2502 oh
548 2425 769 2514 antiquissimis
791 2424 876 2512 apud
891 2447 945 2490 eos
964 2421 1074 2512 appel·-

47 2535 113 2600 intis
123 2534 320 2626 philosophis
334 2535 512 2602 doctrinam
527 2536 586 2602 sibi
601 2535 746 2605 videatur
760 2535 918 2623 occepisse
934 2533 974 2599 de
984 2533 1069 2604 Deos

45 2645 68 2712 is
87 2647 279 2713 Ammonem
299 2657 333 2710 et
353 2643 547 2714 Mercurium
566 2644 674 2710 audiet
694 2667 702 2710 t
721 2646 913 2713 Ammonem
933 2643 1075 2730 quidem,

46 2755 211 2840 quiDsum
226 2752 482 2821 occultissimum
494 2754 527 2820 in
541 2753 605 2820 suis
617 2753 656 2818 de
668 2751 722 2819 itto
734 2752 860 2840 seriptis
872 2762 982 2822 vocatt
997 2749 1077 2814 Mor·

46 2863 167 2930 curium
178 2876 292 2936 nutem
306 2861 390 2930 clere
403 2875 437 2929 et
451 2874 559 2952 aperto
575 2863 747 2937 dicentem,
762 2862 891 2927 «Deum
902 2856 1075 2946 intelligere

46 3001 58 3032 s
72 2971 261 3059 perdifficile
272 2984 334 3048 est,
342 2995 381 3039 oc
393 2973 418 3038 si
429 2973 499 3060 quis
511 2970 686 3059 intelligere
695 2972 806 3059 possit,
818 2969 924 3058 eloqui
935 2968 1076 3058 proiecto

47 3109 60 3140 s
75 3103 141 3146 non
152 3081 261 3166 possit.
272 3079 434 3146 »Omnino
447 3079 1077 3170 igiturperspectumetexplorotumcsse

48 3187 161 3260 debet,
177 3183 265 3250 nullu
278 3185 336 3252 eliu
352 3189 472 3254 ratione
487 3189 590 3254 Deum
611 3201 665 3254 out
679 3203 799 3257 rectem
817 3189 1004 3279 religionem
1021 3211 1077 3253 co-

49 3293 162 3384 gnosci
174 3315 283 3382 posse,
304 3295 363 3360 nisi
376 3295 500 3364 exsulis
514 3296 690 3388 Prophetis,
702 3302 756 3389 qui
772 3299 879 3366 divino
894 3295 1025 3364 numine
1037 3281 1094 3360 oss

51 3403 116 3478 ssuti
132 3425 194 3486 nos
210 3402 338 3472 docent.
