2772 4620
279 181 341 266 sqti
574 217 685 260 ssacrr
706 221 825 264 rosrrrtr
849 223 1001 278 tassrrms

278 311 408 396 speretis
424 317 662 408 tamcualiquid
674 323 750 388 boui
766 347 783 388 e
798 325 866 390 Deo
882 338 1149 413 comequoturos‚
1167 349 1249 390 uon
1268 330 1326 390 olr

278 419 407 482 serratis
423 421 492 508 ejus
506 425 671 494 mandatis.
690 429 739 494 An
753 453 817 496 non
833 429 933 519 legisti
948 431 1089 498 deletum
1104 434 1145 497 iri
1165 433 1323 496 mmm

278 521 364 590 illam
382 550 421 592 ex
437 553 554 618 genere
568 557 639 608 suo,
659 559 729 624 que
746 561 811 604 nou
830 539 1076 606 circumcidetur
1095 553 1224 605 octavo
1247 539 1322 602 die?

280 630 376 709 Quod
394 636 521 722 quidem
538 641 656 728 pariter
672 645 758 708 etde
774 644 953 734 alienigenis
966 659 1000 712 et
1015 647 1054 711 de
1068 647 1181 733 pretio
1196 647 1319 731 emptis

281 740 438 808 sancitum
446 758 503 810 est.
518 748 588 816 Hoc
596 750 691 838 igitur
702 763 926 818 testamentum
936 753 1039 818 statim
1048 765 1318 824 contemnentes,

279 849 375 912 etiam
391 875 460 938 quae
476 870 712 944 consequuntur
725 857 932 934 floccifecitis,
947 883 985 925 sc
1001 861 1093 926 uoltis
1113 859 1318 947 persuadere

280 957 438 1021 conamini
450 959 553 1026 Deum
561 964 649 1029 vobis
661 976 772 1031 notam
783 987 862 1039 esse,
881 989 955 1030 cum
965 965 1044 1030 nihil
1058 987 1181 1030 eorum
1194 965 1319 1029 lecistis

282 1061 352 1146 qum
368 1063 470 1130 solent
483 1067 506 1130 ii
519 1068 573 1155 qui
583 1068 687 1134 Deum
698 1071 820 1151 timent.
839 1069 872 1134 Si
884 1083 972 1158 potes
982 1071 1077 1158 igitur
1090 1070 1144 1135 his
1162 1071 1211 1138 de
1221 1071 1317 1134 relus

281 1169 516 1238 satisfacerem
538 1155 753 1241 demonstrare
774 1198 838 1264 quo
859 1177 988 1242 tandem
1010 1189 1104 1264 pacto
1133 1176 1314 1262 quidquam

282 1279 423 1364 speretis,
440 1283 581 1367 quamvis
596 1282 700 1372 legem
712 1306 778 1350 non
793 1284 994 1355 custodiatiss
1015 1283 1049 1348 id
1063 1307 1103 1348 ex
1119 1296 1155 1350 te
1171 1283 1310 1348 libentis

281 1383 359 1448 sime
371 1387 546 1464 audiemus,
560 1413 597 1454 ac
608 1403 721 1456 cetera
733 1388 875 1456 similiter
885 1413 948 1454 una
959 1389 1174 1456 excutiemus.

323 1491 381 1557 Xl.
400 1494 466 1560 Neo
478 1483 558 1562 ‘trtius'
573 1521 712 1586 unquam
725 1497 785 1562 erit
798 1498 896 1572 Deus,
911 1520 931 1560 o
946 1496 1089 1584 Trypho,
1110 1520 1178 1562 nec
1195 1497 1278 1562 alius
1293 1522 1308 1559 s

283 1599 398 1664 saeculo
416 1602 518 1666 extitit
538 1605 598 1690 (ita
609 1628 668 1692 ego
680 1605 720 1668 ad
732 1604 839 1691 illum)
860 1616 973 1692 praeter
983 1627 1057 1670 eum
1070 1605 1128 1691 qui
1139 1606 1233 1670 hanc
1244 1607 1309 1668 uai-

177 1698 182 1707 '
282 1707 461 1775 versitatem
473 1710 547 1775 lecit
558 1732 596 1775 ac
608 1710 770 1798 disposuit.
790 1710 897 1798 Neque
908 1709 1004 1776 alium
1015 1711 1122 1784 nobis,
1140 1709 1247 1774 alium
1258 1733 1309 1772 ro-

284 1813 332 1878 bis
343 1813 447 1878 Deum
462 1839 529 1879 esse
542 1815 699 1890 ducimus,
713 1816 767 1880 scd
784 1817 889 1902 ipsum
903 1815 991 1880 illum
1006 1817 1059 1902 qui
1071 1827 1182 1903 patres
1196 1830 1308 1880 vestros

285 1919 425 1986 eduxite
440 1934 523 1986 terra
537 1923 665 2011 AEgypti
680 1923 712 1988 iu
727 1924 958 2011 manupotenti
972 1936 1005 1988 et
1020 1924 1157 1990 brachio
1171 1923 1304 1988 auehe.

285 2027 394 2112 Neque
409 2029 442 2094 in
457 2028 554 2094 elium
565 2051 758 2117 quemqmm
772 2051 931 2116 speremus
951 2028 1133 2112 (nonenim
1148 2029 1304 2116 oliusest)

285 2135 341 2197 sed
356 2137 389 2198 in
406 2158 479 2200 eum
494 2137 527 2200 in
543 2159 639 2223 quem
656 2148 688 2198 et
704 2159 772 2210 ros,
787 2136 892 2200 Deum
902 2135 1035 2201 Abrahoe
1051 2147 1083 2199 et
1099 2136 1193 2202 lssae
1206 2149 1240 2200 et
1255 2137 1306 2200 ls-

286 2243 357 2305 cob.
378 2239 549 2328 Speremus
563 2256 670 2308 autem
683 2266 748 2308 non
764 2243 1092 2331 pcrllloyseu,.ueque
1111 2267 1172 2332 per
1189 2244 1301 2332 legemr

287 2347 424 2414 sicenim
437 2349 520 2414 idom
531 2373 632 2416 acvos
644 2352 828 2416 laceremus.
845 2349 1017 2416 Nunorero
1032 2350 1112 2440 (legi
1123 2354 1221 2427 euim,
1231 2353 1303 2438 Try·

269 2489 276 2504 ·
286 2457 363 2542 pho,
381 2458 581 2524 novissimam
598 2457 699 2546 legem
717 2457 856 2523 futuram
872 2470 905 2522 et
921 2469 1145 2524 testamentum
1163 2460 1300 2522 omnium

288 2564 515 2641 firmissimum,
534 2566 621 2654 quod
637 2589 722 2632 nunc
740 2564 890 2632 custodiri
911 2567 951 2630 alt
971 2566 1120 2630 omnihus
1133 2566 1219 2629 decet
1232 2566 1298 2649 qai-

287 2694 424 2760 cumque
445 2673 660 2739 hereditatem
683 2672 741 2737 Dei
763 2671 912 2758 consequi
935 2669 1053 2738 volunt.
1081 2672 1154 2737 Nam
1173 2691 1237 2754 que
1258 2671 1292 2732 in

289 2782 375 2848 Orelt
398 2781 595 2870 promulgata
614 2779 665 2846 lex
681 2791 740 2854 est,
760 2790 849 2844 retus
867 2780 932 2864 jam
944 2791 982 2843 et
997 2790 1095 2843 vestra
1110 2774 1203 2840 solum
1221 2787 1288 2845 est:

290 2889 357 2952 haec
368 2900 475 2952 autem
486 2889 629 2952 omnium
640 2907 766 2974 prorsus
777 2896 846 2950 est:
863 2883 914 2948 lex
924 2893 1031 2950 nutem
1042 2883 1178 2950 adsersus
1190 2879 1287 2968 legem

289 2995 389 3082 posita
415 2993 555 3081 priorem
580 2994 725 3078 obrogst;
750 2988 891 3054 similiter
913 3000 1140 3082 testamentum·
1149 2988 1292 3075 posterius

289 3099 442 3187 superiori
460 3099 559 3164 finem
574 3098 718 3186 imponit,
734 3119 772 3161 ac
782 3107 897 3160 aetema
919 3095 1009 3160 nobis
1025 3107 1059 3160 et
1074 3089 1233 3160 norissima
1247 3093 1294 3158 lex

288 3207 431 3272 Christus
449 3206 539 3270 datus
556 3215 615 3278 est,
633 3215 669 3283 et⁸
683 3213 906 3270 testamentum
923 3201 1030 3276 fidele,
1050 3213 1122 3288 post
1139 3201 1222 3288 quod
1233 3211 1294 3265 'noa

288 3315 431 3390 tex,'n0n
444 3325 649 3402 preceptum,
667 3335 730 3378 non
743 3309 937 3376 mandatam.
956 3309 1006 3376 An
1025 3321 1061 3372 tu
1076 3332 1113 3373 ea
1129 3331 1193 3374 uon
1207 3307 1293 3396 legisti

287 3447 357 3511 quae
368 3423 446 3488 dicit
456 3422 584 3486 Esaias:
604 3420 742 3486 «Audite
754 3442 817 3494 me,
833 3417 939 3482 audito
951 3415 1148 3503 me-populus
1159 3439 1251 3490 meus,
1266 3429 1295 3480 et

287 3561 300 3593 s
316 3553 404 3617 reges
424 3528 597 3594 auscultate
618 3527 695 3594 mihi
713 3551 722 3591 ι
743 3525 891 3612 quoniam
900 3521 956 3588 lex
970 3545 988 3584 a
1003 3545 1055 3588 me
1069 3522 1168 3588 exibit
1183 3534 1213 3586 et
1224 3523 1294 3609 judi-

287 3636 401 3702 »cium
422 3658 528 3700 mcum
548 3636 581 3700 in
600 3632 706 3698 lucem
727 3631 879 3720 gentium.
903 3628 1143 3716 Appropiuquat
1164 3627 1295 3692 celeriter

284 3768 298 3804 ι
313 3741 525 3830 justitiam,
541 3752 573 3804 et
584 3739 763 3828 egredictur
774 3738 906 3804 selutmc
917 3757 1037 3807 meum,
1053 3746 1086 3798 et
1096 3734 1129 3798 iu
1142 3731 1293 3800 brachium
