2816 4610
244 199 301 262 128
584 219 608 260 s.
634 219 661 260 r.
689 221 718 262 r.
746 219 911 262 sueorurnr

239 326 394 393 excedens
408 338 441 390 et
457 325 621 401 mutilum;
643 329 729 415 quod
750 330 833 394 idem
853 330 949 394 etiam
966 330 1007 394 do
1028 329 1065 394 iis
1087 328 1257 394 dicendum

239 458 308 524 quae
322 437 380 500 sub
398 459 488 501 eures
505 436 634 512 cadunt,
648 438 747 502 ocutis
758 439 841 504 sonis
855 449 910 506 aut
925 439 1070 526 gravibus
1082 451 1137 503 aut
1147 440 1256 526 jucun-

239 543 305 608 dis:
328 543 370 608 ito
392 545 488 609 etiem
507 569 540 610 se
560 545 679 612 babent
697 569 787 612 aures
807 548 910 614 cordis
929 559 961 613 et
982 546 1062 612 oculi
1079 550 1205 634 mentis,
1222 560 1257 612 ut

236 654 339 720 Deum
360 637 465 721 videre
484 656 613 743 possint.
635 655 767 722 Videtur
788 659 873 724 enim
890 657 975 722 Deus
990 659 1031 722 ab
1052 657 1101 721 his
1116 659 1168 744 qui
1184 681 1256 722 eum

236 763 342 828 videre
359 777 504 853 possunt,
525 766 551 829 si
571 765 700 853 quidem
720 764 829 832 oculos
849 767 963 832 mentis
980 777 1105 854 apertos
1126 766 1251 831 habent.

236 871 355 938 Omnes
371 872 457 938 enim
471 873 589 940 babent
604 873 724 950 oculos,
746 873 801 940 sed
816 875 944 962 quidam
961 873 1093 962 caligine
1110 873 1254 948 suffusos,

236 1004 274 1048 ao
289 980 361 1047 solis
382 981 487 1048 lucem
507 1006 572 1049 non
590 984 739 1048 videntes.
762 983 870 1071 Neque
885 999 925 1048 ex'
942 1008 980 1049 eo
999 984 1084 1070 quod
1101 985 1176 1049 caci
1191 1007 1255 1047 nou

234 1090 372 1166 videant,
389 1090 507 1157 idcirco
520 1090 574 1156 lux
589 1089 661 1156 solis
676 1113 738 1156 non
753 1088 850 1164 lucet,
863 1091 919 1156 sed
933 1091 992 1156 sibi
1008 1090 1081 1179 ipsis
1092 1091 1255 1177 adsignent

234 1201 310 1266 caci
325 1213 358 1264 et
372 1200 435 1266 suis
447 1200 554 1267 oculis.
571 1200 625 1266 Sic
640 1212 672 1265 et
687 1213 722 1264 tu
734 1200 847 1266 mentis
859 1213 921 1264 ture
932 1187 1040 1266 oculos
1052 1198 1182 1288 caligine
1194 1200 1255 1264 sus·

232 1311 318 1375 susos
332 1311 429 1376 habes
444 1313 484 1376 ob
497 1321 626 1399 peccata
641 1323 673 1376 et
686 1308 783 1377 males
795 1310 933 1376 actiones
944 1325 1024 1374 tuas.
1039 1309 1081 1373 Ut
1092 1307 1254 1397 speculum

232 1418 391 1494 renidens,
408 1420 450 1484 ito
466 1421 603 1485 animam
618 1418 754 1486 hominis
770 1442 882 1507 puram
898 1441 965 1484 esse
985 1419 1085 1484 decet.
1106 1418 1187 1482 Cum
1201 1419 1256 1506 igi-

232 1543 284 1594 tur
297 1552 404 1617 aerugo
419 1529 451 1596 in
466 1528 594 1618 speculo
610 1530 775 1605 exstiterit,
792 1553 857 1594 nou
872 1542 976 1618 potest
995 1529 1130 1594 hominis
1151 1526 1254 1593 vuitus

231 1637 265 1702 in
282 1635 410 1724 speculo
432 1637 596 1726 conspici:
614 1638 657 1702 ito
672 1661 748 1704 oum
768 1650 935 1726 peccatum
954 1638 986 1702 in
1005 1637 1133 1703 bomine
1147 1637 1252 1711 suerit,

230 1769 295 1812 non
310 1758 412 1833 potest
426 1748 592 1835 quisquam
607 1746 791 1834 hujusmodi
802 1748 904 1811 Deum
919 1746 1035 1812 videre.
1051 1747 1189 1812 Ostende
1201 1746 1256 1834 igi

231 1867 282 1920 tur
302 1857 438 1943 teipsum
461 1879 567 1922 onnon
587 1856 731 1922 moechus
749 1858 803 1931 sis,
829 1880 933 1920 onnon
953 1869 1120 1931 scortator,
1147 1879 1252 1922 aunon

230 1967 294 2041 sur,
311 1987 416 2030 annon
436 1966 556 2054 praedo,
574 1988 679 2029 annon
698 1963 860 2052 spoliator,
881 1986 986 2029 onnon
1005 1987 1175 2052 puerorum
1190 1977 1254 2028 stu-

229 2083 349 2162 prator,
382 2096 487 2138 ennon
510 2070 773 2146 contumeliosus,
796 2095 901 2137 annon
928 2071 1113 2146 maledicus,
1144 2096 1252 2138 annon

230 2182 412 2256 iracundus,
431 2205 537 2247 annon
559 2182 694 2256 invidus,
713 2203 818 2246 annon
840 2203 997 2270 arrogans,
1017 2205 1119 2246 annon
1140 2205 1250 2269 super-

229 2292 306 2364 bus,
329 2312 435 2353 annon
461 2311 639 2376 percussor,
665 2310 771 2372 annon
792 2311 921 2364 avarus,
943 2312 1041 2355 annon
1061 2291 1245 2376 parentibus

229 2421 292 2464 uon
321 2397 514 2484 obsequens,
540 2419 645 2461 annon
666 2397 804 2462 filiorum
830 2411 958 2464 tuorum
982 2399 1124 2464 venditor
1148 2423 1156 2463 :
1178 2401 1249 2466 baeo

228 2507 313 2572 enim
329 2505 383 2592 qui
399 2518 508 2594 agunt,
525 2505 561 2569 iis
572 2504 657 2569 Deus
669 2529 732 2570 non
748 2519 890 2594 apparet,
904 2507 961 2571 nisi
973 2508 1057 2595 prius
1069 2530 1101 2570 se
1112 2509 1150 2570 ab
1163 2508 1246 2570 omui

227 2616 298 2682 iube
319 2615 569 2704 expurgaverint.
595 2616 671 2680 Haec
693 2614 788 2704 igitur
810 2616 914 2682 omnia
930 2618 1075 2682 tenebras
1096 2615 1149 2680 tibi
1171 2616 1245 2702 inji-

227 2726 327 2799 ciunt,
343 2724 428 2789 velut
444 2725 468 2788 si
484 2725 588 2789 obstet
604 2724 718 2789 humor
735 2725 767 2788 in
792 2725 900 2790 oculos
920 2727 1070 2813 trajectus
1084 2725 1246 2811 quominus

226 2837 260 2900 in
274 2832 379 2898 lucem
394 2829 466 2896 solis
478 2819 571 2918 defigi
588 2831 728 2918 possint:
743 2831 786 2895 ita
798 2845 830 2896 et
841 2833 899 2897 tibi
914 2833 1089 2921 impietates
1102 2833 1245 2898 tenebras

227 2942 407 3014 offundunt,
423 2940 591 3026 quominus
606 2939 709 3003 Deum
724 2938 830 3005 videre
845 2941 953 3029 possis.

270 3049 326 3114 111.
345 3047 437 3112 Dices
452 3046 546 3135 igitur
562 3045 659 3110 milri:
676 3043 724 3108 Tu
736 3047 790 3135 qui
803 3047 902 3121 vides,
916 3071 1009 3112 norro
1025 3047 1101 3111 mibi
1114 3046 1247 3111 sormam

225 3157 284 3224 Dei
299 3153 398 3244 qualis
415 3157 463 3220 sit.
483 3154 565 3220 Audi
581 3179 599 3219 o
616 3154 731 3219 homo!
748 3155 847 3219 formu
864 3155 921 3220 Dei
938 3179 998 3221 nec
1010 3155 1085 3231 dici,
1101 3178 1159 3219 nec
1174 3177 1247 3218 nor-

226 3268 287 3334 rori
303 3277 419 3354 potest,
431 3287 491 3330 nec
507 3264 605 3329 oculis
621 3265 781 3354 corporeis
796 3265 904 3330 videri.
924 3266 1003 3330 Nam
1018 3287 1078 3330 neo
1095 3265 1163 3352 ejus
1179 3262 1247 3351 glo-

225 3380 269 3444 rio
291 3379 396 3443 animo
420 3375 502 3461 oapi,
519 3383 583 3438 'nac
605 3375 790 3464 magnitudo
807 3375 1033 3465 comprehendi
1054 3385 1170 3461 potest,
1190 3393 1248 3436 nec

225 3487 356 3552 altitudo
372 3484 513 3574 cogitari,
530 3508 590 3550 nec
605 3487 673 3573 ejus
691 3489 788 3550 robur
803 3487 834 3550 in
850 3485 1117 3580 comparationem
1130 3482 1246 3555 vocari,

225 3618 284 3661 nec
299 3595 447 3682 sapientia
463 3594 644 3668 assimilari3
660 3619 719 3661 nec
731 3597 800 3683 ojus
817 3596 991 3682 benignitas
1004 3592 1176 3666 imitabilis,
1190 3613 1249 3655 neo

224 3703 443 3770 beneficientie
458 3703 651 3768 enarrabilis.
671 3704 750 3769 Nem
769 3703 794 3768 si
818 3703 922 3769 lucem
938 3725 1013 3766 eum
1036 3701 1152 3774 dicam,
1170 3721 1248 3786 opus

224 3815 292 3900 ejus
307 3813 378 3876 dico
398 3835 405 3875 :
427 3813 451 3874 si
470 3811 612 3878 Verbum
636 3813 752 3888 dicam,
777 3814 846 3899 ojus
866 3812 1078 3900 principatum
1098 3809 1168 3874 dico
1189 3830 1196 3868 :
1223 3805 1249 3870 si
