2772 4620
252 198 314 275 elil
549 217 663 262 essent
685 219 806 262 susurru
829 219 984 262 usnnrnss

249 330 327 396 bum
339 329 571 419 cognovissent,
583 327 721 417 primam
731 327 829 394 veluti
840 329 1003 395 notionem
1013 327 1197 396 Minervam
1207 328 1297 394 dixe-

250 450 334 508 runt.
351 436 447 519 Quod
458 437 588 526 quidem
598 435 828 526 perridiculum
838 438 931 505 nobis
943 431 1082 514 videtur,
1096 437 1293 504 muliebrem

248 549 385 614 sormam
400 548 441 613 ad
455 548 627 636 imaginem
641 547 780 614 notionis
798 548 1037 638 exprimendam
1053 549 1225 615 inducere.
1239 549 1291 614 si-

248 658 366 726 militer
380 671 413 724 et
432 657 583 746 reliquos,
598 656 654 747 qui
673 657 837 733 dicuntur,
851 658 939 724 lovis
955 657 1037 724 lilios
1052 659 1133 747 ipsae
1147 659 1292 725 actiones

249 769 454 857 redarguunt.

291 874 390 942 LXV.
410 875 474 942 Nos
489 886 610 953 autem,
627 891 797 966 postquam
811 900 886 944 eum
901 877 957 966 qui
974 875 1074 942 lideiu
1089 899 1185 942 susm
1197 890 1231 943 et
1241 901 1292 942 as-

249 1009 378 1053 sensum
392 985 546 1052 doctrine
561 999 678 1054 nostro
692 999 825 1054 testatus
845 999 905 1062 est,
922 987 967 1052 sie
981 985 1160 1064 abluimus,
1177 987 1222 1052 ad
1237 1011 1291 1052 eos

250 1095 303 1184 qui
324 1095 477 1162 dicuntur
496 1094 608 1161 fratres
628 1095 832 1172 deducimus,
854 1095 910 1161 uhi
931 1093 976 1160 illi
997 1096 1182 1184 congregati
1199 1107 1290 1168 sunt,

249 1228 437 1272 communes
451 1227 562 1294 preces
576 1217 609 1270 et
622 1227 681 1294 pro
697 1206 944 1294 nobismetipsis,
961 1217 993 1270 et
1007 1228 1069 1294 pro
1089 1228 1130 1270 eo
1145 1191 1196 1293 qui
1213 1204 1289 1270 illu-

249 1316 388 1382 minatus
399 1327 461 1391 est,
477 1328 510 1380 et
524 1338 585 1403 pro
594 1313 662 1380 aliis
674 1316 792 1404 ubique
805 1313 953 1382 omnibus
965 1316 1092 1382 intento
1104 1315 1214 1382 animo
1226 1315 1285 1382 lae

249 1426 326 1501 turi,
350 1438 386 1490 ut
404 1426 545 1492 veritatis
560 1423 774 1515 cognitidnem
795 1427 915 1515 adepti,
930 1425 992 1492 bac
1007 1425 1108 1491 etiam
1123 1427 1215 1515 grafia
1229 1427 1279 1490 di-

249 1561 398 1628 gnemur,
411 1547 447 1602 ut
462 1549 583 1604 rectam
598 1539 747 1626 operibus
759 1538 996 1626 vitum-agentes
1007 1548 1041 1602 et
1051 1550 1284 1626 praeceptorem

250 1648 399 1716 custodes
417 1648 627 1724 inveniamur,
649 1671 712 1744 qqo
734 1647 869 1714 salutem
889 1659 1044 1712 eternam
1066 1668 1280 1734 assequamur.

250 1758 393 1824 luvioem
409 1754 519 1823 osculo
534 1755 719 1834 salutamus,
733 1757 787 1823 ubi
803 1756 952 1822 desiimus
967 1757 1105 1845 precari.
1123 1755 1246 1822 Deinde
1260 1755 1284 1822 ei

251 1869 305 1957 qui
327 1866 477 1932 fratribus
504 1877 618 1955 praeest
641 1866 731 1956 panis
751 1865 895 1941 affertur,
917 1878 951 1932 et
969 1864 1128 1954 poculum
1146 1889 1237 1954 aqam
1254 1878 1282 1930 et

250 1977 315 2042 vini
333 2001 341 2040 :
361 1978 477 2067 quibus
499 1977 552 2044 ille
568 1978 707 2066 acceptis
721 1975 848 2044 laudem
863 1989 896 2042 et
915 1975 1050 2065 gloriam
1064 1978 1283 2044 universorum

249 2085 375 2152 Parenti
389 2111 448 2178 per
466 2110 585 2156 nomen
600 2084 672 2152 Filii
687 2098 720 2152 et
742 2085 878 2175 Spiritus
897 2085 999 2151 saneti
1019 2086 1159 2162 emittit,
1179 2097 1213 2152 et
1231 2109 1285 2150 eu-

249 2196 444 2272 charistiam,
458 2197 522 2263 sire
533 2197 705 2286 gratiarum
716 2195 888 2271 sotionem,
896 2217 955 2283 pro
966 2193 1017 2261 his
1028 2195 1069 2260 ab
1082 2193 1139 2262 illo
1150 2195 1280 2284 acceptis

250 2307 343 2376 donis
358 2303 479 2395 prolixe
493 2308 686 2394 exsequitur.
704 2303 875 2394 Postquam
888 2326 1001 2393 preces
1016 2316 1050 2371 et
1064 2305 1274 2372 eucharistiam

250 2412 396 2489 absolvit,
421 2413 557 2504 populus
584 2415 688 2481 omnis
710 2413 877 2491 acclamat,
899 2415 1022 2480 Amen.
1045 2415 1154 2484 Amen
1180 2427 1277 2480 autem

252 2523 382 2590 bebraea
401 2522 508 2613 lingua
530 2525 615 2591 idem
635 2522 719 2591 valet
739 2548 777 2591 ao
797 2524 890 2590 Fiat.
914 2512 1089 2614 Postquam
1100 2549 1174 2590 vero
1189 2526 1215 2590 is
1228 2524 1279 2612 qui

250 2645 365 2723 prseest
383 2657 496 2724 preces
516 2633 663 2710 absolvit,
679 2646 712 2700 et
733 2631 870 2724 populus
890 2635 995 2700 omnis
1014 2632 1199 2706 a'eclsnurit,
1215 2631 1269 2718 qni

250 2743 339 2834 apud
356 2767 414 2810 nos
430 2745 582 2811 dicuntur
601 2743 855 2832 diaconipauem
877 2756 910 2809 et
924 2744 1037 2810 vinum
1051 2757 1080 2809 et
1095 2763 1212 2828 aquam,
1230 2738 1264 2804 in

250 2853 366 2942 quibus
374 2855 481 2942 gratiae
489 2865 569 2920 actae
581 2855 846 2943 sunt,uniouique
858 2847 1268 2943 praeseutinmpartieipanda

252 2960 458 3038 distribuunt,
475 2974 507 3027 et
522 2962 563 3028 ad
577 2963 723 3036 absentes
736 2964 911 3053 perferunt.

293 3066 407 3134 LXVI.
429 3069 534 3158 Atque
552 3069 615 3145 boe
628 3070 817 3137 alimentum
832 3071 918 3161 apud
932 3096 990 3138 nos
1010 3081 1142 3138 vocatur
1154 3071 1279 3139 Eucha-

251 3179 349 3254 ristia‚
367 3179 460 3267 cujus
476 3179 596 3244 nemini
610 3178 662 3245 alii
677 3178 751 3246 lleet
772 3203 841 3246 esse
857 3181 1014 3268 participi,
1031 3172 1093 3247 nis‘i
1108 3183 1163 3269 qui
1178 3180 1285 3246 eredat

252 3312 324 3356 vera
338 3311 406 3356 esse
421 3311 492 3375 qum
504 3287 670 3364 docemus,
683 3301 779 3378 atque
789 3288 844 3356 illo
856 3290 896 3355 nd
907 3289 1129 3358 remissionem
1142 3303 1286 3380 peccato

251 3421 323 3464 rum
339 3405 371 3463 e't
387 3397 660 3487 regenerationem
679 3394 805 3463 lavaero
826 3396 953 3465 ablutus
967 3397 1077 3475 suerit,
1094 3399 1185 3466 etita
1205 3399 1288 3466 vivat

250 3518 287 3572 ut
306 3507 451 3574 Christus
471 3507 609 3590 tradidit.
637 3507 746 3596 Neque
768 3510 854 3576 enim
875 3521 911 3574 ut
931 3531 1140 3576 communem
1157 3533 1287 3598 panem

251 3641 355 3707 neque
367 3630 402 3682 ut
414 3641 619 3685 communem
630 3632 742 3709 potum
758 3619 816 3686 ista
828 3622 998 3694 sumimus;
1014 3621 1071 3686 sed
1082 3621 1290 3708 quemadmo-

252 3727 330 3794 dum
351 3749 410 3815 per
432 3726 575 3796 Verbum
594 3728 653 3795 Dei
668 3751 743 3796 euro
756 3729 860 3797 sactus
876 3731 967 3797 Jesus
987 3730 1136 3798 Christus
1153 3731 1289 3798 salvator

250 3848 360 3910 noster.
373 3848 406 3903 et
417 3861 546 3904 earnem
559 3853 592 3906 et
603 3821 790 3930 sunguinem
800 3841 913 3909 habuit
922 3853 1038 3908 nostrae
1049 3840 1161 3919 salutis
1173 3864 1285 3912 causas
