2648 4598
296 239 337 294 ou
360 245 611 294 aasuanucrroan
635 245 832 291 uoanuoauu.
1016 237 1074 305 tra

69 375 159 422 »nora
168 369 290 446 patrum
302 369 391 422 tuum
403 368 435 422 et
447 355 613 429 matrem¹,
625 383 642 416 s·
652 354 816 420 animabus
828 349 901 416 solis·
914 351 1073 423 corrrrnit,

68 489 134 530 cum
143 467 185 532 eis
195 465 352 554 ejusmodi
363 467 491 532 nomina
503 487 567 530 non
578 463 765 530 conveniant
778 485 786 526 :
800 484 903 548 nequo
914 459 999 524 onim
1010 461 1076 524 ani-

67 599 119 640 ma
132 577 168 640 ab
184 575 346 640 animabus
361 573 543 663 gignuntur.
561 585 596 636 ut
610 573 707 659 patris
721 581 754 638 ct
768 570 876 636 matris
891 565 1075 658 appellatin-

65 705 132 746 nem
142 683 197 747 sibi
209 681 396 758 adsciscant,
414 681 468 746 sed
480 679 623 746 homines
635 681 674 743 ab
688 677 876 743 bominibus.
896 675 1003 762 Neque
1017 675 1075 764 igi-

66 801 112 852 tur
123 787 208 864 illud,
225 789 300 853 Non
314 787 534 862 moecbabcris,
554 787 594 851 da
609 783 771 852 animabus
787 785 910 868 dicatur
926 783 1074 848 decentor

64 908 114 960 aut
124 897 287 984 cogitetur,
304 919 376 962 cum
391 896 472 961 inter
482 918 534 962 eas
546 919 610 960 non
626 895 665 959 sit
677 893 804 960 masculi
821 905 852 958 et
867 892 1002 958 immina
1016 892 1076 956 dis-

63 1004 188 1078 crimen,
204 1027 263 1070 nec
278 1002 339 1068 ulla
355 1003 395 1067 ad
411 1003 529 1069 coitum
544 1000 689 1068 habilitas
705 1013 757 1066 aut
772 1003 949 1090 appetitus:
970 999 1074 1065 rrullus

62 1123 162 1176 autem
179 1135 253 1178 cum
270 1113 310 1177 sit
326 1111 494 1202 appetitus,
514 1134 617 1200 neque
635 1111 730 1175 etiam
750 1102 850 1176 coitus
866 1109 932 1174 lieri
952 1121 1070 1197 polest:

62 1219 141 1307 apud
161 1243 238 1306 quos
257 1231 365 1284 autem
380 1217 483 1284 nullus
497 1231 544 1282 ast
558 1219 672 1293 coitus,
694 1241 796 1305 noque
811 1215 905 1281 etiam
920 1214 1074 1304 legitimus

62 1339 106 1391 est
117 1329 227 1402 coitus,
243 1327 329 1416 quod
342 1340 390 1392 cst
404 1327 655 1398 matrimonium:
678 1327 732 1390 ubi
747 1338 853 1390 autem
869 1322 945 1389 nihil
958 1325 1075 1390 astioni

59 1434 443 1522 legitimaenonsuatudini,
455 1451 556 1522 neque
567 1435 662 1500 etiam
673 1434 873 1499 inconcessus
884 1431 991 1498 alienae
1003 1458 1076 1498 uno

59 1543 98 1606 ris
116 1545 268 1632 appetitus
287 1558 318 1610 et
335 1568 410 1611 cum
427 1568 463 1610 ea
482 1529 679 1610 consuetudo
696 1542 803 1608 locum
821 1544 939 1608 babere
959 1555 1072 1632 potest.

59 1651 120 1715 Sed
135 1675 194 1718 nec
208 1652 327 1718 furtum
345 1665 400 1718 aut
415 1653 543 1718 avaritia
562 1675 636 1718 cum
650 1651 893 1726 interdicuntur,
912 1651 944 1715 id
960 1651 1077 1716 anima·

58 1761 115 1822 bus
136 1760 308 1825 convenit:
333 1759 538 1848 nequeenim
558 1759 732 1847 indigentes
751 1769 823 1823 sunt
842 1781 951 1824 earum
971 1781 1076 1824 rerum

58 1867 169 1952 quibus
191 1867 245 1952 qui
267 1866 418 1955 indigent,
445 1878 574 1955 propter
596 1863 771 1932 naturalem
791 1866 1001 1955 indigentiam·
1023 1880 1077 1930 aut

60 1998 163 2050 asum,
185 1976 281 2041 surari
299 1975 400 2041 solent
420 1988 474 2041 aut
491 1999 548 2064 par
565 1975 628 2041 vim
644 1997 769 2063 rapere,
788 1974 874 2039 velut
892 1998 1004 2039 aurum
1023 1988 1077 2039 aut

56 2095 234 2171 argentum,
252 2095 306 2148 aut
325 2083 453 2160 animal,
475 2094 529 2148 aut
545 2081 630 2148 aliud
644 2083 931 2172 quidpiamcorum
951 2108 1019 2172 quac
1035 2085 1077 2149 ad

55 2192 173 2258 rictum
191 2205 245 2257 aut
260 2194 409 2258 restitum
425 2205 479 2258 aut
496 2217 589 2259 usum
606 2206 678 2281 apta
695 2205 783 2265 sunta
803 2191 911 2258 inutile
927 2194 1012 2258 enim
1029 2207 1078 2258 est

54 2300 222 2366 immortali
237 2312 356 2367 naturae
368 2302 520 2390 quidquid
531 2303 571 2367 ab
583 2301 807 2391 indigentibus,
824 2313 973 2390 tanquam
987 2301 1074 2375 utile,

52 2409 219 2497 appetitur.
246 2409 309 2474 Sed
331 2409 509 2474 uberiorem
530 2409 568 2474 de
591 2409 639 2474 bis
660 2409 753 2474 rebus
775 2408 1017 2498 disputationem
1039 2411 1075 2474 iis

52 2517 248 2582 dimittamus
265 2518 318 2605 qui
335 2516 455 2607 singula
473 2516 649 2608 diligentius
665 2518 865 2584 considerare
881 2517 1002 2593 volunt,
1020 2532 1076 2583 aut

50 2626 268 2692 vehementius
287 2627 439 2694 dimicare
455 2650 528 2694 cum
544 2629 737 2696 adversariis.
762 2628 859 2694 Nobis
878 2641 983 2693 autem
1002 2651 1075 2693 cum

48 2735 126 2798 satis
141 2735 203 2800 sint
217 2759 285 2822 quoe
300 2737 395 2802 modo
411 2737 593 2812 dictasunt,
610 2750 642 2802 et
657 2761 727 2824 quaa
742 2737 791 2801 bis
807 2749 1014 2802 consentanca
1029 2762 1076 2804 rc·

48 2843 279 2911 surrectionem
300 2847 476 2922 adstruunt,
506 2845 538 2910 in
559 2844 669 2910 iisdem
692 2844 809 2910 diutius
827 2845 987 2910 immorari
1012 2869 1075 2910 noa

48 2955 115 3040 jam
128 2955 348 3042 tempestivum
359 2956 408 3021 sit.
428 2954 537 3042 Neque
552 2955 636 3019 enim
652 2951 728 3018 nibil
739 2954 977 3041 pretermittere
989 2979 1027 3018 cx
1039 2955 1074 3020 iis

48 3087 122 3150 quae
139 3062 200 3128 dici
212 3074 354 3151 possunt,
369 3064 565 3153 propositum
576 3062 667 3127 nobis
682 3072 742 3136 est,
758 3063 813 3128 sad
828 3063 1009 3127 summatim
1026 3063 1073 3128 bis

49 3171 105 3258 qui
127 3171 241 3238 adsunt
257 3172 395 3238 indicare
416 3172 491 3260 quid
509 3172 548 3236 de
565 3171 795 3236 resurrectione
811 3171 1008 3236 sentiendum
1022 3173 1073 3248 sit,

47 3290 82 3342 et
93 3289 280 3366 argumenta
296 3278 409 3366 quibus
423 3279 486 3346 boc
499 3278 613 3368 dogma
629 3278 753 3354 nititur,
770 3279 810 3344 ad
825 3279 1020 3343 audientium
1033 3277 1049 3342 s
1064 3317 1074 3327 -

46 3386 203 3452 cultatem
216 3389 466 3454 accommodare.

94 3495 216 3564 XXIV.
231 3499 420 3566 Examinatis
435 3513 543 3566 autem
556 3500 751 3590 aliquatenus
767 3501 815 3567 bis
830 3521 900 3589 quae
915 3502 1074 3590 proposita

46 3605 189 3680 lucrant,
216 3607 281 3694 jam
309 3619 449 3696 superest
476 3621 511 3672 ut
540 3622 571 3674 at
597 3623 819 3699 argumentum
843 3605 929 3698 quod
947 3630 985 3671 ex
1010 3607 1073 3672 sanc

44 3712 178 3777 ducitur
196 3715 451 3780 consideramus:
469 3717 534 3804 jam
553 3715 630 3782 illud
650 3717 777 3808 quidam
793 3741 832 3784 ex
847 3717 895 3782 bis
906 3740 975 3805 quae
988 3715 1071 3782 dictu

81 3840 90 3875 ¹
105 3841 185 3893 Exod.
198 3859 237 3904 ar,
252 3859 288 3892 ra.

1300 3518 1301 3563 l

1298 3585 1300 3656 l
