2516 4636
347 343 470 390 conrnr
493 345 644 390 nnnasns.
947 319 1012 406 579

3 453 122 520 tmdem
142 475 217 522 eum
240 452 322 520 lona
338 451 379 520 de
397 451 535 521 Domino
553 449 744 520 sententiam
762 447 956 521 habuerunt,
980 457 1013 510 ot

2 560 112 630 insessi
123 561 264 639 inerunt,
279 574 312 630 et
324 561 494 630 dixerunt:
512 559 653 626 «Servus
668 558 797 626 Domini
809 579 868 648 ego
880 577 965 633 snm,
981 567 1014 622 et

2 670 177 738 Dominum
184 666 942 759 Deumcmliegoeolo,qniieeitmareetaridsm
952 664 962 700 ¹
973 685 1005 729 :s

2 805 7 840 ;
22 777 250 867 insperabilem
260 777 387 846 homan
403 777 472 846 Deo
484 777 662 866 percipiens
677 775 825 852 salntem,
840 784 1015 863 rerurgnta

5 889 125 962 ortuis,
137 901 171 954 et
182 886 336 956 elarilieet
346 888 466 964 Deum,
481 897 513 954 et
524 909 596 952 eam
608 909 679 974 quse
694 909 716 979 a
728 886 809 953 Jona
825 884 1014 975 prophetata

3 1009 22 1062 t
44 997 131 1064 dieat
145 1017 279 1065 sonem:
302 996 470 1064 «clamavi
489 995 529 1061 nd
550 996 724 1062 Dominum
739 995 843 1060 Mum
857 1012 966 1078 meum
983 991 1016 1056 in

1 1105 209 1176 tribulatione
224 1131 308 1184 mea,
325 1119 358 1174 et
373 1105 533 1174 exaudivit
547 1129 599 1172 me
614 1106 656 1172 de
666 1117 777 1172 ventre
788 1103 901 1172 inferni
911 1101 940 1176 ’ς
956 1129 969 1165 a
983 1113 1017 1167 et

1 1239 104 1305 smper
118 1225 305 1307 permanent
320 1215 501 1306 glorificans
518 1213 635 1290 Deum,
652 1225 687 1280 et
702 1215 770 1280 sine
788 1212 1016 1279 intermissione

2 1327 94 1392 oties
110 1326 249 1394 reserens
264 1351 323 1416 pro
338 1349 376 1392 ea
397 1325 500 1393 salute
514 1347 613 1414 quam
630 1335 823 1392 consecutus
836 1335 884 1388 est
898 1324 937 1388 ab
952 1343 1013 1388 eo:

9 1447 48 1500 ut
64 1457 129 1502 non
143 1433 296 1525 glorietur
311 1435 343 1502 in
359 1447 534 1530 conspeetu
551 1433 677 1501 Domini
690 1433 794 1501 omnis
807 1430 942 1506 earo⁸‚»
957 1451 1018 1496 neo

2 1567 122 1632 nquam
140 1543 182 1610 de
198 1543 267 1612 Deo
290 1544 487 1612 eontrarium
509 1567 639 1609 sensum
658 1544 793 1634 neeipiat
813 1542 924 1618 homo,
948 1563 1019 1630 pro·

5 1655 82 1720 iam
99 1653 284 1722 naturaliter
298 1654 457 1722 arbitrans
471 1675 557 1732 earn,
574 1677 645 1741 qum
657 1655 742 1721 eirea
759 1675 793 1720 se
805 1663 901 1729 esset,
918 1651 1019 1715 innor-

5 1764 151 1856 rptelam,
167 1778 200 1830 at
210 1787 276 1832 non
287 1777 401 1832 tenena
411 1751 590 1840 seritatem,
607 1765 692 1830 inani
705 1761 876 1854 supercilio
887 1762 1020 1850 jactare·

2 1900 45 1956 ar,
70 1875 160 1964 quasi
182 1873 371 1942 naturaliter
397 1871 506 1940 similis
531 1883 617 1939 esset
638 1873 718 1939 Deo.
746 1873 911 1961 lngratum
933 1871 1021 1936 enim

1 1985 82 2074 tegis
103 2005 180 2052 eum
194 1983 258 2052 hoe
278 1983 308 2050 ei
325 1985 380 2072 qui
398 2007 475 2050 eum
490 1983 609 2049 fenera
622 1981 805 2072 perliniens,
827 1993 860 2047 et
875 1979 1021 2048 dileetio·
1064 1993 1071 2000 '

2 2117 57 2182 em
81 2113 178 2180 quam
195 2091 335 2160 habebat
353 2091 440 2160 Deus
459 2090 689 2166 inhominem,
712 2089 902 2166 offuscabat,
921 2102 956 2156 et
968 2112 1020 2154 ex·

1 2203 125 2296 peohat
151 2223 280 2268 sensum
308 2221 402 2268 suum
430 2200 472 2266 ad
493 2223 559 2268 non
581 2199 783 2268 sentiendam
809 2199 896 2288 quod
917 2199 958 2266 sit
980 2198 1021 2264 de

1 2337 50 2408 eo
67 2311 212 2402 dignum,
229 2333 418 2402 eomparsns
432 2324 464 2377 et
480 2309 635 2402 aequelen
649 2333 683 2378 se
696 2311 842 2400 judicans
856 2311 936 2380 Deo.

1 2483 7 2520 Ι
23 2423 104 2488 llaee
115 2442 192 2512 ergo
206 2422 267 2488 fuit
280 2421 524 2511 magnanimitas
535 2421 608 2497 liei,
624 2432 660 2486 ut
674 2421 850 2509 peremnia
863 2431 1022 2510 pertrans-

1 2554 52 2620 με
72 2531 184 2610 homo,
206 2543 241 2597 et
255 2553 383 2598 morum
404 2530 599 2620 agnitionem
617 2529 809 2620 percipiens,
834 2528 952 2598 dehine
965 2551 1020 2594 ve·

1 2621 74 2715 {ens
89 2641 131 2708 etl
145 2642 412 2710 resmreettonom
425 2663 497 2730 quae
509 2651 557 2708 ost
568 2663 587 2708 a
598 2641 746 2718 mortuis,
757 2653 790 2706 et
800 2641 1019 2727 experimento

1 2733 109 2819 *scens
126 2751 210 2820 unde
226 2751 378 2819 liberatus
390 2764 450 2829 est,
463 2775 590 2842 semper
604 2763 713 2842 gratus
729 2748 1018 2822 exsistatDomino,

2 2885 101 2928 onnus
124 2860 348 2951 incorruptelae
370 2872 562 2930 consecutus
583 2861 624 2926 ab
646 2883 698 2934 eo,
722 2871 758 2924 nt
782 2857 854 2949 plus
876 2855 1021 2946 diligeret

1 2996 58 3037 nm
73 2971 145 3056 (eui
159 2972 246 3043 enirn
260 2971 332 3059 plus
346 2970 516 3037 dimittitur
530 2967 602 3057 plus
618 2967 738 3057 diligit)
754 2987 763 3033 r
781 2979 952 3059 eognornnt
967 2991 1022 3034 su·

1 3101 51 3144 sm
66 3077 287 3166 semetipsum,
307 3078 460 3166 quoniam
475 3075 617 3144 mortalis
632 3088 666 3142 et
679 3075 825 3144 infirmus
837 3090 902 3152 est;
925 3077 1024 3146 intel·

2 3198 61 3279 gat
83 3198 190 3254 autem
213 3197 245 3252 et
266 3185 385 3263 Deum,
407 3187 560 3274 quoniam
583 3184 618 3252 in
638 3195 763 3254 tantum
783 3185 969 3254 immortalis
988 3198 1022 3254 et

4 3310 100 3364 otens
124 3308 185 3372 est,
212 3295 259 3360 uti
279 3306 313 3362 et
335 3293 461 3362 mortali
485 3292 770 3372 immortalitatem,
795 3307 830 3362 et
854 3294 1021 3386 temporali

11 3405 196 3474 ternitatem
216 3405 344 3472 donet:
369 3402 524 3494 intelligat
545 3415 655 3472 autam
677 3416 710 3471 et
732 3404 869 3496 reliquas
890 3405 1021 3473 virtutes

11 3519 43 3584 ei
60 3537 172 3582 omnes
185 3515 219 3582 in
236 3514 443 3602 semetipsum
459 3525 612 3590 ostensas,
633 3536 693 3605 por
708 3535 786 3603 quas
800 3515 933 3582 edoctus
947 3537 1022 3582 aen·

7 3640 41 3693 at
58 3625 99 3692 de
116 3623 197 3702 Deo,
209 3634 347 3714 quantas
357 3634 406 3692 est
416 3624 514 3692 Deus.
529 3623 638 3691 Gloria
652 3624 739 3692 enim
752 3623 903 3700 hominis,
915 3624 1017 3697 Deum

2 3735 186 3828 perationes
202 3756 277 3802 vero
296 3733 370 3811 Dei,
388 3747 422 3799 et
442 3734 546 3802 omnis
565 3733 726 3824 sapientie
743 3734 827 3822 ejus,
845 3745 878 3800 at
896 3734 1019 3802 sinatis

20 3845 238 3936 ceptaeulum,
255 3845 362 3913 homo.
387 3846 669 3926 Quemadmodum
688 3847 831 3914 medicus
845 3847 878 3914 in
896 3845 944 3914 his
965 3847 1018 3933 qui

19 3977 612 4044 ¹Joo.1,9.-¹Jon.n‚3.-⁸reomao.
