2674 4618
288 331 404 376 corana
428 328 549 372 raneos
572 329 696 371 onarro.
965 307 1007 369 rb

39 469 89 516 cun
104 442 167 510 tales
179 441 240 526 ejus
254 437 461 504 moderatores
472 435 617 501 videam?
632 434 774 523 Regnare
790 433 863 499 nolo
880 456 888 496 :
909 430 1005 498 dites-

39 577 92 622 care
103 573 155 618 non
166 546 234 614 libet
247 570 255 609 :
266 556 432 634 praeturam
446 565 571 617 recuso,
587 542 809 608 scortationem
825 541 877 606 odi
894 563 901 603 :
917 540 1005 605 navi-

37 687 92 752 gare
109 661 141 724 ob
163 651 355 722 insatiabilem
375 652 535 717 avaritiam
564 674 629 717 non
654 651 778 738 cupio:
814 649 853 713 de
880 650 1004 715 coronis

41 763 222 856 consequendis
231 785 290 828 non
303 739 418 826 dimico
433 784 441 824 ε
454 758 613 826 liberaum
624 759 664 825 ab
675 761 781 824 insana
793 755 900 846 gloriae
916 758 1005 845 cupi-

40 880 135 942 ditate:
153 881 264 936 mortem
277 879 446 934 contemno
464 891 472 931 ι
490 868 600 955 quovis
613 867 715 932 morbi
731 887 844 954 genere
859 865 1003 954 superior

43 1005 114 1048 sum:
128 999 220 1046 maror
230 978 366 1043 animum
381 999 445 1050 non
458 975 588 1063 peredit.
608 975 642 1040 Si
657 997 763 1038 servus
778 997 859 1050 sum,
877 974 1004 1040 servitu-

42 1105 90 1154 tem
102 1089 227 1158 sustinao3
242 1087 266 1151 si
279 1082 372 1160 liber,
385 1083 609 1174 ingenuitatem
624 1105 688 1148 non
703 1092 836 1146 ostento.
849 1080 954 1147 Solem
965 1082 1008 1146 vi-

41 1201 85 1262 deo
98 1197 211 1262 omnium
222 1195 379 1270 eumdem,
397 1216 492 1260 unam
507 1195 649 1260 omnium
663 1205 812 1267 mortem,
831 1191 894 1256 sive
909 1193 942 1256 in
953 1215 1010 1256 vo-

45 1307 136 1394 luptate
146 1307 225 1379 urae,
239 1305 299 1369 sive
314 1304 419 1393 inopia
434 1302 566 1370 iabores.
580 1302 673 1367 Dives
687 1301 831 1375 seminat,
848 1311 881 1364 et
893 1321 1009 1388 pauper

45 1416 132 1478 eodem
147 1425 260 1479 semente
274 1413 457 1502 perfruitur.
476 1412 652 1478 Moriuntur
672 1409 814 1475 ditissimi
834 1431 842 1472 a
862 1408 1009 1474 eumdem

46 1523 96 1588 rite
107 1522 201 1587 exitum
211 1522 321 1588 babent
339 1521 489 1588 mendici.
505 1518 651 1586 Pluribus
666 1521 760 1584 rebus
775 1518 917 1606 indigent
932 1517 1010 1582 diri-

45 1643 87 1704 tes,
96 1632 208 1718 quamvis
219 1629 291 1695 iidee
305 1628 369 1696 illie
384 1643 418 1695 et
432 1628 533 1695 honos
544 1628 715 1694 habentur:
730 1650 851 1717 pauper
861 1638 967 1691 antem
980 1635 1013 1690 et

46 1738 258 1804 moderatissimus
277 1738 413 1826 quisque
430 1737 463 1801 id
479 1736 564 1824 quod
582 1736 641 1802 sibi
657 1737 729 1801 satie
748 1747 797 1800 eet
820 1733 1011 1804 desiderans,

49 1844 139 1909 facilius
150 1845 341 1932 consequitur.
362 1843 448 1923 Quid
462 1855 509 1909 est
525 1844 611 1932 quod
625 1867 664 1908 ex
678 1844 741 1908 fato
755 1866 820 1930 prae
834 1841 961 1908 avaritia
972 1843 1014 1907 ri-

51 1951 123 2037 gidas?
139 1952 190 2017 Gur
204 1975 236 2018 ex
252 1952 317 2018 fato
340 1974 422 2040 saepe
442 1963 604 2040 appetens,
624 1973 705 2038 saepe
725 1949 878 2016 moreris?
896 1949 1013 2016 Mundo

54 2082 158 2134 moure,
167 2061 220 2148 ejus
226 2062 373 2128 insaniam
385 2062 530 2149 rejiciens
542 2083 550 2124 r
567 2061 634 2126 vive
644 2060 725 2134 Deo,
737 2083 794 2149 per
805 2059 900 2148 ipsius
912 2058 1015 2147 cogni·

54 2168 152 2242 tionem,
165 2181 276 2238 vetrum
289 2171 528 2262 generationem
540 2169 716 2260 repudians.
736 2170 806 2234 Non
821 2167 895 2234 sacti
906 2188 1013 2232 eumne

51 2286 76 2336 ut
95 2295 260 2356 moreremur,
281 2279 341 2346 sed
364 2291 480 2344 nostra*
493 2276 584 2366 culpa
606 2278 769 2343 morimur.
798 2275 936 2342 Perdidit
958 2297 1015 2340 nos

49 2381 123 2449 libera
134 2384 270 2456 voluntas:
287 2387 371 2454 servi
391 2386 465 2452 beri
483 2409 603 2460 eumue,
620 2387 672 2473 qui
688 2383 777 2451 liberi
791 2407 938 2450 eramus:
959 2405 1014 2474 per

51 2505 179 2576 mutum
189 2498 292 2564 venditi
304 2521 423 2564 sumus.
440 2493 524 2564 Nibil
535 2494 610 2561 mali
623 2494 742 2562 iactum
756 2507 834 2560 eata
851 2495 938 2559 Deo:
958 2515 1015 2559 noe

51 2599 95 2684 ipsi
107 2602 301 2690 improbitatem
313 2607 528 2696 produximus.
548 2606 626 2671 Eam
637 2627 711 2671 vero
723 2604 776 2691 qui
788 2604 1016 2690 produxerunt,

53 2707 132 2775 denuo
143 2717 283 2802 repudiare
297 2730 439 2807 possunt.

83 2816 139 2883 ΧΠ.
157 2820 215 2888 Duo
231 2827 395 2915 spirituum
413 2825 600 2908 discrimina
612 2825 769 2896 norimus,
790 2841 925 2907 quorum
940 2816 1019 2884 alter

52 2925 258 3010 animaremur,
268 2934 358 3012 alter,
371 2937 474 3001 anima
484 2934 691 3024 praestantior,
704 2931 762 2997 Dei
775 2930 878 3016 imago
889 2939 920 2993 et
933 2927 1020 2993 simi-

54 3029 141 3098 litudo.
153 3036 270 3129 Uterque
282 3043 391 3131 primis
406 3042 585 3108 bominibus
599 3042 712 3112 inerat,
728 3048 764 3101 ut
776 3036 890 3124 partim
904 3059 943 3102 ex
956 3059 1021 3102 ma·

59 3139 118 3203 teria
134 3156 291 3226 mutuent,
310 3151 427 3240 partim
441 3151 570 3217 materia
586 3149 815 3235 praeetantiores
833 3155 945 3209 essent.
969 3143 1022 3208 Sic

58 3257 145 3312 autem
157 3273 183 3316 ae
195 3277 236 3320 rea
245 3257 342 3324 babet.
364 3258 545 3324 Universum
559 3257 664 3321 videro
679 3267 725 3321 est
740 3253 850 3320 mundi
863 3265 1022 3318 construe-

32 3413 33 3416 ,
56 3355 162 3434 tionem,
179 3383 211 3427 ac
227 3366 397 3435 universum
415 3389 493 3456 opus
511 3391 550 3432 ex
567 3367 696 3456 materia
717 3364 904 3453 perfectum,
924 3362 1024 3449 ipsam

54 3474 140 3530 aaran
157 3473 297 3543 materiam
320 3501 337 3542 o
358 3477 425 3544 Deo
448 3487 600 3549 creatam
628 3476 669 3539 ita
694 3485 728 3536 ut
749 3471 863 3560 partim
885 3467 971 3532 rudis
994 3479 1026 3532 et

54 3571 166 3643 informis
182 3581 359 3676 intelligatur
377 3596 546 3674 antequam
565 3583 749 3648 divisionem
769 3579 938 3666 acciperet,
953 3599 1027 3667 par-

52 3682 96 3746 tim
109 3701 201 3754 ornate
215 3703 243 3756 et
255 3695 373 3785 digesta
386 3706 458 3784 post
473 3705 633 3785 peractam
647 3691 678 3756 in
694 3712 730 3754 en
746 3686 939 3752 divisionem.
960 3685 1029 3751 Coa-

53 3787 102 3856 ium
112 3793 193 3883 igitur
202 3809 304 3890 etquae
315 3807 348 3872 in
359 3828 399 3870 eo
410 3802 518 3880 stellae,
535 3795 574 3867 ex
585 3800 714 3866 materia
726 3805 885 3866 constant;
904 3807 936 3858 et
947 3806 1028 3861 terra
1132 3861 1135 3866 ,

53 3918 81 3964 ³⁰
95 3902 229 3992 quidquid
244 3933 277 3978 ea
296 3915 476 3982 continetur
495 3909 629 3978 similem
648 3909 742 3974 babet
763 3902 1028 3977 constitutionem,
