2808 4688
80 257 889 282 thmmmmusmmmwwuv'Qfflmwffmm
893 259 1123 281 mmmmm

169 422 578 559 SANCTUS
622 421 1056 569 CLEMENs
1172 437 1176 442 ’

379 703 503 774 ΡΑΡΑ
528 703 544 766 Ι
568 703 629 768 ET
654 702 876 770 MARTYR,

525 920 712 971 GRAECUS.

463 1088 532 1172 (tu.
562 1112 579 1153 i
604 1111 651 1154 cn.
683 1091 776 1174 root)

422 1281 814 1315 -ιύοῠ-ᾠ-

149 1439 206 1506 Ur
225 1437 341 1522 rivus,
355 1461 431 1532 quo
454 1443 623 1536 proprior
647 1437 693 1508 ad
718 1433 877 1524 fontem,
891 1459 934 1506 eo
954 1435 1134 1538 limpidio-

101 1562 180 1616 rem
206 1541 321 1614 volvit
344 1543 545 1642 liquorem,
561 1549 612 1616 sic
630 1550 663 1615 S.
684 1544 986 1628 Clemens,Pauli
1003 1571 1140 1634 comes,

102 1643 148 1715 ab
174 1649 256 1742 ipso
275 1645 481 1718 celebratus
499 1647 571 1743 (ad
590 1647 685 1717 Phil.
705 1673 760 1732 rr,
781 1644 841 1738 3),
867 1660 906 1714 et
924 1650 1020 1716 Petri
1043 1653 1141 1722 audi·

104 1765 176 1840 tor,
190 1749 327 1847 dignus
341 1753 403 1820 cui
415 1775 550 1822 manus
565 1754 645 1847 ipse
662 1754 888 1846 imponeret,
903 1763 991 1821 teste
1004 1757 1142 1826 Tertul-

106 1854 231 1942 liano,
247 1857 399 1923 nonnisi
421 1857 581 1926 sinceros
598 1853 751 1924 haustus
767 1851 938 1924 doctrinae
954 1858 1143 1930 ministrat.
1230 1937 1238 1956 ,

111 1960 226 2030 Unde
248 1983 272 2031 a
293 1957 480 2030 veteribus
499 1962 592 2030 inter
614 1974 777 2032 auctores
798 1983 915 2030 sacros
942 1958 1004 2031 diu
1027 1987 1141 2036 annu·

119 2079 289 2134 meratus
305 2077 367 2134 est.
427 2071 435 2080 ‘

165 2171 326 2238 Faustini
338 2159 443 2242 ‚filius
467 2183 543 2241 crat
563 2183 600 2240 et
618 2183 701 2240 ortu
720 2176 917 2258 Romanus,
941 2172 1004 2243 sed
1027 2191 1132 2272 gente

112 2273 266 2344 Judaeus,
542 2277 544 2282 ’
1100 2356 1108 2365 ,

156 2385 275 2452 Pauca
293 2379 339 2452 de
361 2379 462 2453 factis
482 2381 576 2477 ejus,
594 2387 657 2456 sed
674 2389 805 2456 eximia
830 2386 876 2457 ab
895 2387 1047 2462 historia
1066 2405 1135 2466 tra·

110 2483 186 2555 dita
203 2500 298 2556 sunt
313 2489 452 2585 Nempe
467 2487 599 2559 Christi
612 2502 690 2586 tyro
705 2491 822 2562 factus
835 2507 919 2564 ante
931 2518 1068 2566 annum
1079 2499 1138 2587 62,

107 2587 282 2688 Philippis
297 2615 369 2662 una
384 2618 466 2664 cum
481 2593 517 2664 S.
533 2594 644 2666 Paulo
659 2599 909 2668 testimonium
922 2598 1008 2671 fidei
1021 2599 1139 2690 dedit;
1241 2611 1251 2626 “

109 2696 240 2767 deinde
266 2699 434 2770 eumdem
451 2705 604 2770 Romam
628 2705 839 2790 comitatus,
857 2701 1006 2776 adhaesit
1023 2712 1057 2777 S.
1076 2715 1138 2782 Pe·

107 2819 177 2892 tro,
187 2819 224 2876 et
236 2803 322 2876 huic
335 2810 462 2877 tertius
475 2831 661 2877 successor
674 2805 755 2893 fuit,
768 2832 825 2877 an.
840 2831 901 2902 91,
911 2809 997 2882 licet
1006 2812 1081 2906 jam
1093 2815 1138 2887 ab

108 2933 205 2981 anno
222 2907 269 2982 65
286 2935 428 2982 sacrum
445 2913 610 3010 episcopi
627 2935 762 2982 munus
778 2919 987 3010 susceperit.
1005 2923 1135 3019 Supre-

107 3039 189 3088 mus
215 3017 395 3116 pontifex,
419 3043 569 3117 operam
598 3019 838 3117 propagandae
864 3019 950 3092 fidei
975 3035 1135 3116 navavit,

109 3129 319 3223 primosque
345 3131 383 3196 in
410 3126 543 3198 Gallias
569 3125 702 3197 direxit
724 3129 910 3224 Evangelii
935 3153 1134 3228 praeconem

107 3235 146 3302 in
182 3230 333 3302 ecclesia
361 3233 593 3304 Corinthiaco
623 3255 748 3330 pacem
781 3237 879 3329 gravi
914 3235 1137 3314 dissensione

107 3336 297 3410 turbatam
309 3335 457 3409 feliciter
470 3342 643 3427 restituit3
652 3342 868 3412 Domitianas
880 3349 1141 3438 persecutionis

109 3447 298 3516 cruciatus
311 3443 500 3533 delibavit,
516 3446 758 3544 tandemque,
774 3471 860 3518 cum
875 3445 983 3544 digne
998 3455 1138 3548 perde.

110 3571 190 3619 cem
212 3545 290 3618 fere
313 3571 429 3620 annos
449 3549 736 3646 gubernaculum
759 3548 924 3620 Ecclesiae
949 3559 1136 3648 tenuisset,

111 3679 131 3724 e
153 3658 228 3725 vita
256 3656 445 3750 migravit,
465 3679 523 3728 an.
551 3659 590 3726 C.
614 3679 700 3740 roo,
720 3655 860 3750 Trajani
885 3679 969 3728 vero
992 3661 1138 3761 imperii

113 3761 231 3830 tertio.
253 3759 342 3832 Aliis
355 3760 510 3859 placuit,
526 3759 734 3858 sed'paucis
750 3761 1034 3852 assentientibus,
1053 3792 1138 3839 eum

117 3881 197 3934 ante
215 3868 250 3936 S.
272 3865 483 3940 Aoacletum
508 3871 542 3938 S.
559 3868 654 3940 Lino
675 3869 894 3950 successisse,
914 3881 952 3936 et
968 3871 1069 4034 apice
1082 3871 1140 3945 de·

204 3991 225 4034 t.
