2688 4626
263 227 323 271 m
459 227 483 268 S.
508 224 628 268 susm!
651 221 806 266 utrrtnts
829 223 868 266 nr
892 223 1083 270 monusculi.

337 334 429 392 Auri:
445 329 515 409 quid
530 349 599 407 ergo
613 339 642 387 te
654 339 733 386 vetet
746 327 859 386 lucrum
875 331 971 406 sequi,
1088 331 1090 336 ‘

339 439 412 495 Cum
426 433 509 491 liceat
521 429 592 508 ipsiu
605 425 722 488 essedis
735 425 813 486 haud
827 427 988 508 imparem?

259 559 296 627 lu
310 557 440 624 llecubo
455 579 463 619 :

339 681 520 757 Quicumque
530 681 603 736 Zeus
613 695 659 748 es,
668 676 739 734 ucri
750 676 829 734 euim
840 675 931 734 verbo
943 687 1038 748 tenus,

338 781 412 854 Zeus
423 775 483 834 sive
494 774 599 848 latum,
610 775 672 832 sire
681 793 764 834 meos
775 773 955 846 mortalium,

336 879 383 950 'l'e⁸
390 873 583 953 deprecabor.
1281 953 1286 962 ι

301 995 354 1064 Vl.
369 995 429 1072 Hic
439 994 535 1084 igitur
545 993 699 1062 indicium
712 1005 761 1061 est
777 995 952 1062 virtutisne
969 996 1068 1062 enimi
1086 996 1278 1085 prudentium

241 1104 404 1179 umentis,
418 1103 458 1168 cd
474 1103 705 1191 conjunctionis
720 1103 978 1170 communionem
997 1123 1175 1178 recurrere,
1190 1127 1278 1192 seqrrc

259 1213 361 1301 ipsum
375 1211 551 1300 prudentiae
562 1212 604 1277 od
615 1210 749 1278 salutem
765 1211 904 1288 tradere,
918 1233 957 1279 ac
971 1207 1102 1278 meliore
1115 1213 1175 1301 pro
1192 1213 1276 1279 insito

258 1320 380 1386 homini
399 1320 530 1385 arbitrio
546 1317 681 1408 eligere,
701 1341 765 1385 non
784 1319 1015 1385 existimantem
1034 1320 1159 1407 eosqui
1177 1319 1275 1386 humo

257 1430 306 1496 nis
325 1428 546 1496 allectionibus
559 1427 687 1493 obnoxii
704 1440 789 1506 sunt,
806 1429 1026 1494 universorum
1041 1427 1188 1494 dominos
1204 1452 1273 1500 csso

258 1539 375 1626 quippe
390 1559 464 1604 cum
484 1558 525 1602 ne
542 1558 633 1624 peres
650 1513 779 1624 quidem
792 1537 975 1604 hominihus
996 1533 1269 1626 deprehenduntur.

156 1695 160 1716 .
258 1646 339 1714 Nam
353 1643 438 1733 opud
453 1645 630 1708 Homerum
645 1643 846 1712 Demodocus
858 1667 892 1710 so
906 1645 1039 1733 useipso
1054 1645 1186 1710 doctum
1196 1646 1270 1717 deit,

258 1766 290 1821 et
301 1777 320 1819 a
331 1753 399 1819 Deo
411 1751 470 1817 sibi
483 1751 603 1815 ulllctos
618 1762 688 1816 csse
698 1763 822 1829 contus,
842 1753 984 1848 quumvis
998 1751 1145 1818 morte'n's
1158 1753 1199 1816 sit.
1211 1750 1268 1815 AEs

259 1859 402 1948 oulapius
418 1871 526 1924 cutem
541 1867 573 1922 et
588 1855 701 1945 Apollo
715 1861 799 1946 apud
812 1853 990 1926 'Chironem
1009 1861 1202 1926 Centaurum
1214 1883 1269 1924 me

260 1970 327 2036 deri
343 1967 481 2042 discunt,
495 1965 581 2054 quod
595 1965 732 2031 maxime
750 1989 869 2034 novum
884 1980 944 2044 est,
957 1969 1043 2057 opud
1055 1967 1216 2036 hommem
1225 1968 1269 2032 dii.

259 2077 344 2157 Quid
355 2076 440 2140 enim
453 2072 629 2140 chccolro
637 2093 825 2149 memorem,
834 2095 930 2160 quem
940 2073 1104 2140 furentem
1117 2087 1219 2163 poeto,
1229 2086 1272 2138 rut

258 2185 298 2250 de
313 2180 462 2258 Hercule,
480 2203 575 2269 quem
589 2181 742 2247 miserum
760 2180 859 2248 dicit?
876 2181 963 2260 Quid
981 2183 1096 2248 attinet
1109 2183 1232 2248 liutem
1245 2195 1272 2246 et

259 2292 429 2364 Venerem,
446 2288 544 2354 duces
563 2287 633 2354 illos
648 2287 794 2352 adulterii
811 2310 850 2353 sc
865 2287 1041 2378 principes,
1056 2289 1222 2363 nocensne,
1240 2299 1268 2351 et

259 2425 298 2466 cx
318 2399 366 2464 his
383 2397 530 2463 omnibus
545 2408 724 2485 susceptam
743 2395 1045 2462 demonstrationem
1060 2393 1270 2485 perlicereifii

260 2507 329 2596 quis
345 2505 432 2570 euim
447 2527 559 2570 corum
574 2505 627 2592 qui
642 2505 798 2580 feruntur,
815 2505 949 2570 deorum
963 2504 1119 2581 actiones,
1134 2529 1205 2572 oum
1218 2525 1274 2570 nou

260 2614 394 2689 noverit,
410 2614 563 2688 imitetur,
582 2613 608 2678 is
620 2613 726 2678 adhuc
739 2613 882 2702 impurus
892 2625 954 2678 eta
971 2613 1035 2678 ritu
1048 2627 1079 2680 et
1088 2613 1273 2679 humitate

175 2735 178 2740 “
258 2722 379 2789 alicnus
391 2722 599 2788 existimetur.
617 2721 651 2786 Si
664 2721 733 2808 quis
751 2734 859 2788 cutem
873 2719 1010 2796 noverit,
1027 2719 1214 2810 probabilem
1222 2719 1277 2784 lm-

259 2832 348 2897 hesir
359 2851 461 2919 poenae
475 2828 662 2918 effugiendae
673 2851 795 2906 ausam,
811 2827 962 2896 delictum
977 2852 1043 2895 non
1064 2852 1130 2895 esse
1144 2827 1277 2895 demone

261 2951 346 3004 trans
358 2938 537 3004 divinorum
549 2937 726 3036 sucinorum
737 2938 956 3004 imitationem.
969 2937 1103 3016 Quodsi
1116 2938 1183 3026 quis
1193 2938 1277 3004 cotio

260 3069 316 3112 nes
331 3047 500 3134 vituperet,
520 3047 649 3112 uomina
667 3069 793 3134 quoqne
811 3069 850 3112 ex
868 3045 917 3112 his
940 3057 1015 3111 noto
1033 3043 1145 3122 tollctr
1161 3070 1217 3114 uec
1231 3069 1278 3112 ecs

259 3155 476 3246 probabilibus
497 3168 530 3221 et
551 3156 699 3246 speciosis
713 3156 817 3221 verbis
838 3157 975 3246 obteget.
997 3155 1112 3244 ltaque
1130 3141 1282 3248 compleo-

259 3267 393 3334 tendum
415 3265 506 3332 nobis
526 3277 574 3331 cst
594 3287 704 3330 verum
726 3275 759 3329 et
777 3263 973 3330 immutabile
989 3287 1122 3339 nomen,
1141 3287 1280 3332 normes

261 3375 364 3442 solum
375 3397 454 3442 voce
475 3373 694 3465 predicatum,
707 3375 761 3440 sed
776 3397 887 3442 eorum
898 3374 992 3440 etium
1005 3373 1062 3460 qui
1071 3395 1128 3440 ros
1140 3373 1174 3438 in
1191 3374 1281 3464 prims

262 3485 414 3551 doctrines
428 3484 584 3553 elementa
604 3485 824 3560 introducunt3
846 3508 900 3561 ne,
923 3484 948 3548 si
966 3481 1062 3570 hujus
1077 3481 1150 3546 ritae
1166 3495 1282 3572 tempus

261 3594 294 3659 in
306 3596 371 3659 otio
380 3607 414 3659 et
424 3597 535 3661 inertis
548 3595 792 3671 tmduxerimus,
801 3618 866 3661 nou
875 3592 976 3660 solum
988 3603 1024 3654 ut
1033 3587 1143 3680 gloriae
1155 3589 1284 3668 coelestis

261 3701 374 3789 ignari,
386 3704 547 3771 sedetiam
560 3718 595 3771 ut
607 3706 721 3796 ingrati
735 3705 890 3771 rationem
901 3703 999 3793 judici
1013 3699 1199 3767 reddamus.

662 3877 876 3899 aua—una..-
