2640 4622
340 271 403 346 hoa
637 291 748 336 sancrr
770 291 895 336 rasruu
922 293 1078 336 naamis

340 410 406 460 turn
423 396 551 462 demum
573 415 647 462 curn
669 397 754 462 aurci
775 397 970 464 hominihus
988 412 1022 464 at
1035 401 1105 464 ariri
1118 419 1252 465 assotana

338 506 382 569 ris
396 505 617 570 innotesceret.
871 535 884 560 ο

381 613 564 678 LXXXIX.
578 614 637 680 flia
648 613 794 702 Trypho:
809 615 916 684 Prohe
932 620 1032 692 scira.
1045 616 1258 703 inquitatur

337 745 355 786 a
371 731 478 786 nostro
494 721 579 786 omni
596 741 710 807 gauere
721 726 914 810 exspectarir
931 737 970 788 at
984 723 1158 810 Scripturas
1169 745 1262 805 anaap

336 827 478 902 attulisti,
491 850 548 892 nos
560 827 694 894 inillam
706 828 805 895 dictas
816 831 987 896 confiteri.
1004 830 1089 896 illud
1107 830 1188 892 otiam
1198 829 1265 890 naa:

335 935 410 1000 «iesu
426 935 567 1009 nomino,
582 957 646 1021 quo
658 935 742 1001 filius
757 937 850 1004 Nave
869 917 1125 1027 cognominatus
1142 937 1199 1010 init,
1212 957 1267 999 atm-

336 1053 403 1107 tum
415 1041 521 1115 fuisso,
532 1053 566 1106 ut
577 1043 618 1106 ad
628 1065 739 1108 manus
750 1043 825 1110 hue
837 1066 974 1132 quoquo
987 1047 1038 1110 rai
1050 1045 1164 1110 dandas
1172 1041 1268 1106 urcium

336 1149 447 1214 Utrum
458 1159 564 1214 autam
580 1161 645 1214 tam
662 1151 827 1216 inhonesta
845 1153 1024 1220 Christum
1040 1151 1208 1218 crucitinm
1218 1151 1266 1232 inp

333 1257 455 1322 dictum
466 1257 518 1332 sit,
528 1257 560 1321 id
570 1258 662 1323 nohis
674 1258 805 1324 dubium
818 1259 955 1325 videtur.
969 1257 1267 1326 Matsdtcruaaaru:

334 1365 461 1440 dicitur,
483 1365 537 1452 qui
557 1365 771 1454 crucifigiturr
796 1389 893 1452 quaro
922 1369 1113 1434 admodum
1131 1364 1227 1430 difficit
1239 1364 1254 1420 ‚t

226 1538 234 1550 ,
333 1475 410 1540 mihi
437 1473 635 1562 persuadere.
661 1473 813 1540 Passurus
831 1475 963 1563 quidam
986 1477 1140 1540 Christus
1157 1469 1255 1536 nanta

332 1583 503 1671 Scripturis
524 1581 731 1668 praedicatnrz
750 1595 857 1646 utrum
879 1595 994 1648 autom
1021 1575 1255 1648 maledictuuiht

333 1692 399 1778 haga
414 1688 557 1778 supplicii
571 1713 670 1777 genus
681 1713 842 1777 passurus,
856 1691 982 1760 disoero
998 1691 1163 1762 volumus,
1176 1688 1196 1749 si
1205 1683 1274 1770 antJ

331 1801 386 1864 hos
397 1799 439 1864 ad
455 1821 524 1862 cam
539 1819 664 1886 quoquc
680 1820 747 1863 rem
763 1798 1065 1864 demonstrandam.

376 1909 408 1972 Si
427 1907 555 1994 quidem
574 1927 733 1992 passurus,
751 1906 891 1993 iuquam,
915 1908 1074 1974 Christus
1090 1927 1153 1970 non
1165 1901 1260 1966 tutans·

333 2017 497 2106 Prophatae
508 2014 721 2103 praedixisscut
734 2015 812 2090 sora,
826 2026 861 2079 ut
872 2039 889 2080 a
900 2019 1049 2103 peccatis
1062 2011 1168 2104 populi
1177 2008 1263 2072 adut*

332 2126 555 2196 abduceretur,
571 2121 748 2187 afficeretur
768 2123 949 2209 ignominia,
966 2123 1110 2212 flagellis
1127 2117 1245 2186 aanor.

331 2233 413 2298 iutar
422 2233 582 2318 imprnhos
594 2242 826 2305 numeraretur,
839 2233 931 2316 cujus
943 2255 1050 2318 genus
1063 2255 1083 2295 ιι
1092 2227 1199 2296 nemine
1205 2233 1262 2282 aar·

331 2363 420 2428 posse
435 2341 544 2404 asserit
555 2337 726 2424 Prophotnr
741 2339 826 2404 haud
840 2341 896 2404 ahs
907 2363 942 2404 ra
957 2353 1045 2408 essct
1058 2341 1173 2405 miron
1158 2332 1256 2394 W

332 2449 400 2514 haec
410 2448 535 2535 propria
551 2469 625 2510 oum
638 2455 711 2510 nota
728 2445 889 2536 distinguit
900 2459 933 2512 at
943 2450 1102 2514 omnihus
1115 2423 1255 2510 mnnhffl'i

331 2559 391 2629 cit;
408 2557 566 2644 quomodo
579 2577 643 2619 nou
654 2566 686 2618 et
697 2577 754 2620 nos
772 2554 930 2620 fideutar'
922 2575 954 2618 ru
966 2579 1044 2620 oum
1058 2544 1256 2622 arantum

331 2666 523 2752 quicumque
537 2661 708 2749 Prophetas
725 2659 914 2750 intelligunt,
927 2662 1017 2729 hunc
1031 2687 1120 2738 asso,
1134 2679 1186 2726 noa
1198 2649 1258 2714 th?

330 2785 453 2838 tantum
469 2770 597 2835 audiant
611 2767 797 2834 crucifixum
812 2791 892 2844 asse,
909 2791 973 2834 uon
992 2767 1158 2836 asserent?

373 2881 444 2946 XC.
459 2881 523 2946 Nos
539 2879 646 2966 igitur,
660 2878 774 2963 inquit,
790 2901 829 2942 cx
840 2877 1011 2966 Scripturis
1024 2881 1140 2950 adore,
1158 2884 1184 2936 ut
1197 2863 1250 2951 tpi-

330 3009 392 3072 quc
407 2987 463 3051 tihi
479 2986 694 3051 assentiamur.
711 2983 880 3050 Passurum
892 2986 976 3049 onim
993 3000 1025 3050 at
1038 2999 1183 3073 tanquam
1192 2983 1249 3038 ⁰¹tn

331 3097 513 3161 ductnmu
478 3119 515 3159 ιιι
530 3095 664 3164 scimus;
684 3092 739 3158 sed
755 3105 862 3158 utrum
877 3093 972 3158 etiam
983 3089 1252 3183 crucifigendus,
1219 3088 1252 3137 ι’

228 3283 232 3288 ,
330 3203 537 3294 ignominiose
552 3213 680 3289 tamque
691 3202 856 3268 inhonesto
872 3214 1009 3268 mortam
1026 3205 1058 3270 in
1071 3204 1140 3292 lege
1156 3185 1258 3262 mairiu·

330 3314 486 3384 obiturus,
511 3308 559 3374 sac
582 3308 959 3374 nohisdemonstras.1d
980 3311 1066 3376 enim
1085 3331 1141 3376 uos
1155 3325 1189 3370 ne
1203 3297 1257 3374 (Ψ

329 3423 457 3510 quidam
472 3439 648 3506 possumus.

374 3528 497 3604 Nosti,
489 3547 631 3613 mquam,
644 3523 818 3611 Prophetas
830 3547 1038 3612 quacumque
1053 3500 1254 3591 seaaruatntt't

330 3651 417 3710 runt,
434 3659 471 3701 aa
487 3636 581 3722 siguis
599 3645 630 3698 ot
649 3632 852 3740 imaginihus,
869 3644 904 3695 ut
919 3633 1001 3697 iutar
1016 3655 1074 3698 uos
1086 3613 1252 3699 counanimis

324 3744 420 3816 nisse,
434 3755 469 3806 ut
484 3765 548 3807 non
567 3739 656 3806 suciis
668 3715 818 3827 pleraque
831 3740 870 3804 ah
883 3740 1030 3806 omnihus
1042 3735 1254 3826 iatatttganntffl

327 3855 490 3920 raritatem
505 3851 553 3914 his
569 3850 658 3914 dictis
671 3859 703 3912 rt
722 3847 835 3912 sactis
827 3847 951 3912 insitam
971 3848 1176 3917 abscondisse
1191 3837 1250 3900 Μ’
1252 3839 1262 3868 '
