<?xml version="1.0" encoding="UTF-8"?>
<!DOCTYPE html PUBLIC "-//W3C//DTD XHTML 1.0 Transitional//EN"
    "http://www.w3.org/TR/xhtml1/DTD/xhtml1-transitional.dtd">
<html xmlns="http://www.w3.org/1999/xhtml" xml:lang="en" lang="en">
 <head>
  <title>
</title>
<meta http-equiv="Content-Type" content="text/html;charset=utf-8" />
  <meta name='ocr-system' content='tesseract 3.04.00' />
  <meta name='ocr-capabilities' content='ocr_page ocr_carea ocr_par ocr_line ocrx_word'/>
</head>
<body>
  <div class='ocr_page' id='page_1' title='image "./collectioselect02guilgoog_0107.png"; bbox 0 0 2710 4662; ppageno 0'>
   <div class='ocr_carea' id='block_1_1' title="bbox 188 211 839 282">
    <p class='ocr_par' dir='ltr' id='par_1_1' title="bbox 188 211 839 282">
     <span class='ocr_line' id='line_1_1' title="bbox 188 211 839 282; baseline -0.012 -20"><span class='ocrx_word' id='word_1_1' title='bbox 188 217 229 282; x_wconf 61' lang='grc' dir='ltr'><strong><em>φ</em></strong></span> <span class='ocrx_word' id='word_1_2' title='bbox 579 213 692 258; x_wconf 71' lang='grc' dir='ltr'><strong>ΕΑΝΕΤΙ</strong></span> <span class='ocrx_word' id='word_1_3' title='bbox 717 211 839 258; x_wconf 68' lang='lat' dir='ltr'><strong>tottam</strong></span> 
     </span>
    </p>
   </div>
   <div class='ocr_carea' id='block_1_2' title="bbox 161 315 1354 1820">
    <p class='ocr_par' dir='ltr' id='par_1_2' title="bbox 190 315 1230 519">
     <span class='ocr_line' id='line_1_2' title="bbox 190 315 1227 396; baseline -0.007 -8"><span class='ocrx_word' id='word_1_4' title='bbox 190 346 254 390; x_wconf 87' lang='lat' dir='ltr'><strong>non</strong></span> <span class='ocrx_word' id='word_1_5' title='bbox 269 321 415 396; x_wconf 54' lang='lat' dir='ltr'><strong>fueritis}</strong></span> <span class='ocrx_word' id='word_1_6' title='bbox 426 333 459 390; x_wconf 88' lang='lat' dir='ltr'><strong>et</strong></span> <span class='ocrx_word' id='word_1_7' title='bbox 473 318 621 388; x_wconf 77' lang='lat' dir='ltr'><strong>indivulsi</strong></span> <span class='ocrx_word' id='word_1_8' title='bbox 635 320 814 388; x_wconf 71' lang='lat' dir='ltr'><strong>manseritis</strong></span> <span class='ocrx_word' id='word_1_9' title='bbox 829 343 847 384; x_wconf 92' lang='lat' dir='ltr'><strong>a</strong></span> <span class='ocrx_word' id='word_1_10' title='bbox 863 316 1023 386; x_wconf 68' lang='lat' dir='ltr'><strong>uso-tea</strong></span> <span class='ocrx_word' id='word_1_11' title='bbox 1039 315 1184 392; x_wconf 83' lang='lat' dir='ltr'><strong>Christo,</strong></span> <span class='ocrx_word' id='word_1_12' title='bbox 1200 329 1227 381; x_wconf 83' lang='lat' dir='ltr'><strong>et</strong></span> 
     </span>
     <span class='ocr_line' id='line_1_3' title="bbox 191 425 1230 519; baseline -0.007 -23"><span class='ocrx_word' id='word_1_13' title='bbox 191 430 355 519; x_wconf 84' lang='lat' dir='ltr'><strong>episeopo,</strong></span> <span class='ocrx_word' id='word_1_14' title='bbox 374 441 407 496; x_wconf 86' lang='lat' dir='ltr'><strong>at</strong></span> <span class='ocrx_word' id='word_1_15' title='bbox 424 428 590 518; x_wconf 78' lang='lat' dir='ltr'><strong>praeceptis</strong></span> <span class='ocrx_word' id='word_1_16' title='bbox 609 426 844 516; x_wconf 77' lang='lat' dir='ltr'><strong>Apostolorum.</strong></span> <span class='ocrx_word' id='word_1_17' title='bbox 873 427 937 506; x_wconf 86' lang='lat' dir='ltr'><strong>Qui</strong></span> <span class='ocrx_word' id='word_1_18' title='bbox 957 429 1038 492; x_wconf 86' lang='lat' dir='ltr'><strong>intra</strong></span> <span class='ocrx_word' id='word_1_19' title='bbox 1055 425 1157 490; x_wconf 78' lang='lat' dir='ltr'><strong>attare</strong></span> <span class='ocrx_word' id='word_1_20' title='bbox 1171 438 1230 498; x_wconf 81' lang='lat' dir='ltr'><strong>est,</strong></span> 
     </span>
    </p>

    <p class='ocr_par' dir='ltr' id='par_1_3' title="bbox 161 533 1233 845">
     <span class='ocr_line' id='line_1_4' title="bbox 161 533 1233 624; baseline -0.007 -18"><span class='ocrx_word' id='word_1_21' title='bbox 161 593 169 606; x_wconf 84' lang='lat'><strong>.</strong></span> <span class='ocrx_word' id='word_1_22' title='bbox 193 537 331 606; x_wconf 87' lang='lat' dir='ltr'><strong>mundus</strong></span> <span class='ocrx_word' id='word_1_23' title='bbox 349 549 417 604; x_wconf 84' lang='lat' dir='ltr'><strong>est:</strong></span> <span class='ocrx_word' id='word_1_24' title='bbox 442 536 497 624; x_wconf 89' lang='lat' dir='ltr'><strong>qui</strong></span> <span class='ocrx_word' id='word_1_25' title='bbox 519 559 594 604; x_wconf 84' lang='lat' dir='ltr'><strong>vero</strong></span> <span class='ocrx_word' id='word_1_26' title='bbox 617 547 704 602; x_wconf 83' lang='lat' dir='ltr'><strong>extra</strong></span> <span class='ocrx_word' id='word_1_27' title='bbox 720 545 769 602; x_wconf 86' lang='lat' dir='ltr'><strong>est</strong></span> <span class='ocrx_word' id='word_1_28' title='bbox 794 535 945 620; x_wconf 84' lang='lat' dir='ltr'><strong>(nonest</strong></span> <span class='ocrx_word' id='word_1_29' title='bbox 964 536 1151 622; x_wconf 89' lang='lat' dir='ltr'><strong>mundus):</strong></span> <span class='ocrx_word' id='word_1_30' title='bbox 1171 533 1233 599; x_wconf 83' lang='lat' dir='ltr'><strong>hoe</strong></span> 
     </span>
     <span class='ocr_line' id='line_1_5' title="bbox 192 642 1233 735; baseline -0.009 -21"><span class='ocrx_word' id='word_1_31' title='bbox 192 659 252 723; x_wconf 84' lang='lat' dir='ltr'><strong>est,</strong></span> <span class='ocrx_word' id='word_1_32' title='bbox 271 648 325 735; x_wconf 90' lang='lat' dir='ltr'><strong>qui</strong></span> <span class='ocrx_word' id='word_1_33' title='bbox 341 647 408 712; x_wconf 91' lang='lat' dir='ltr'><strong>sine</strong></span> <span class='ocrx_word' id='word_1_34' title='bbox 424 646 574 732; x_wconf 85' lang='lat' dir='ltr'><strong>episeopo</strong></span> <span class='ocrx_word' id='word_1_35' title='bbox 596 655 630 712; x_wconf 88' lang='lat' dir='ltr'><strong>et</strong></span> <span class='ocrx_word' id='word_1_36' title='bbox 648 645 846 732; x_wconf 79' lang='lat' dir='ltr'><strong>presbyterio</strong></span> <span class='ocrx_word' id='word_1_37' title='bbox 862 655 894 710; x_wconf 88' lang='lat' dir='ltr'><strong>et</strong></span> <span class='ocrx_word' id='word_1_38' title='bbox 912 644 1054 710; x_wconf 84' lang='lat' dir='ltr'><strong>diaconis</strong></span> <span class='ocrx_word' id='word_1_39' title='bbox 1069 642 1233 731; x_wconf 80' lang='lat' dir='ltr'>quidpiam</span> 
     </span>
     <span class='ocr_line' id='line_1_6' title="bbox 193 753 883 845; baseline -0.006 -25"><span class='ocrx_word' id='word_1_40' title='bbox 193 757 268 845; x_wconf 87' lang='lat' dir='ltr'><strong>agit,</strong></span> <span class='ocrx_word' id='word_1_41' title='bbox 287 755 313 822; x_wconf 90' lang='lat' dir='ltr'><strong>is</strong></span> <span class='ocrx_word' id='word_1_42' title='bbox 331 777 396 822; x_wconf 89' lang='lat' dir='ltr'><strong>nou</strong></span> <span class='ocrx_word' id='word_1_43' title='bbox 411 765 460 820; x_wconf 88' lang='lat' dir='ltr'><strong>est</strong></span> <span class='ocrx_word' id='word_1_44' title='bbox 475 753 614 820; x_wconf 86' lang='lat' dir='ltr'><strong>mundus</strong></span> <span class='ocrx_word' id='word_1_45' title='bbox 629 753 663 820; x_wconf 91' lang='lat' dir='ltr'><strong>in</strong></span> <span class='ocrx_word' id='word_1_46' title='bbox 678 753 883 819; x_wconf 82' lang='lat' dir='ltr'><strong>conscientia.</strong></span> 
     </span>
    </p>

    <p class='ocr_par' dir='ltr' id='par_1_4' title="bbox 236 859 1235 950">
     <span class='ocr_line' id='line_1_7' title="bbox 236 859 1235 950; baseline -0.009 -17"><span class='ocrx_word' id='word_1_47' title='bbox 236 865 322 934; x_wconf 88' lang='lat' dir='ltr'><strong>Viii.</strong></span> <span class='ocrx_word' id='word_1_48' title='bbox 342 863 413 932; x_wconf 90' lang='lat' dir='ltr'><strong>Non</strong></span> <span class='ocrx_word' id='word_1_49' title='bbox 428 863 515 950; x_wconf 89' lang='lat' dir='ltr'><strong>quod</strong></span> <span class='ocrx_word' id='word_1_50' title='bbox 525 863 669 930; x_wconf 87' lang='lat' dir='ltr'><strong>noverim</strong></span> <span class='ocrx_word' id='word_1_51' title='bbox 683 861 747 928; x_wconf 80' lang='lat' dir='ltr'><strong>tale</strong></span> <span class='ocrx_word' id='word_1_52' title='bbox 758 861 879 949; x_wconf 81' lang='lat' dir='ltr'><strong>aliquid</strong></span> <span class='ocrx_word' id='word_1_53' title='bbox 892 862 977 926; x_wconf 89' lang='lat' dir='ltr'><strong>inter</strong></span> <span class='ocrx_word' id='word_1_54' title='bbox 987 883 1059 932; x_wconf 77' lang='lat' dir='ltr'><strong>vos:</strong></span> <span class='ocrx_word' id='word_1_55' title='bbox 1079 859 1138 924; x_wconf 82' lang='lat' dir='ltr'><strong>sesi</strong></span> <span class='ocrx_word' id='word_1_56' title='bbox 1150 859 1235 946; x_wconf 82' lang='lat' dir='ltr'><strong>quod</strong></span> 
     </span>
    </p>

    <p class='ocr_par' dir='ltr' id='par_1_5' title="bbox 195 968 1354 1820">
     <span class='ocr_line' id='line_1_8' title="bbox 195 968 1238 1062; baseline -0.006 -24"><span class='ocrx_word' id='word_1_57' title='bbox 195 973 403 1062; x_wconf 69' lang='lat' dir='ltr'><strong>praemuniam</strong></span> <span class='ocrx_word' id='word_1_58' title='bbox 417 995 485 1045; x_wconf 87' lang='lat' dir='ltr'><strong>vos,</strong></span> <span class='ocrx_word' id='word_1_59' title='bbox 502 983 538 1039; x_wconf 91' lang='lat' dir='ltr'><strong>ut</strong></span> <span class='ocrx_word' id='word_1_60' title='bbox 548 968 630 1038; x_wconf 87' lang='lat' dir='ltr'><strong>iilius</strong></span> <span class='ocrx_word' id='word_1_61' title='bbox 642 993 730 1036; x_wconf 87' lang='lat' dir='ltr'><strong>meos</strong></span> <span class='ocrx_word' id='word_1_62' title='bbox 740 969 957 1042; x_wconf 84' lang='lat' dir='ltr'><strong>eharissimos,</strong></span> <span class='ocrx_word' id='word_1_63' title='bbox 973 968 1176 1056; x_wconf 72' lang='lat' dir='ltr'><strong>prospiciens</strong></span> <span class='ocrx_word' id='word_1_64' title='bbox 1193 969 1238 1032; x_wconf 88' lang='lat' dir='ltr'><strong>in-</strong></span> 
     </span>
     <span class='ocr_line' id='line_1_9' title="bbox 197 1079 1241 1168; baseline -0.006 -20"><span class='ocrx_word' id='word_1_65' title='bbox 197 1082 290 1150; x_wconf 87' lang='lat' dir='ltr'><strong>sidias</strong></span> <span class='ocrx_word' id='word_1_66' title='bbox 305 1080 440 1148; x_wconf 84' lang='lat' dir='ltr'><strong>Diaboli.</strong></span> <span class='ocrx_word' id='word_1_67' title='bbox 459 1079 524 1150; x_wconf 90' lang='lat' dir='ltr'><strong>Vos</strong></span> <span class='ocrx_word' id='word_1_68' title='bbox 541 1081 649 1168; x_wconf 84' lang='lat' dir='ltr'><strong>itaque</strong></span> <span class='ocrx_word' id='word_1_69' title='bbox 659 1079 937 1144; x_wconf 87' lang='lat' dir='ltr'><strong>mansuetudinem</strong></span> <span class='ocrx_word' id='word_1_70' title='bbox 955 1087 1171 1151; x_wconf 83' lang='lat' dir='ltr'><strong>assumentes,</strong></span> <span class='ocrx_word' id='word_1_71' title='bbox 1188 1099 1241 1142; x_wconf 85' lang='lat' dir='ltr'><strong>re-</strong></span> 
     </span>
     <span class='ocr_line' id='line_1_10' title="bbox 197 1185 1239 1277; baseline -0.006 -21"><span class='ocrx_word' id='word_1_72' title='bbox 197 1201 302 1256; x_wconf 81' lang='lat' dir='ltr'><strong>create</strong></span> <span class='ocrx_word' id='word_1_73' title='bbox 324 1189 531 1277; x_wconf 84' lang='lat' dir='ltr'><strong>vosmetipsos</strong></span> <span class='ocrx_word' id='word_1_74' title='bbox 554 1189 587 1254; x_wconf 92' lang='lat' dir='ltr'><strong>in</strong></span> <span class='ocrx_word' id='word_1_75' title='bbox 608 1187 685 1264; x_wconf 76' lang='lat' dir='ltr'><strong>fide,</strong></span> <span class='ocrx_word' id='word_1_76' title='bbox 707 1185 796 1276; x_wconf 84' lang='lat' dir='ltr'><strong>quod</strong></span> <span class='ocrx_word' id='word_1_77' title='bbox 816 1198 866 1251; x_wconf 86' lang='lat' dir='ltr'><strong>est</strong></span> <span class='ocrx_word' id='word_1_78' title='bbox 888 1207 964 1252; x_wconf 85' lang='lat' dir='ltr'><strong>caro</strong></span> <span class='ocrx_word' id='word_1_79' title='bbox 986 1185 1131 1260; x_wconf 88' lang='lat' dir='ltr'><strong>Domini,</strong></span> <span class='ocrx_word' id='word_1_80' title='bbox 1154 1197 1187 1248; x_wconf 78' lang='lat' dir='ltr'><strong>st</strong></span> <span class='ocrx_word' id='word_1_81' title='bbox 1208 1186 1239 1250; x_wconf 93' lang='lat' dir='ltr'><strong>in</strong></span> 
     </span>
     <span class='ocr_line' id='line_1_11' title="bbox 199 1292 1241 1384; baseline -0.005 -21"><span class='ocrx_word' id='word_1_82' title='bbox 199 1298 365 1371; x_wconf 85' lang='lat' dir='ltr'><strong>charitate,</strong></span> <span class='ocrx_word' id='word_1_83' title='bbox 375 1295 463 1384; x_wconf 89' lang='lat' dir='ltr'><strong>quod</strong></span> <span class='ocrx_word' id='word_1_84' title='bbox 472 1308 521 1362; x_wconf 89' lang='lat' dir='ltr'><strong>est</strong></span> <span class='ocrx_word' id='word_1_85' title='bbox 536 1297 663 1384; x_wconf 85' lang='lat' dir='ltr'><strong>sanguis</strong></span> <span class='ocrx_word' id='word_1_86' title='bbox 674 1295 752 1362; x_wconf 83' lang='lat' dir='ltr'><strong>Jesu</strong></span> <span class='ocrx_word' id='word_1_87' title='bbox 764 1294 894 1361; x_wconf 75' lang='lat' dir='ltr'><strong>Christi.</strong></span> <span class='ocrx_word' id='word_1_88' title='bbox 908 1292 1021 1360; x_wconf 87' lang='lat' dir='ltr'><strong>Nullus</strong></span> <span class='ocrx_word' id='word_1_89' title='bbox 1033 1295 1241 1360; x_wconf 82' lang='lat' dir='ltr'><strong>vestrumad·</strong></span> 
     </span>
     <span class='ocr_line' id='line_1_12' title="bbox 200 1401 1354 1495; baseline -0.008 -21"><span class='ocrx_word' id='word_1_90' title='bbox 200 1429 307 1474; x_wconf 78' lang='lat' dir='ltr'><strong>versus</strong></span> <span class='ocrx_word' id='word_1_91' title='bbox 318 1406 498 1494; x_wconf 81' lang='lat' dir='ltr'><strong>proximum</strong></span> <span class='ocrx_word' id='word_1_92' title='bbox 509 1403 629 1492; x_wconf 90' lang='lat' dir='ltr'><strong>aliquid</strong></span> <span class='ocrx_word' id='word_1_93' title='bbox 640 1403 768 1470; x_wconf 85' lang='lat' dir='ltr'><strong>habeat.</strong></span> <span class='ocrx_word' id='word_1_94' title='bbox 788 1403 956 1469; x_wconf 86' lang='lat' dir='ltr'><strong>Neunsam</strong></span> <span class='ocrx_word' id='word_1_95' title='bbox 967 1402 1049 1468; x_wconf 82' lang='lat' dir='ltr'><strong>detis</strong></span> <span class='ocrx_word' id='word_1_96' title='bbox 1062 1401 1236 1474; x_wconf 65' lang='lat' dir='ltr'><strong>Gentilium</strong></span> <span class='ocrx_word' id='word_1_97' title='bbox 1351 1403 1354 1495; x_wconf 17' lang='grc' dir='ltr'><strong>’ἶ</strong></span> 
     </span>
     <span class='ocr_line' id='line_1_13' title="bbox 201 1510 1240 1606; baseline -0.009 -21"><span class='ocrx_word' id='word_1_98' title='bbox 201 1541 241 1586; x_wconf 86' lang='lat' dir='ltr'><strong>ne</strong></span> <span class='ocrx_word' id='word_1_99' title='bbox 256 1528 387 1606; x_wconf 85' lang='lat' dir='ltr'><strong>propter</strong></span> <span class='ocrx_word' id='word_1_100' title='bbox 398 1537 517 1605; x_wconf 84' lang='lat' dir='ltr'><strong>paucos</strong></span> <span class='ocrx_word' id='word_1_101' title='bbox 529 1514 726 1603; x_wconf 85' lang='lat' dir='ltr'><strong>insipientes,</strong></span> <span class='ocrx_word' id='word_1_102' title='bbox 741 1537 779 1578; x_wconf 84' lang='lat' dir='ltr'><strong>aa</strong></span> <span class='ocrx_word' id='word_1_103' title='bbox 793 1535 864 1602; x_wconf 79' lang='lat' dir='ltr'><strong>quae</strong></span> <span class='ocrx_word' id='word_1_104' title='bbox 875 1514 909 1578; x_wconf 90' lang='lat' dir='ltr'><strong>in</strong></span> <span class='ocrx_word' id='word_1_105' title='bbox 919 1511 988 1578; x_wconf 89' lang='lat' dir='ltr'><strong>Deo</strong></span> <span class='ocrx_word' id='word_1_106' title='bbox 1002 1523 1053 1578; x_wconf 86' lang='lat' dir='ltr'><strong>est</strong></span> <span class='ocrx_word' id='word_1_107' title='bbox 1067 1510 1240 1577; x_wconf 80' lang='lat' dir='ltr'><strong>multitudo</strong></span> 
     </span>
     <span class='ocr_line' id='line_1_14' title="bbox 200 1621 1354 1714; baseline -0.005 -22"><span class='ocrx_word' id='word_1_108' title='bbox 200 1625 448 1714; x_wconf 80' lang='lat' dir='ltr'><strong>blasphemetur.</strong></span> <span class='ocrx_word' id='word_1_109' title='bbox 471 1624 550 1694; x_wconf 63' lang='lat' dir='ltr'><strong>siim</strong></span> <span class='ocrx_word' id='word_1_110' title='bbox 563 1624 651 1692; x_wconf 88' lang='lat' dir='ltr'><strong>enim</strong></span> <span class='ocrx_word' id='word_1_111' title='bbox 666 1624 708 1697; x_wconf 91' lang='lat' dir='ltr'><strong>ei,</strong></span> <span class='ocrx_word' id='word_1_112' title='bbox 724 1645 783 1711; x_wconf 88' lang='lat' dir='ltr'><strong>per</strong></span> <span class='ocrx_word' id='word_1_113' title='bbox 795 1643 892 1709; x_wconf 85' lang='lat' dir='ltr'><strong>quem</strong></span> <span class='ocrx_word' id='word_1_114' title='bbox 907 1622 946 1686; x_wconf 78' lang='lat' dir='ltr'><strong>in</strong></span> <span class='ocrx_word' id='word_1_115' title='bbox 956 1621 1111 1687; x_wconf 76' lang='lat' dir='ltr'><strong>uanitate</strong></span> <span class='ocrx_word' id='word_1_116' title='bbox 1126 1641 1237 1687; x_wconf 85' lang='lat' dir='ltr'><strong>nomen</strong></span> <span class='ocrx_word' id='word_1_117' title='bbox 1351 1666 1354 1714; x_wconf 56' lang='lat' dir='ltr'><strong>p</strong></span> 
     </span>
     <span class='ocr_line' id='line_1_15' title="bbox 203 1730 908 1820; baseline -0.01 -24"><span class='ocrx_word' id='word_1_118' title='bbox 203 1766 215 1796; x_wconf 71' lang='lat' dir='ltr'><strong>a</strong></span> <span class='ocrx_word' id='word_1_119' title='bbox 232 1757 340 1800; x_wconf 90' lang='lat' dir='ltr'><strong>meum</strong></span> <span class='ocrx_word' id='word_1_120' title='bbox 356 1735 394 1798; x_wconf 79' lang='lat' dir='ltr'><strong>in</strong></span> <span class='ocrx_word' id='word_1_121' title='bbox 407 1733 575 1820; x_wconf 75' lang='lat' dir='ltr'><strong>aliquibus</strong></span> <span class='ocrx_word' id='word_1_122' title='bbox 589 1730 848 1820; x_wconf 87' lang='lat' dir='ltr'><strong>blasphematur¹</strong></span> <span class='ocrx_word' id='word_1_123' title='bbox 862 1733 870 1794; x_wconf 78' lang='lat'>1</span> <span class='ocrx_word' id='word_1_124' title='bbox 884 1760 908 1792; x_wconf 67' lang='lat' dir='ltr'><strong>s.</strong></span> 
     </span>
    </p>
   </div>
   <div class='ocr_carea' id='block_1_3' title="bbox 205 1841 1251 2362">
    <p class='ocr_par' dir='ltr' id='par_1_6' title="bbox 205 1841 1251 2362">
     <span class='ocr_line' id='line_1_16' title="bbox 248 1841 1240 1930; baseline -0.003 -22"><span class='ocrx_word' id='word_1_125' title='bbox 248 1843 305 1912; x_wconf 80' lang='lat' dir='ltr'><strong>tx.</strong></span> <span class='ocrx_word' id='word_1_126' title='bbox 331 1843 487 1911; x_wconf 83' lang='lat' dir='ltr'><strong>Obturate</strong></span> <span class='ocrx_word' id='word_1_127' title='bbox 507 1843 603 1930; x_wconf 86' lang='lat' dir='ltr'><strong>igitur</strong></span> <span class='ocrx_word' id='word_1_128' title='bbox 621 1865 713 1908; x_wconf 84' lang='lat' dir='ltr'><strong>aures</strong></span> <span class='ocrx_word' id='word_1_129' title='bbox 731 1855 862 1916; x_wconf 82' lang='lat' dir='ltr'><strong>vertras,</strong></span> <span class='ocrx_word' id='word_1_130' title='bbox 884 1863 959 1907; x_wconf 86' lang='lat' dir='ltr'><strong>eum</strong></span> <span class='ocrx_word' id='word_1_131' title='bbox 977 1841 1066 1907; x_wconf 81' lang='lat' dir='ltr'><strong>robis</strong></span> <span class='ocrx_word' id='word_1_132' title='bbox 1086 1841 1240 1930; x_wconf 81' lang='lat' dir='ltr'><strong>quispiam</strong></span> 
     </span>
     <span class='ocr_line' id='line_1_17' title="bbox 205 1949 1247 2040; baseline -0.002 -22"><span class='ocrx_word' id='word_1_133' title='bbox 205 1950 344 2038; x_wconf 84' lang='lat' dir='ltr'><strong>loquitur</strong></span> <span class='ocrx_word' id='word_1_134' title='bbox 363 1951 430 2016; x_wconf 89' lang='lat' dir='ltr'><strong>sine</strong></span> <span class='ocrx_word' id='word_1_135' title='bbox 450 1949 527 2016; x_wconf 81' lang='lat' dir='ltr'><strong>Jesu</strong></span> <span class='ocrx_word' id='word_1_136' title='bbox 546 1949 688 2026; x_wconf 85' lang='lat' dir='ltr'><strong>Christo,</strong></span> <span class='ocrx_word' id='word_1_137' title='bbox 707 1951 761 2039; x_wconf 80' lang='lat' dir='ltr'><strong>qui</strong></span> <span class='ocrx_word' id='word_1_138' title='bbox 780 1975 819 2018; x_wconf 88' lang='lat' dir='ltr'><strong>ex</strong></span> <span class='ocrx_word' id='word_1_139' title='bbox 838 1973 953 2040; x_wconf 84' lang='lat' dir='ltr'><strong>genere</strong></span> <span class='ocrx_word' id='word_1_140' title='bbox 972 1950 1114 2026; x_wconf 74' lang='lat' dir='ltr'><strong>Doridis,</strong></span> <span class='ocrx_word' id='word_1_141' title='bbox 1137 1952 1195 2040; x_wconf 86' lang='lat' dir='ltr'><strong>qui</strong></span> <span class='ocrx_word' id='word_1_142' title='bbox 1209 1973 1247 2016; x_wconf 73' lang='lat' dir='ltr'><strong>ex</strong></span> 
     </span>
     <span class='ocr_line' id='line_1_18' title="bbox 205 2057 1250 2150; baseline 0.002 -28"><span class='ocrx_word' id='word_1_143' title='bbox 205 2058 318 2128; x_wconf 62' lang='grc' dir='ltr'><strong>Μανίας</strong></span> <span class='ocrx_word' id='word_1_144' title='bbox 338 2057 391 2144; x_wconf 88' lang='lat' dir='ltr'><strong>qui</strong></span> <span class='ocrx_word' id='word_1_145' title='bbox 404 2080 478 2122; x_wconf 85' lang='lat' dir='ltr'><strong>vere</strong></span> <span class='ocrx_word' id='word_1_146' title='bbox 489 2070 582 2126; x_wconf 88' lang='lat' dir='ltr'><strong>nutus</strong></span> <span class='ocrx_word' id='word_1_147' title='bbox 593 2071 654 2134; x_wconf 84' lang='lat' dir='ltr'><strong>est,</strong></span> <span class='ocrx_word' id='word_1_148' title='bbox 671 2059 737 2124; x_wconf 85' lang='lat' dir='ltr'><strong>edit</strong></span> <span class='ocrx_word' id='word_1_149' title='bbox 748 2070 781 2125; x_wconf 87' lang='lat' dir='ltr'><strong>et</strong></span> <span class='ocrx_word' id='word_1_150' title='bbox 795 2059 889 2132; x_wconf 85' lang='lat' dir='ltr'><strong>bibit,</strong></span> <span class='ocrx_word' id='word_1_151' title='bbox 902 2081 976 2124; x_wconf 84' lang='lat' dir='ltr'><strong>vore</strong></span> <span class='ocrx_word' id='word_1_152' title='bbox 985 2061 1250 2150; x_wconf 74' lang='lat' dir='ltr'><strong>persecutionem</strong></span> 
     </span>
     <span class='ocr_line' id='line_1_19' title="bbox 207 2164 1250 2253; baseline 0 -21"><span class='ocrx_word' id='word_1_153' title='bbox 207 2187 315 2253; x_wconf 83' lang='lat' dir='ltr'><strong>passus</strong></span> <span class='ocrx_word' id='word_1_154' title='bbox 326 2175 373 2228; x_wconf 86' lang='lat' dir='ltr'><strong>est</strong></span> <span class='ocrx_word' id='word_1_155' title='bbox 384 2167 443 2232; x_wconf 88' lang='lat' dir='ltr'><strong>suh</strong></span> <span class='ocrx_word' id='word_1_156' title='bbox 456 2164 694 2241; x_wconf 83' lang='lat' dir='ltr'><strong>PontioPilat0;</strong></span> <span class='ocrx_word' id='word_1_157' title='bbox 709 2191 783 2233; x_wconf 85' lang='lat' dir='ltr'><strong>vere</strong></span> <span class='ocrx_word' id='word_1_158' title='bbox 794 2166 967 2234; x_wconf 76' lang='lat' dir='ltr'><strong>crucifixus</strong></span> <span class='ocrx_word' id='word_1_159' title='bbox 980 2179 1011 2232; x_wconf 87' lang='lat' dir='ltr'><strong>ot</strong></span> <span class='ocrx_word' id='word_1_160' title='bbox 1021 2180 1165 2232; x_wconf 83' lang='lat' dir='ltr'><strong>mortuus</strong></span> <span class='ocrx_word' id='word_1_161' title='bbox 1178 2181 1250 2242; x_wconf 85' lang='lat' dir='ltr'><strong>est,</strong></span> 
     </span>
     <span class='ocr_line' id='line_1_20' title="bbox 208 2272 1251 2362; baseline 0.001 -24"><span class='ocrx_word' id='word_1_162' title='bbox 208 2272 387 2341; x_wconf 84' lang='lat' dir='ltr'><strong>videntibus</strong></span> <span class='ocrx_word' id='word_1_163' title='bbox 407 2273 601 2351; x_wconf 78' lang='lat' dir='ltr'><strong>celestibus,</strong></span> <span class='ocrx_word' id='word_1_164' title='bbox 617 2277 820 2348; x_wconf 80' lang='lat' dir='ltr'><strong>terrestribus</strong></span> <span class='ocrx_word' id='word_1_165' title='bbox 834 2289 867 2342; x_wconf 88' lang='lat' dir='ltr'><strong>et</strong></span> <span class='ocrx_word' id='word_1_166' title='bbox 886 2277 1107 2349; x_wconf 69' lang='lat' dir='ltr'><strong>subterraneim</strong></span> <span class='ocrx_word' id='word_1_167' title='bbox 1128 2277 1190 2362; x_wconf 88' lang='lat' dir='ltr'><strong>qui</strong></span> <span class='ocrx_word' id='word_1_168' title='bbox 1211 2289 1251 2340; x_wconf 85' lang='lat' dir='ltr'><strong>et</strong></span> 
     </span>
    </p>
   </div>
   <div class='ocr_carea' id='block_1_4' title="bbox 210 2384 1353 3800">
    <p class='ocr_par' dir='ltr' id='par_1_7' title="bbox 210 2384 1252 2786">
     <span class='ocr_line' id='line_1_21' title="bbox 210 2384 1249 2476; baseline 0 -28"><span class='ocrx_word' id='word_1_169' title='bbox 210 2404 283 2448; x_wconf 84' lang='lat' dir='ltr'><strong>vere</strong></span> <span class='ocrx_word' id='word_1_170' title='bbox 298 2385 469 2452; x_wconf 82' lang='lat' dir='ltr'><strong>resurrexit</strong></span> <span class='ocrx_word' id='word_1_171' title='bbox 482 2409 501 2452; x_wconf 91' lang='lat' dir='ltr'><strong>a</strong></span> <span class='ocrx_word' id='word_1_172' title='bbox 517 2387 664 2464; x_wconf 84' lang='lat' dir='ltr'><strong>mortuis,</strong></span> <span class='ocrx_word' id='word_1_173' title='bbox 678 2387 885 2454; x_wconf 81' lang='lat' dir='ltr'><strong>resuscitante</strong></span> <span class='ocrx_word' id='word_1_174' title='bbox 906 2388 1009 2476; x_wconf 83' lang='lat' dir='ltr'><strong>ipsum</strong></span> <span class='ocrx_word' id='word_1_175' title='bbox 1021 2385 1114 2451; x_wconf 78' lang='lat' dir='ltr'><strong>Patre</strong></span> <span class='ocrx_word' id='word_1_176' title='bbox 1128 2384 1249 2473; x_wconf 83' lang='lat' dir='ltr'><strong>ipsius,</strong></span> 
     </span>
     <span class='ocr_line' id='line_1_22' title="bbox 211 2494 1252 2586; baseline 0 -28"><span class='ocrx_word' id='word_1_177' title='bbox 211 2494 388 2562; x_wconf 88' lang='lat' dir='ltr'><strong>secundum</strong></span> <span class='ocrx_word' id='word_1_178' title='bbox 410 2495 649 2566; x_wconf 82' lang='lat' dir='ltr'><strong>similitudinem</strong></span> <span class='ocrx_word' id='word_1_179' title='bbox 661 2520 722 2585; x_wconf 86' lang='lat' dir='ltr'><strong>qua</strong></span> <span class='ocrx_word' id='word_1_180' title='bbox 735 2509 767 2562; x_wconf 89' lang='lat' dir='ltr'><strong>et</strong></span> <span class='ocrx_word' id='word_1_181' title='bbox 785 2519 856 2572; x_wconf 88' lang='lat' dir='ltr'><strong>nos,</strong></span> <span class='ocrx_word' id='word_1_182' title='bbox 874 2497 932 2586; x_wconf 88' lang='lat' dir='ltr'><strong>ipsi</strong></span> <span class='ocrx_word' id='word_1_183' title='bbox 948 2495 1126 2570; x_wconf 80' lang='lat' dir='ltr'><strong>eredentes,</strong></span> <span class='ocrx_word' id='word_1_184' title='bbox 1143 2495 1188 2558; x_wconf 87' lang='lat' dir='ltr'><strong>ita</strong></span> <span class='ocrx_word' id='word_1_185' title='bbox 1203 2517 1252 2558; x_wconf 81' lang='lat' dir='ltr'><strong>re·</strong></span> 
     </span>
     <span class='ocr_line' id='line_1_23' title="bbox 210 2605 1250 2696; baseline -0.003 -26"><span class='ocrx_word' id='word_1_186' title='bbox 210 2605 375 2677; x_wconf 79' lang='lat' dir='ltr'><strong>suscitabit</strong></span> <span class='ocrx_word' id='word_1_187' title='bbox 390 2605 484 2674; x_wconf 87' lang='lat' dir='ltr'><strong>Pater</strong></span> <span class='ocrx_word' id='word_1_188' title='bbox 499 2607 596 2696; x_wconf 88' lang='lat' dir='ltr'><strong>ipsius</strong></span> <span class='ocrx_word' id='word_1_189' title='bbox 610 2608 644 2672; x_wconf 88' lang='lat' dir='ltr'><strong>in</strong></span> <span class='ocrx_word' id='word_1_190' title='bbox 660 2607 787 2672; x_wconf 86' lang='lat' dir='ltr'><strong>Christo</strong></span> <span class='ocrx_word' id='word_1_191' title='bbox 803 2607 897 2680; x_wconf 71' lang='lat' dir='ltr'><strong>Jesua</strong></span> <span class='ocrx_word' id='word_1_192' title='bbox 917 2608 1063 2696; x_wconf 83' lang='lat' dir='ltr'><strong>sineque</strong></span> <span class='ocrx_word' id='word_1_193' title='bbox 1078 2625 1190 2672; x_wconf 82' lang='lat' dir='ltr'><strong>veram</strong></span> <span class='ocrx_word' id='word_1_194' title='bbox 1209 2605 1250 2668; x_wconf 80' lang='lat' dir='ltr'><strong>vi-</strong></span> 
     </span>
     <span class='ocr_line' id='line_1_24' title="bbox 212 2719 538 2786; baseline 0.003 -4"><span class='ocrx_word' id='word_1_195' title='bbox 212 2727 278 2782; x_wconf 87' lang='lat' dir='ltr'><strong>tam</strong></span> <span class='ocrx_word' id='word_1_196' title='bbox 293 2741 357 2786; x_wconf 91' lang='lat' dir='ltr'><strong>non</strong></span> <span class='ocrx_word' id='word_1_197' title='bbox 372 2719 538 2786; x_wconf 83' lang='lat' dir='ltr'><strong>habemus.</strong></span> 
     </span>
    </p>

    <p class='ocr_par' dir='ltr' id='par_1_8' title="bbox 213 2819 1250 3358">
     <span class='ocr_line' id='line_1_25' title="bbox 264 2819 1244 2917; baseline -0.006 -23"><span class='ocrx_word' id='word_1_198' title='bbox 264 2827 307 2895; x_wconf 89' lang='lat' dir='ltr'><strong>X.</strong></span> <span class='ocrx_word' id='word_1_199' title='bbox 331 2827 367 2894; x_wconf 85' lang='lat' dir='ltr'><strong>si</strong></span> <span class='ocrx_word' id='word_1_200' title='bbox 387 2851 461 2894; x_wconf 86' lang='lat' dir='ltr'><strong>vero</strong></span> <span class='ocrx_word' id='word_1_201' title='bbox 481 2840 517 2892; x_wconf 90' lang='lat' dir='ltr'><strong>ut</strong></span> <span class='ocrx_word' id='word_1_202' title='bbox 536 2828 665 2917; x_wconf 82' lang='lat' dir='ltr'><strong>quidam</strong></span> <span class='ocrx_word' id='word_1_203' title='bbox 685 2829 783 2905; x_wconf 86' lang='lat' dir='ltr'><strong>athei,</strong></span> <span class='ocrx_word' id='word_1_204' title='bbox 802 2819 866 2896; x_wconf 79' lang='lat' dir='ltr'><strong>hoe</strong></span> <span class='ocrx_word' id='word_1_205' title='bbox 889 2842 949 2904; x_wconf 85' lang='lat' dir='ltr'><strong>est,</strong></span> <span class='ocrx_word' id='word_1_206' title='bbox 973 2825 1137 2902; x_wconf 78' lang='lat' dir='ltr'><strong>iniideies,</strong></span> <span class='ocrx_word' id='word_1_207' title='bbox 1163 2827 1244 2890; x_wconf 87' lang='lat' dir='ltr'><strong>aiunt</strong></span> 
     </span>
     <span class='ocr_line' id='line_1_26' title="bbox 214 2935 1244 3028; baseline 0.002 -30"><span class='ocrx_word' id='word_1_208' title='bbox 214 2936 318 3023; x_wconf 88' lang='lat' dir='ltr'><strong>ipsum</strong></span> <span class='ocrx_word' id='word_1_209' title='bbox 332 2935 510 3002; x_wconf 87' lang='lat' dir='ltr'><strong>seeundum</strong></span> <span class='ocrx_word' id='word_1_210' title='bbox 524 2939 741 3026; x_wconf 80' lang='lat' dir='ltr'><strong>apparentiam</strong></span> <span class='ocrx_word' id='word_1_211' title='bbox 752 2961 821 3004; x_wconf 87' lang='lat' dir='ltr'><strong>esse</strong></span> <span class='ocrx_word' id='word_1_212' title='bbox 831 2952 959 3027; x_wconf 81' lang='lat' dir='ltr'><strong>passum</strong></span> <span class='ocrx_word' id='word_1_213' title='bbox 967 2963 976 3012; x_wconf 82' lang='lat'><em>3</em></span> <span class='ocrx_word' id='word_1_214' title='bbox 995 2939 1054 3028; x_wconf 90' lang='lat' dir='ltr'><strong>ipsi</strong></span> <span class='ocrx_word' id='word_1_215' title='bbox 1070 2936 1244 3002; x_wconf 88' lang='lat' dir='ltr'><strong>seeundum</strong></span> 
     </span>
     <span class='ocr_line' id='line_1_27' title="bbox 213 3047 1249 3140; baseline -0.001 -31"><span class='ocrx_word' id='word_1_216' title='bbox 213 3047 430 3134; x_wconf 79' lang='lat' dir='ltr'><strong>apparentiam</strong></span> <span class='ocrx_word' id='word_1_217' title='bbox 459 3048 628 3115; x_wconf 84' lang='lat' dir='ltr'><strong>existentes</strong></span> <span class='ocrx_word' id='word_1_218' title='bbox 656 3073 664 3114; x_wconf 94' lang='lat'><strong>:</strong></span> <span class='ocrx_word' id='word_1_219' title='bbox 691 3072 751 3139; x_wconf 84' lang='lat' dir='ltr'><strong>ego</strong></span> <span class='ocrx_word' id='word_1_220' title='bbox 773 3049 849 3140; x_wconf 90' lang='lat' dir='ltr'><strong>quid</strong></span> <span class='ocrx_word' id='word_1_221' title='bbox 873 3049 996 3116; x_wconf 86' lang='lat' dir='ltr'><strong>vinetus</strong></span> <span class='ocrx_word' id='word_1_222' title='bbox 1019 3047 1114 3113; x_wconf 70' lang='lat' dir='ltr'><strong>sum?</strong></span> <span class='ocrx_word' id='word_1_223' title='bbox 1137 3059 1171 3112; x_wconf 84' lang='lat' dir='ltr'><strong>et</strong></span> <span class='ocrx_word' id='word_1_224' title='bbox 1192 3069 1249 3110; x_wconf 84' lang='lat' dir='ltr'><strong>eur</strong></span> 
     </span>
     <span class='ocr_line' id='line_1_28' title="bbox 215 3155 1250 3246; baseline 0.002 -28"><span class='ocrx_word' id='word_1_225' title='bbox 215 3164 291 3242; x_wconf 89' lang='lat' dir='ltr'><strong>opto</strong></span> <span class='ocrx_word' id='word_1_226' title='bbox 311 3175 386 3220; x_wconf 87' lang='lat' dir='ltr'><strong>cum</strong></span> <span class='ocrx_word' id='word_1_227' title='bbox 404 3156 511 3222; x_wconf 87' lang='lat' dir='ltr'><strong>hestiis</strong></span> <span class='ocrx_word' id='word_1_228' title='bbox 530 3157 735 3246; x_wconf 77' lang='lat' dir='ltr'><strong>depugnare?</strong></span> <span class='ocrx_word' id='word_1_229' title='bbox 754 3157 867 3224; x_wconf 81' lang='lat' dir='ltr'><strong>frustra</strong></span> <span class='ocrx_word' id='word_1_230' title='bbox 888 3160 994 3246; x_wconf 84' lang='lat' dir='ltr'><strong>itaque</strong></span> <span class='ocrx_word' id='word_1_231' title='bbox 1014 3158 1144 3223; x_wconf 89' lang='lat' dir='ltr'><strong>morior.</strong></span> <span class='ocrx_word' id='word_1_232' title='bbox 1173 3155 1250 3220; x_wconf 87' lang='lat' dir='ltr'><strong>Pro-</strong></span> 
     </span>
     <span class='ocr_line' id='line_1_29' title="bbox 216 3261 941 3358; baseline 0.003 -28"><span class='ocrx_word' id='word_1_233' title='bbox 216 3261 300 3332; x_wconf 79' lang='lat' dir='ltr'><strong>fecto</strong></span> <span class='ocrx_word' id='word_1_234' title='bbox 316 3265 480 3332; x_wconf 86' lang='lat' dir='ltr'><strong>mendacia</strong></span> <span class='ocrx_word' id='word_1_235' title='bbox 495 3266 534 3331; x_wconf 89' lang='lat' dir='ltr'><strong>de</strong></span> <span class='ocrx_word' id='word_1_236' title='bbox 550 3265 687 3334; x_wconf 91' lang='lat' dir='ltr'><strong>Domino</strong></span> <span class='ocrx_word' id='word_1_237' title='bbox 701 3289 767 3334; x_wconf 88' lang='lat' dir='ltr'><strong>non</strong></span> <span class='ocrx_word' id='word_1_238' title='bbox 783 3267 941 3358; x_wconf 83' lang='lat' dir='ltr'><strong>confingo.</strong></span> 
     </span>
    </p>

    <p class='ocr_par' dir='ltr' id='par_1_9' title="bbox 219 3371 1353 3800">
     <span class='ocr_line' id='line_1_30' title="bbox 260 3371 1353 3470; baseline -0.002 -28"><span class='ocrx_word' id='word_1_239' title='bbox 260 3373 318 3442; x_wconf 84' lang='lat' dir='ltr'><strong>XL</strong></span> <span class='ocrx_word' id='word_1_240' title='bbox 341 3371 455 3466; x_wconf 78' lang='lat' dir='ltr'><strong>Fugite</strong></span> <span class='ocrx_word' id='word_1_241' title='bbox 473 3400 548 3468; x_wconf 90' lang='lat' dir='ltr'><strong>ergo</strong></span> <span class='ocrx_word' id='word_1_242' title='bbox 565 3377 662 3444; x_wconf 86' lang='lat' dir='ltr'><strong>maias</strong></span> <span class='ocrx_word' id='word_1_243' title='bbox 679 3380 880 3470; x_wconf 83' lang='lat' dir='ltr'><strong>propagines,</strong></span> <span class='ocrx_word' id='word_1_244' title='bbox 902 3403 971 3468; x_wconf 79' lang='lat' dir='ltr'><strong>qum</strong></span> <span class='ocrx_word' id='word_1_245' title='bbox 991 3379 1125 3468; x_wconf 85' lang='lat' dir='ltr'><strong>gignunt</strong></span> <span class='ocrx_word' id='word_1_246' title='bbox 1139 3377 1252 3444; x_wconf 90' lang='lat' dir='ltr'><strong>morti·</strong></span> <span class='ocrx_word' id='word_1_247' title='bbox 1352 3433 1353 3440; x_wconf 71' lang='grc'>,</span> 
     </span>
     <span class='ocr_line' id='line_1_31' title="bbox 219 3481 1249 3578; baseline -0.012 -17"><span class='ocrx_word' id='word_1_248' title='bbox 219 3481 322 3560; x_wconf 80' lang='lat' dir='ltr'><strong>serum</strong></span> <span class='ocrx_word' id='word_1_249' title='bbox 340 3482 495 3560; x_wconf 78' lang='lat' dir='ltr'><strong>fruetum3</strong></span> <span class='ocrx_word' id='word_1_250' title='bbox 518 3511 615 3575; x_wconf 84' lang='lat' dir='ltr'><strong>quem</strong></span> <span class='ocrx_word' id='word_1_251' title='bbox 635 3490 745 3578; x_wconf 86' lang='lat' dir='ltr'><strong>siquis</strong></span> <span class='ocrx_word' id='word_1_252' title='bbox 764 3490 908 3578; x_wconf 89' lang='lat' dir='ltr'><strong>gustarit,</strong></span> <span class='ocrx_word' id='word_1_253' title='bbox 930 3489 1083 3554; x_wconf 86' lang='lat' dir='ltr'><strong>eontinno</strong></span> <span class='ocrx_word' id='word_1_254' title='bbox 1104 3489 1249 3553; x_wconf 90' lang='lat' dir='ltr'><strong>moritur.</strong></span> 
     </span>
     <span class='ocr_line' id='line_1_32' title="bbox 219 3590 1255 3688; baseline 0.008 -35"><span class='ocrx_word' id='word_1_255' title='bbox 219 3590 273 3654; x_wconf 87' lang='lat' dir='ltr'><strong>isti</strong></span> <span class='ocrx_word' id='word_1_256' title='bbox 290 3590 374 3656; x_wconf 89' lang='lat' dir='ltr'><strong>enim</strong></span> <span class='ocrx_word' id='word_1_257' title='bbox 393 3615 457 3660; x_wconf 90' lang='lat' dir='ltr'><strong>non</strong></span> <span class='ocrx_word' id='word_1_258' title='bbox 477 3611 550 3662; x_wconf 89' lang='lat' dir='ltr'><strong>sunt</strong></span> <span class='ocrx_word' id='word_1_259' title='bbox 569 3598 720 3687; x_wconf 87' lang='lat' dir='ltr'><strong>plantatio</strong></span> <span class='ocrx_word' id='word_1_260' title='bbox 735 3600 844 3666; x_wconf 88' lang='lat' dir='ltr'><strong>Patris.</strong></span> <span class='ocrx_word' id='word_1_261' title='bbox 865 3599 898 3665; x_wconf 88' lang='lat' dir='ltr'><strong>Si</strong></span> <span class='ocrx_word' id='word_1_262' title='bbox 918 3600 1005 3666; x_wconf 87' lang='lat' dir='ltr'><strong>enim</strong></span> <span class='ocrx_word' id='word_1_263' title='bbox 1019 3611 1137 3675; x_wconf 82' lang='lat' dir='ltr'><strong>essent,</strong></span> <span class='ocrx_word' id='word_1_264' title='bbox 1154 3620 1255 3688; x_wconf 88' lang='lat' dir='ltr'><strong>appa-</strong></span> 
     </span>
     <span class='ocr_line' id='line_1_33' title="bbox 220 3703 1256 3800; baseline 0.007 -34"><span class='ocrx_word' id='word_1_265' title='bbox 220 3711 327 3766; x_wconf 84' lang='lat' dir='ltr'><strong>rerent</strong></span> <span class='ocrx_word' id='word_1_266' title='bbox 347 3703 456 3790; x_wconf 88' lang='lat' dir='ltr'><strong>utiquo</strong></span> <span class='ocrx_word' id='word_1_267' title='bbox 473 3707 552 3772; x_wconf 91' lang='lat' dir='ltr'><strong>rami</strong></span> <span class='ocrx_word' id='word_1_268' title='bbox 572 3709 694 3783; x_wconf 84' lang='lat' dir='ltr'><strong>Crucis,</strong></span> <span class='ocrx_word' id='word_1_269' title='bbox 714 3721 746 3775; x_wconf 85' lang='lat' dir='ltr'><strong>et</strong></span> <span class='ocrx_word' id='word_1_270' title='bbox 764 3723 844 3776; x_wconf 85' lang='lat' dir='ltr'><strong>esset</strong></span> <span class='ocrx_word' id='word_1_271' title='bbox 862 3711 972 3800; x_wconf 89' lang='lat' dir='ltr'><strong>utique</strong></span> <span class='ocrx_word' id='word_1_272' title='bbox 988 3711 1110 3776; x_wconf 82' lang='lat' dir='ltr'><strong>fruetus</strong></span> <span class='ocrx_word' id='word_1_273' title='bbox 1127 3707 1256 3774; x_wconf 90' lang='lat' dir='ltr'><strong>iiiorum</strong></span> 
     </span>
    </p>
   </div>
   <div class='ocr_carea' id='block_1_5' title="bbox 256 3826 403 3890">
    <p class='ocr_par' dir='ltr' id='par_1_10' title="bbox 256 3826 403 3890">
     <span class='ocr_line' id='line_1_34' title="bbox 256 3826 403 3890; baseline 0.02 -13"><span class='ocrx_word' id='word_1_274' title='bbox 256 3826 264 3877; x_wconf 70' lang='lat' dir='ltr'><strong>i</strong></span> <span class='ocrx_word' id='word_1_275' title='bbox 279 3827 313 3877; x_wconf 81' lang='lat' dir='ltr'><strong>Is.</strong></span> <span class='ocrx_word' id='word_1_276' title='bbox 327 3847 368 3890; x_wconf 82' lang='lat' dir='ltr'><strong>tu,</strong></span> <span class='ocrx_word' id='word_1_277' title='bbox 380 3833 403 3881; x_wconf 87' lang='lat'><strong>5.</strong></span> 
     </span>
    </p>
   </div>
   <div class='ocr_carea' id='block_1_6' title="bbox 0 0 1399 4662">
    <p class='ocr_par' dir='ltr' id='par_1_11' title="bbox 0 0 1399 4662">
     <span class='ocr_line' id='line_1_35' title="bbox 0 0 1399 4662; baseline 0 0"><span class='ocrx_word' id='word_1_278' title='bbox 0 0 1399 4662; x_wconf 95' lang='lat' dir='ltr'><strong> </strong></span> 
     </span>
    </p>
   </div>
  </div>
 </body>
</html>
