2772 4610
293 218 358 297 ete
590 240 705 286 saecri
727 239 849 284 rusrrrr
877 235 1051 283 nsnrrnrs

291 343 455 412 »salutare
470 343 552 410 Dei:
574 347 648 434 quin
665 346 820 440 Dominus
835 344 1005 433 loquutus
1022 355 1085 408 est.
1108 339 1179 412 Vox
1192 342 1318 411 dicentis:

293 452 448 528 »Clamm
474 465 507 520 et
526 453 612 520 dixi:
637 453 910 534 Qnidclamnboi’
928 453 1054 525 Omnis
1071 473 1149 519 caro
1167 451 1316 526 loenunret

295 590 308 624 ι
323 546 425 628 omnis
444 559 543 650 gloria
562 561 713 638 hominis,
731 562 822 650 quasi
839 561 906 628 llos
929 559 1025 626 soeni.
1052 559 1149 626 druit
1167 557 1318 648 lenone

295 698 308 732 ι
323 669 381 736 llos
396 670 464 757 ejus
480 669 618 736 cecidit:
640 672 774 736 verbum
785 682 897 736 autem
909 668 1054 735 Domini
1071 679 1181 734 manet
1195 669 1225 733 in
1238 672 1317 756 sernpi

288 767 311 842 's
327 791 464 846 ternum.
486 777 746 867 supermontem
761 779 932 868 excelsum
947 778 1113 854 ascende,
1131 777 1185 866 qni
1198 779 1317 868 evangali-

297 918 310 952 ι
326 911 377 952 raa
391 886 485 960 Sion;
507 887 609 953 exalta
625 890 658 954 in
676 889 860 957 fortitudine
875 912 1006 956 vocem
1023 899 1132 963 tuam,
1153 889 1206 976 qui
1219 912 1317 976 evange

297 995 399 1062 »litas
414 995 622 1062 Hierusalem.
641 995 795 1074 Emltate,
814 996 919 1064 nolite
936 997 1089 1062 timere:
1110 995 1165 1060 dic
1182 995 1317 1060 ciriutbrs

300 1105 432 1182 »ludat
451 1105 536 1172 Eece
551 1105 637 1171 Deus
652 1118 770 1179 vestem
791 1107 957 1174 Dominus
974 1129 1062 1173 ecce
1079 1127 1157 1172 cnm
1174 1105 1270 1169 virute
1280 1129 1317 1168 re-

302 1214 390 1289 »nit,
410 1226 443 1280 ct
462 1215 631 1280 brachium
652 1238 727 1282 cum
748 1216 977 1282 dominatione
1002 1213 1107 1282 venit.
1131 1214 1213 1278 Ecca
1229 1234 1316 1278 uersu

303 1344 406 1388 »cum
424 1343 476 1398 eo,
498 1333 531 1386 et
550 1345 629 1410 opus
649 1323 682 1388 in
697 1336 872 1412 conspeetu
887 1325 979 1412 ejus.
1008 1321 1108 1388 Sient
1125 1329 1227 1410 pastor
1242 1333 1317 1406 pascet

200 1489 202 1496 ,
305 1452 460 1518 »gregem
475 1453 580 1504 suum,
596 1441 628 1494 et
639 1430 770 1497 brachio
782 1430 1000 1520 congregabit
1016 1449 1133 1518 agnos,
1149 1435 1182 1490 et
1193 1449 1316 1515 pregnan

306 1569 320 1603 ι
334 1551 401 1604 tem
418 1537 643 1606 consolabitur.
663 1539 743 1618 Quis
757 1563 886 1606 mensus
901 1552 957 1604 est
973 1561 1082 1606 manu
1096 1557 1220 1622 aquam,
1234 1547 1261 1598 et
1272 1557 1317 1600 cn-

308 1630 519 1737 »lnmpalmo
531 1658 563 1712 et
574 1670 703 1714 omnem
714 1659 831 1714 terram
843 1646 996 1737 pugillo?
1014 1646 1099 1726 Quis
1114 1641 1216 1710 statuit
1225 1653 1313 1706 monas

307 1785 320 1820 r
335 1757 487 1846 pondere.
500 1768 533 1822 et
540 1755 636 1822 saltus
645 1767 758 1822 statera
767 1755 870 1836 rQuis
883 1756 1045 1846 cognovit
1057 1765 1197 1820 mentem
1207 1751 1311 1828 Domini:

308 1867 474 1956 suntquis
490 1865 686 1932 consiliarius
701 1867 770 1954 ejus
788 1866 860 1941 fuit,
880 1867 937 1954 qui
956 1866 1080 1931 doceat
1096 1861 1189 1928 euml
1204 1872 1249 1924 eut
1260 1881 1310 1924 ern

279 1983 283 1990 ’
309 1999 401 2064 »quo
417 1961 585 2041 eonsilium
600 1975 683 2049 iniit,
703 1984 735 2040 et
749 1975 897 2040 instruxit
911 1973 1036 2040 illumi’
1059 1969 1120 2040 Vel
1136 1971 1202 2058 quis
1213 1965 1309 2034 oswrdl

311 2112 324 2146 ι
338 2084 367 2148 ei
378 2083 557 2171 judicium?
572 2081 621 2149 vel
633 2084 716 2151 vinm
728 2081 943 2175 intelligentiae
956 2083 1034 2174 quis
1046 2079 1184 2148 ostendit
1191 2075 1245 2142 illil
1254 2076 1309 2140 ou-

244 2263 251 2279 ·
311 2220 324 2254 ι
339 2213 396 2257 nes
411 2203 532 2280 gentes,
548 2193 630 2260 sicut
645 2192 725 2259 stilla
740 2193 780 2260 de
794 2192 900 2270 situle,
917 2205 953 2259 et
970 2191 1066 2281 quasi
1082 2197 1254 2255 momentum
1263 2193 1305 2244 str-

207 2317 210 2328 ·
312 2329 325 2363 ι
340 2312 415 2364 terae
427 2312 579 2389 reputatae
594 2313 681 2379 sunt,
697 2314 729 2368 et
740 2301 829 2391 quasi
844 2313 979 2390 sputum
991 2298 1221 2387 reputabuntur.
1233 2288 1301 2353 lita-

313 2431 400 2475 snus
411 2419 518 2474 nutem
530 2432 594 2478 non
606 2409 723 2477 suffieit
738 2411 779 2477 ad
790 2409 1078 2478 comburendum:
1097 2417 1130 2470 et
1139 2393 1302 2490 quadrupedia

314 2551 327 2584 ι
342 2542 406 2586 non
421 2518 583 2586 sufficiunt
593 2521 636 2586 ad
647 2520 883 2598 holocaustum,
899 2533 933 2587 et
949 2529 1082 2588 cunctae
1096 2522 1196 2605 gentes
1207 2501 1306 2573 mltum

314 2655 328 2692 i
342 2628 422 2694 etin
436 2625 572 2694 nihilum
586 2641 739 2718 reputate
754 2641 828 2696 sunt
837 2629 858 2695 ¹.
875 2657 887 2692 ι

360 2736 410 2804 Ll.
428 2737 599 2806 Desinente
616 2762 667 2804 me
686 2739 763 2806 dixit
782 2739 912 2828 Trypho
934 2763 942 2804 :
962 2737 1124 2826 Ambigua
1142 2727 1228 2796 offlsslfl
1247 2739 1307 2838 pre-

316 2849 431 2938 phetiae
446 2873 463 2916 a
477 2861 510 2916 te
525 2849 625 2916 allatae
640 2851 735 2918 verba
743 2874 752 2925 ς
772 2871 832 2916 nec
847 2850 1026 2940 quidquam
1042 2847 1160 2914 habent,
1174 2853 1224 2922 qun
1235 2829 1303 2892 den-

188 2997 196 3014 ·
318 2959 413 3022 datur
426 2957 460 3024 id
475 2959 561 3046 quod
576 2959 793 3026 demonstrare
808 2959 864 3026 vis.

363 3065 455 3132 Tunc
476 3090 535 3156 ego
556 3067 703 3157 respondi
721 3091 729 3132 ε
748 3067 928 3155 Siquidem
943 3090 1010 3135 non
1026 3061 1180 3132 evenisset,
1189 3039 1302 3132 ‘lllllw’

321 3186 356 3240 ut
372 3174 565 3252 desinerent,
578 3199 616 3242 ac
631 3177 697 3264 jam
712 3176 842 3242 omnino
856 3157 936 3242 nulli
950 3187 1060 3244 essent
1070 3181 1138 3261 post
1150 3151 1302 3230 buntlvtss·

322 3309 394 3366 uem
410 3286 443 3351 in
458 3299 560 3352 vestro
580 3309 695 3376 genere
709 3287 888 3376 prophetet
905 3311 976 3376 quae
991 3281 1134 3354 videlicet
1147 3287 1220 3342 emt
1230 3262 1257 3326 11¹
1268 3253 1301 3318 ll*

323 3420 395 3462 sum
407 3395 568 3462 Christum
578 3395 794 3483 proferuntur,
808 3396 956 3484 ambigue
970 3395 1100 3461 sortasse
1111 3383 1183 3450 dim
1196 3368 1299 3438 Vllml'
1341 3455 1342 3458 ,

323 3519 386 3572 tur.
405 3504 470 3570 Sed
483 3505 508 3570 si
528 3506 667 3572 loannes
684 3506 812 3594 quidem
832 3499 993 3596 praecessit
1012 3501 1144 3570 clemens
1161 3471 1299 3568 h⁰¹l¹l¹¹ll¹¹⁵
1338 3527 1340 3543 s

326 3626 362 3678 ut
375 3615 592 3700 poenitentium
603 3628 745 3704 agerent;
764 3616 855 3703 eique
867 3615 973 3682 adhuc
983 3615 1023 3680 ad
1037 3585 1295 3700 fluviumdfflllllfffl
1343 3601 1344 3622 ¹

326 3720 449 3800 sedenti
469 3726 692 3811 superveniens
711 3724 855 3792 Christus
874 3724 972 3792 linem
993 3717 1094 3794 attulit
1109 3689 1266 3777 vseennd
1279 3691 1299 3744 ⁰¹
1328 3784 1334 3813 1

361 3847 370 3881 ¹
383 3848 446 3896 Etai.
459 3865 543 3909 xxxix,
556 3855 578 3900 ll.
