2586 4642
386 367 510 412 cossus
535 367 685 412 usnssss.
987 351 1052 434 497

28 475 204 544 ,ciderunt
218 476 291 552 sihi.
307 487 493 544 accusantes
512 475 698 552 Dominum.
719 475 751 542 in
772 497 868 566 quum
888 477 1000 546 dicunt
1020 501 1055 544 se

28 583 159 652 eslere.
176 579 256 665 Qus
272 584 358 652 euim
371 585 525 652 deuotuut
539 584 573 652 iu
584 585 665 660 Deo,
678 585 733 672 qui
746 594 827 654 tunc
838 587 1056 684 temporaliter¹

31 694 207 762 dicaverit
221 693 416 771 incredulos,
432 707 466 762 ct
485 693 643 784 percussit
656 693 835 785 AEgyptios,
851 695 982 764 selvsrit
995 719 1057 764 su-

28 827 68 870 m
84 805 280 872 obedientes
286 805 419 881 scudem
427 802 634 874 nihilominus
644 818 811 874 recurrent
821 807 855 874 in
868 807 1056 884 Dominum.
1087 871 1090 878 .

57 914 304 1004 sempiternum
318 914 449 1004 quidem
470 914 710 1004 adjudicantem
730 939 810 1004 quos
831 917 1007 1006 adjudicat.
1023 931 1057 987 es
1170 937 1172 944 “

28 1059 30 1088 2
50 1023 297 1114 sempiternum
312 1023 525 1090 dimittentem
540 1046 595 1090 eos
610 1045 690 1113 quos
707 1024 857 1093 dimittit:
872 1038 905 1094 et
919 1027 1059 1094 iuvenie-

28 1158 71 1209 rr,
91 1134 278 1201 secuudum
293 1133 421 1204 illorum
432 1135 543 1212 verbu,
558 1135 688 1204 maximi
701 1138 826 1227 peccati
843 1159 938 1206 osuss
952 1138 1055 1207 Actus

28 1243 52 1308 is
70 1243 136 1330 qui
153 1242 186 1308 iu
201 1264 276 1309 cum
292 1243 494 1310 immiserunt
508 1266 622 1312 munus
642 1257 675 1311 ct
689 1260 894 1336 pupugerunt
912 1271 998 1316 eum.
1022 1247 1057 1318 si

28 1352 99 1418 uim
118 1374 187 1418 nou
202 1351 245 1417 its
261 1353 410 1429 venisset,
427 1354 536 1442 utique
552 1349 596 1420 illi
617 1353 745 1421 Domini
767 1355 816 1422 sui
839 1356 1057 1424 interfectores

28 1462 86 1528 icti
114 1484 183 1528 non
204 1461 336 1528 inissent
357 1485 365 1528 :
388 1473 421 1528 ct
441 1461 468 1529 si
488 1484 553 1528 non
572 1461 708 1529 misisset
728 1461 905 1553 Prophetes
926 1465 967 1532 ud
987 1489 1057 1542 cos,
1149 1503 1157 1528 .

28 1595 77 1638 on
97 1571 211 1661 utique
226 1570 419 1640 occidissent
436 1593 504 1647 eos,
521 1583 555 1638 et
574 1569 743 1662 Apostolos
757 1597 885 1664 quoque
900 1574 1054 1642 similiter.

28 1683 65 1748 [is
84 1682 187 1770 igitur
202 1681 256 1769 qui
272 1681 432 1771 imputant
452 1681 557 1760 nobis,
573 1691 607 1747 et
622 1681 756 1748 dicunt:
776 1681 810 1748 si
832 1707 898 1752 non
918 1683 1059 1776 AEgyptii

28 1789 137 1882 luguti
152 1790 297 1868 fuissent,
309 1802 342 1856 et
356 1798 583 1879 persequentes
594 1788 691 1856 lsrsel
705 1789 866 1878 pressent
882 1793 1059 1866 fuissentin

28 1901 113 1978 suri.
139 1924 205 1968 nou
225 1911 350 1990 poterut
371 1899 457 1966 Deus
478 1895 599 1964 solvere
616 1897 772 1988 populum
786 1923 899 1976 suums
918 1903 1061 1970 occurrit

28 2012 121 2080 dud:
137 2011 203 2080 Nisi
222 2012 318 2102 igitur
331 2010 436 2081 Judaei
455 2008 675 2104 interfectores
690 2010 820 2080 Domini
838 2011 913 2080 lecti
928 2012 1062 2082 luissent

31 2122 131 2212 quod
141 2122 270 2214 quidem
283 2121 413 2190 obstulit
429 2124 470 2189 sb
481 2121 527 2188 eis
539 2132 691 2188 eternum
703 2121 834 2214 vium),
847 2135 882 2190 et
892 2124 1061 2215 Apostolos

28 2231 263 2309 uterlicientes.
278 2243 312 2298 et
325 2242 552 2320 persequentes
566 2227 755 2308 Ecclesium,
771 2231 804 2298 in
819 2231 992 2304 iracundias
1008 2235 1060 2302 iu-

28 2346 174 2413 :idisscut
187 2341 397 2434 profundum,
409 2363 468 2408 nos
482 2338 595 2406 salvari
609 2363 675 2408 nou
690 2351 883 2432 poteramus.
898 2342 1060 2426 Quemad-

28 2456 155 2524 nodum
170 2454 256 2522 euim
271 2451 316 2520 illi
331 2474 389 2543 per
402 2448 641 2542 AEgyptiorum,
658 2452 705 2518 sio
719 2463 759 2518 ¹ct
779 2475 837 2520 nos
856 2475 915 2543 per
928 2455 1060 2522 Judaeo·

28 2589 94 2632 rusn
106 2565 284 2633 cecitatem
295 2563 477 2654 accepimus
489 2560 644 2628 sulutem:
661 2561 818 2652 siquidem
834 2585 920 2629 mors
932 2563 1059 2630 Domini

28 2701 136 2744 sorum
150 2676 281 2766 quidem
296 2673 351 2763 qui
366 2673 455 2742 cruci
471 2695 546 2740 eum
561 2671 713 2748 fixerunt,
725 2681 758 2736 et
772 2693 838 2737 non
853 2671 1061 2738 crediderunt

28 2785 92 2874 ejus
107 2785 293 2859 adrentum,
306 2781 467 2850 dsmnstio
481 2791 544 2857 est,
562 2778 693 2846 sslvutio
707 2801 784 2846 vero
798 2798 912 2846 eorum
926 2781 981 2869 qui
994 2803 1062 2848 crs-

28 2896 107 2962 lunt
121 2895 154 2960 iu
167 2915 254 2960 eum.
273 2889 355 2958 Num
369 2901 402 2955 et
417 2887 589 2977 Apostolus
603 2887 694 2952 sitin
709 2884 842 2976 epistole
857 2889 998 2955 secunde
1020 2891 1061 2958 ed

28 3002 210 3072 Doriuthios
226 3021 234 3066 ι
248 3028 261 3060 ι
275 2999 437 3080 Quoniam
453 2997 572 3066 Christi
587 2997 691 3064 suevis
705 2997 786 3079 odor
806 3021 915 3066 sumus
933 2999 1013 3078 Deo,
1030 3015 1063 3068 et

28 3145 35 3178 ι
59 3115 92 3180 iu
107 3111 156 3178 his
171 3110 225 3198 qui
240 3107 316 3178 solvi
332 3107 427 3185 liunt,
443 3119 476 3175 et
497 3107 531 3174 in
552 3106 602 3176 his
617 3108 671 3198 qui
691 3121 826 3198 pereunt
843 3132 852 3174 :
870 3109 1061 3198 quibusdem

28 3255 37 3288 s
56 3221 185 3312 quidem
205 3220 285 3286 odor
301 3218 412 3288 mortis
427 3217 461 3284 in
476 3228 630 3291 mortems
649 3217 840 3306 quibusdum
855 3231 963 3288 eutem
981 3221 1062 3290 odos

28 3365 39 3398 ι
58 3333 126 3398 ritae
140 3330 172 3396 iu
186 3327 315 3396 vitum¹.
334 3327 482 3408 »Quibus
494 3350 570 3417 ergo
581 3340 630 3395 est
645 3327 724 3394 odor
735 3329 847 3394 mortis
861 3329 894 3396 in
909 3343 1060 3408 mortem,

28 3441 152 3512 nisibis
170 3439 306 3532 quinon
327 3438 463 3506 credunt
477 3459 582 3527 usquc
600 3439 737 3526 subjecti
759 3451 834 3504 sunt
850 3437 957 3506 Verbo
978 3441 1061 3508 Deii'

28 3553 95 3634 Qui
109 3563 179 3618 sunt
194 3563 302 3616 sutem
318 3549 371 3638 qui
385 3561 418 3614 et
432 3559 511 3616 tunc
525 3548 711 3637 semetipsos
726 3548 821 3644 morti
838 3549 1062 3619 tradiderunt?

31 3660 71 3728 lli
86 3658 202 3726 scilicet
215 3657 271 3747 qui
285 3680 351 3726 non
371 3657 508 3724 credunt
527 3679 631 3746 neque
648 3657 864 3745 subjiciuntur
877 3657 957 3725 Deo.
976 3655 1062 3728 Rur-

33 3791 103 3838 sum
119 3781 237 3844 suum,
253 3767 309 3856 qui
329 3765 438 3833 salusti
456 3777 545 3842 sunt.
560 3777 593 3832 et
614 3778 808 3856 acceperunt
819 3765 1063 3838 hereditatem?

35 3881 74 3952 lli
94 3877 209 3948 scilicet
233 3877 289 3965 qui
312 3875 449 3944 creduut
470 3877 551 3954 Deo,
574 3887 607 3942 et
626 3897 697 3944 cem
715 3899 786 3966 quse
805 3887 854 3944 est
869 3881 953 3967 'erga
973 3877 1062 3948 illum

68 4007 76 4040 ¹
90 4004 314 4068 sCor‚sr‚15,16.

123 4113 155 4158 u.
844 4089 887 4155 ds
