2516 4636
350 317 473 368 cunrat
496 317 645 369 manans.
950 291 1013 380 529

13 441 120 522 spaotu
134 451 192 498 suo
203 449 314 497 omnes
326 427 393 496 dies
407 428 561 497 nostros¹.
576 457 589 493 s
604 425 726 494 Deinde
740 424 781 491 ad
796 421 953 490 loannem
968 421 1014 488 di-

1 541 49 606 :its
68 565 81 600 a
98 542 139 607 Et
156 551 205 616 tu,
223 561 316 628 pour,
330 536 488 626 Propheta
507 535 658 606 ditissimi
674 531 838 602 vocabaris
860 551 868 595 ε
888 529 1014 619 praeibis

11 647 97 714 enim
109 657 183 714 anto
193 645 307 714 inuiam
322 643 449 712 Domini
462 665 574 732 parare
584 643 649 709 vias
660 643 739 731 ojus.
755 638 806 707 Ad
817 637 958 706 dandum
970 638 1016 704 in·

10 753 176 822 tellectum
190 753 299 822 salutis
309 753 429 845 popolo
439 753 523 843 ojus,
536 753 570 819 in
581 752 798 820 remissionom
809 758 1015 838 peccatorum

10 861 155 930 sorum².
170 892 184 925 s
198 864 275 930 llaeo
289 864 375 932 anim
389 873 438 930 est
452 860 561 928 salutis
581 859 712 951 agnitio,
735 883 806 948 qum
826 859 935 925 deerat
957 857 1015 933 sis,

1 996 55 1060 uae
67 986 115 1039 ast
130 971 202 1039 Filii
220 973 292 1049 Dei,
312 995 407 1062 quam
425 971 561 1039 iaciebat
578 971 731 1045 Joannas,
747 969 879 1036 diosus:
896 993 910 1029 a
931 969 1016 1034 Eooo

10 1105 112 1172 agnus
126 1082 197 1157 nsi,
211 1082 266 1170 qui
285 1081 387 1148 aufert
401 1091 570 1170 pausatum
587 1078 712 1145 mundi.
734 1079 795 1144 llio
812 1087 881 1143 arat
896 1076 1016 1165 dequo

8 1190 156 1258 dicebam
173 1190 271 1257 :Post
287 1211 339 1255 mo
351 1189 441 1256 venit
456 1189 516 1266 vir,
534 1188 588 1277 qui
600 1199 674 1253 anto
685 1209 738 1253 mo
750 1185 851 1252 laotos
862 1198 922 1261 ast,
935 1207 1016 1275 qno-

7 1299 95 1366 niam
110 1298 198 1388 prior
212 1321 264 1366 mo
281 1299 369 1365 amt⁸
388 1321 398 1364 s
417 1297 600 1386 Omnesque
612 1295 652 1362 do
666 1294 863 1385 planitudine
874 1295 943 1384 ojus
959 1317 1015 1362 ao-

10 1404 186 1495 oapimast.
201 1407 299 1474 alluo
309 1407 415 1495 itaquo
426 1404 534 1472 salutis
545 1405 678 1494 agnitior
689 1404 745 1470 sod
757 1425 821 1470 non
831 1401 1015 1480 alterDaus,

2 1537 44 1581 eo
55 1513 137 1580 altar
149 1513 254 1592 Pater,
267 1537 370 1604 noque
381 1513 519 1602 Bythos,
530 1535 634 1600 nuqua
646 1511 790 1578 Pleroma
808 1511 933 1601 triginta
944 1509 1018 1578 AEo·

2 1647 74 1701 um,
90 1647 152 1692 noo
162 1637 265 1694 matur
283 1625 465 1715 ogdoades:
484 1623 541 1690 sed
551 1623 669 1714 agnitio
687 1621 796 1690 salutis
813 1632 882 1688 erat
899 1621 1016 1710 agnitio

1 1732 53 1798 ilii
68 1733 141 1810 Dui,
151 1735 205 1822 qui
216 1743 250 1800 ot
259 1732 396 1810 salus,at
406 1730 564 1808 Salvator,
576 1742 609 1797 at
619 1728 757 1796 salutaro
772 1753 844 1796 vara
855 1741 888 1794 et
900 1729 1016 1796 dioitm

1 1915 2 1920 ἵ
27 1853 87 1907 ast.
110 1840 203 1908 Salus
217 1841 359 1931 quidam,
383 1841 450 1908 sio:
469 1866 482 1901 a
499 1840 537 1908 ln
552 1837 688 1906 salutum
709 1850 798 1904 tuam
818 1839 952 1905 sustinui
969 1849 1014 1916 to,

1 1951 149 2034 pDomino
160 1950 181 2015 ⁵.
195 1977 221 2014 «s
236 1948 382 2018 Salvator
402 1962 510 2016 autom
529 1949 671 2014 iterum:
691 1949 803 2016 «ans
822 1947 907 2014 Deus
925 1969 1016 2016 mous

6 2057 154 2124 Salvator
169 2081 271 2134 meus,
287 2056 389 2126 fidens
400 2080 456 2124 oro
471 2057 504 2122 in
518 2053 624 2122 oum⁶.
638 2083 652 2118 s
668 2054 813 2122 Salutura
823 2067 931 2121 autem
944 2057 1014 2124 sior

1 2169 220 2252 rNotumsooit
230 2168 318 2235 Dans
328 2166 464 2234 salutaro
475 2166 610 2233 suumin
622 2177 794 2255 conspeetu
804 2166 947 2254 gantiam
955 2165 978 2232 ἰ
993 2196 1011 2231 s

5 2287 37 2342 st
48 2276 136 2342 enim
150 2274 295 2342 Salvator
304 2275 447 2363 quidem,
463 2272 614 2362 quoniam
629 2271 728 2339 Filius
738 2285 771 2340 at
781 2271 923 2340 Verbum
934 2273 1010 2349 Deir

1 2385 119 2474 lutare
137 2396 258 2461 autem,
271 2383 421 2472 quoniam
434 2382 571 2472 Spiritus
584 2401 618 2447 :a
635 2380 770 2472 Spiritus
785 2382 883 2461 onim,
897 2383 1013 2474 inquits

2 2495 102 2562 faciei
112 2506 240 2571 nostras,
253 2493 397 2560 Christus
407 2489 561 2559 Dominus
571 2489 581 2524 ³
588 2514 599 2565 ι
613 2489 719 2558 »salus
729 2503 850 2569 autam,
862 2494 1014 2583 quoniam

17 2626 76 2668 ro:
89 2601 250 2670 «Verbum
256 2602 341 2668 onim
349 2621 423 2668 earo
431 2597 617 2676 Dotamen,
626 2601 858 2668 athabitavitin
866 2603 1005 2670 nobis⁸.s

1 2735 72 2779 ,ano
88 2711 188 2802 igitur
202 2711 397 2801 agnitionem
412 2705 522 2774 salutis
541 2707 678 2775 saciabat
699 2709 838 2776 toannss
854 2711 1012 2799 peaniten-

0 2843 57 2886 -zm
84 2821 264 2912 agentibus,
292 2832 326 2886 et
343 2818 548 2887 credentibus
566 2817 600 2884 in
621 2840 739 2908 agnum
763 2819 835 2896 Dei,
856 2821 910 2909 qui
930 2818 1012 2886 tollit
1063 2839 1066 2848 ·

1 2943 150 3000 oratum
164 2931 286 2998 mundi.

32 3039 227 3128 «Apparuit,
239 3037 355 3126 inquit,
368 3047 401 3104 ot
410 3035 589 3126 pastoribus
599 3035 739 3127 Angelus
750 3037 877 3106 Domini
889 3061 1011 3110 annun-

20 3149 93 3214 ians
106 3145 259 3236 gaudium
273 3146 330 3222 ais,
343 3145 494 3234 quoniam
504 3155 672 3235 generatus
682 3158 730 3212 ast
748 3147 781 3214 in
797 3147 892 3215 domo
909 3150 1011 3218 David

1 3255 167 3334 Salvator,
184 3256 238 3343 qui
259 3268 308 3321 ast
323 3254 467 3321 Christus
483 3254 637 3321 Dominus
647 3253 683 3321 ¹⁰.
703 3256 825 3324 Deinde
839 3257 1011 3328 multitudo

6 3367 166 3438 ·xaroitos
177 3364 314 3434 uoelastis
325 3363 521 3432 laudantium
532 3365 637 3433 Deum
647 3379 680 3432 ot
691 3365 865 3435 dimntium
878 3391 887 3433 a
902 3369 1011 3438 Gloria

0 3507 39 3551 in
63 3479 194 3550 axoalsis
214 3479 296 3556 Deo,
311 3490 345 3545 at
363 3479 397 3544 in
416 3491 498 3545 tarra
514 3502 575 3570 pax
589 3478 772 3546 hominihus
786 3482 879 3550 bonae
896 3481 1010 3564 volun»

22 3589 127 3658 :tis¹·¹.
145 3589 233 3656 allos
246 3585 514 3680 Angelos-nunti
528 3587 671 3658 Gnostici
687 3589 797 3658 diuum
811 3591 852 3658 ab
867 3591 1010 3682 ogdoada

4 3777 15 3813 ¹
29 3778 96 3827 Luc.
108 3776 168 3844 1268
182 3783 209 3826 at
220 3774 339 3842 saqq.··²
349 3775 410 3826 ibid.
422 3776 453 3841 76
462 3784 488 3826 et
497 3773 615 3845 sequ—³
625 3775 700 3824 Joan.
711 3792 730 3836 s,
742 3773 1008 3840 29etseqq.-¹1ttd.

1 3893 13 3916 r.
27 3887 64 3901 -·-
74 3859 83 3894 ⁵
94 3861 160 3911 Gen.
172 3877 239 3922 asra,
252 3861 289 3910 su.
300 3889 331 3900 -
344 3861 428 3913 “Fani
444 3877 489 3920 xu,
502 3877 525 3910 a.
536 3888 568 3899 -
578 3857 588 3892 ⁷
599 3859 663 3910 Psal.
678 3873 754 3920 aevis,
768 3876 791 3908 a.
804 3887 835 3896 -
848 3859 960 3912 ⁸Tlrren.
972 3874 1009 3924 rr,

1 3975 14 4000 κ.
26 3973 64 3987 -
74 3945 166 3998 οΙοιιι.
179 3965 198 4010 ι,
210 3946 247 4007 al.
257 3973 289 3992 ..-
298 3946 320 3983 ¹⁰
329 3947 391 3998 Iano.
403 3963 432 4008 u,
443 3947 496 3998 dat
505 3961 578 4040 quq.
588 3973 620 3988 -
632 3945 726 3998 ¹¹1ttd.
738 3945 881 4014 adatsoqq.
