2772 4620
342 221 494 268 ursnocus
517 222 579 268 cust
595 221 767 268 ,retrusum
789 183 904 263 sunno.
1076 197 1140 262 325

30 355 58 390 ι
87 343 152 396 et
187 334 223 398 in
244 329 398 398 seculum
420 327 528 396 saecrsli
548 351 556 394 ε
579 340 611 394 et
632 326 806 416 replebitur
827 326 926 416 glorio
948 326 1017 414 ejus
1037 325 1140 392 omnis
1205 353 1209 362 ’

36 465 62 496 υ
90 449 218 506 terre
234 465 242 505 :
262 440 330 516 list,
347 438 436 504 fiat¹.
450 467 464 500 s
477 439 520 505 Et
534 438 567 502 iu
582 435 647 502 fine
661 436 771 525 hujus,
792 457 889 524 quem
904 431 1011 512 retuli,
1029 433 1141 524 psalmi

44 551 345 638 scriptumest:
367 549 562 636 Defecerant
576 545 693 640 hymni
706 546 863 622 Decidit,
881 543 951 633 filit
964 544 1075 626 lmese.
1094 545 1142 611 Ac
1256 581 1261 591 ·

49 679 218 748 regem
230 659 360 746 quidem
371 655 527 722 illustrem
537 667 569 721 et
580 677 732 744 magnum
743 653 837 721 luisse
847 651 1065 730 Salomonem,
1081 653 1141 718 suh

11 773 12 776 ’
59 791 172 858 quo
191 765 348 856 templum
362 764 453 841 illud,
474 763 560 852 quod
578 773 710 830 vocetur
727 762 1041 851 Jerosotymitanum,
1061 785 1142 829 oon-

11 963 13 968 ,
68 888 272 944 structum
285 876 356 951 luit,
373 875 459 942 hand
473 875 604 964 ignoro:
623 874 680 940 sed
690 871 770 940 nihil
780 896 820 940 ex
829 871 878 938 his
894 896 965 961 quae
976 871 1009 938 in
1020 869 1142 962 psalmo

76 987 277 1061 dicuntur,
293 985 337 1053 illi
352 986 520 1076 contigisse
534 983 644 1078 liquet.
664 984 745 1052 Nam
760 1006 821 1050 nec
835 1005 944 1050 omues
960 1005 1049 1073 reges
1066 1003 1141 1048 cum

75 1097 333 1170 adoraverunt,
350 1117 412 1162 nec
426 1117 526 1184 usque
540 1095 581 1160 sd
595 1096 748 1160 terminos
764 1095 850 1160 orbis
863 1105 1020 1160 terrerum
1031 1114 1142 1182 regns·

11 1187 14 1222 ³
81 1206 164 1280 vit,
183 1227 245 1272 nec
255 1204 374 1272 inimici
383 1205 467 1291 ejus,
479 1201 648 1271 coramillo
663 1204 827 1280 cedentes,
838 1213 958 1270 terrum
968 1201 1138 1268 linxerunt.

16 1298 19 1300 ’
87 1313 220 1400 Neque
233 1314 328 1378 etiem
343 1311 450 1378 dicere
465 1312 612 1389 verebor,
631 1335 701 1401 quae
716 1314 756 1378 nh
773 1335 813 1378 eo
829 1312 913 1378 fucta
928 1313 961 1378 in
975 1310 1063 1378 lihris
1077 1311 1141 1377 Re-

11 1409 14 1444 l
86 1445 244 1510 gnorum
259 1421 454 1496 scribuntur,
477 1443 592 1510 nempe
612 1419 700 1488 illum
719 1433 852 1512 propter
866 1420 1035 1486 mulierem
1050 1419 1143 1486 Sido-

11 1519 24 1556 ·³
93 1535 158 1598 nin
179 1531 345 1599 simulacra
360 1529 505 1598 coluisse.
529 1531 626 1610 Quod
645 1530 774 1619 quidem
793 1543 830 1597 ut
844 1531 1061 1608 committent,
1080 1531 1143 1596 mi-

11 1625 20 1662 ⁷
96 1644 193 1708 nime
213 1642 417 1710 adducuntur
436 1640 491 1729 qui
511 1663 551 1706 ex
572 1641 721 1730 gentihus
740 1664 798 1730 per
819 1642 932 1708 lesum
953 1641 1142 1708 crucifixum

11 1768 23 1774 ··
101 1761 327 1840 coguoverunt
338 1763 516 1816 creatorem
528 1749 750 1816 universorum
758 1751 877 1826 Deum,
893 1752 949 1817 scd
965 1751 1144 1818 cruciatum

106 1883 239 1926 omnem
258 1872 291 1926 et
309 1857 502 1947 supplicium
516 1858 557 1923 od
575 1870 751 1925 extremam
770 1883 870 1949 usque
889 1873 1025 1928 mortem
1043 1861 1143 1950 perle-

109 1965 1139 2065 runt,neautsimulncrocolent,autsimulecriseduntimmolate.

153 2069 292 2145 XXXV.
311 2075 395 2142 Tum
406 2077 556 2166 Trypho:
574 2079 622 2144 Ex
633 2076 682 2143 his
693 2091 812 2155 tamen,
829 2079 945 2167 inquit,
962 2081 1017 2169 qui
1028 2078 1139 2147 lesum

11 2211 12 2222 ¹
110 2212 178 2256 sese
194 2187 340 2256 confiteri
353 2186 476 2262 dicunt,
492 2198 525 2251 et
540 2184 708 2253 Christiani
720 2187 930 2278 appellentur,
944 2188 1061 2256 multos
1072 2213 1139 2258 esse

108 2298 215 2376 sudio,
235 2299 289 2386 qui
304 2294 480 2362 simulacris
495 2292 657 2362 immolate
672 2295 878 2372 manducent,
895 2319 992 2386 seque
1004 2297 1085 2364 nihil
1100 2321 1139 2364 ex

109 2429 146 2470 en
160 2429 194 2470 re
208 2404 280 2471 laedi
295 2405 450 2473 dictitent.
1044 2405 1046 2410 ⁵

154 2511 235 2578 Tum
250 2536 309 2602 ego
323 2513 369 2579 sic
384 2514 552 2603 respondi:
570 2516 670 2581 Exeo
685 2517 794 2595 etium,
811 2517 899 2606 quod
912 2517 1072 2606 ejusmodi
1087 2537 1143 2582 ex·

110 2632 191 2686 stent
209 2621 364 2699 homines,
385 2621 439 2711 qui
455 2647 488 2688 se
502 2647 570 2689 csse
586 2625 774 2692 christianos
789 2625 1013 2714 profiteantur,
1034 2636 1066 2690 et
1082 2625 1138 2691 le-

110 2755 188 2807 sum,
208 2733 263 2821 qui
281 2732 452 2798 crucifixus
469 2744 531 2808 est,
551 2733 726 2800 Dominum
744 2748 777 2800 et
796 2733 959 2801 Christum
978 2734 1137 2807 confiteri,

110 2865 166 2907 nec
190 2853 297 2906 temen
322 2841 405 2906 illius
426 2840 605 2907 doctrinam
624 2854 767 2919 teneant,
790 2843 846 2908 sed
862 2843 938 2906 'cem
959 2863 1030 2931 quae
1055 2854 1103 2906 est
1121 2865 1139 2907 o

111 2949 266 3038 spiritibus
281 2949 413 3021 erroris;
429 2973 486 3014 nos
498 2950 552 3037 qui
566 2973 646 3016 vern
657 2973 695 3016 eo
706 2972 795 3040 purte
807 2951 884 3016 Jesu
893 2951 1017 3017 Christi
1024 2952 1140 3018 doctri·

112 3082 157 3122 me
171 3055 314 3145 discipuli
326 3079 448 3132 sumus,
465 3056 621 3123 firmiores
631 3058 665 3124 in
681 3057 745 3124 lide
756 3069 789 3124 et
800 3061 1028 3128 constantiores
1043 3062 1138 3128 limus

115 3167 145 3230 in
161 3187 213 3254 spe
229 3165 268 3230 nb
286 3187 324 3230 eo
343 3167 498 3232 nuntiate.
520 3165 600 3244 Qum
615 3167 701 3232 enim
717 3168 751 3234 in
766 3191 824 3234 suo
839 3170 970 3238 nomine
986 3185 1138 3239 eventura

113 3272 262 3363 predixit,
279 3293 316 3337 en
327 3271 427 3337 oculis
441 3283 473 3338 et
484 3271 601 3339 ellectu
615 3274 786 3342 aderitum
797 3277 951 3366 perducto
963 3283 1134 3348 cernimus.

110 3383 190 3450 Dixit
213 3381 322 3448 euim:
348 3378 462 3446 «llulti
486 3382 613 3448 venient
631 3385 664 3450 in
687 3388 816 3452 nomine
834 3410 920 3465 meo,
944 3392 1138 3459 extrinsecus

111 3521 122 3576 p
138 3492 240 3558 ovium
256 3488 393 3578 pellrhus
408 3489 524 3566 induti,
541 3491 626 3556 intus
641 3507 749 3561 nutem
766 3508 841 3563 sunt
856 3495 923 3586 lupi
938 3521 1068 3590 mpuces
1078 3501 1100 3568 ².
1115 3529 1129 3566 s

112 3605 168 3668 Et:
184 3603 312 3668 «Erunt
331 3601 503 3668 schismata
517 3613 550 3667 et
565 3601 731 3672 haeresss⁸.
747 3636 760 3669 s
773 3609 815 3673 Et
829 3632 837 3673 ι
855 3609 995 3678 «Cavete
1014 3615 1102 3680 vohis
1116 3641 1135 3681 o

110 3739 126 3786 ¹s
140 3693 431 3802 pseudoprophetis,
453 3712 507 3801 qui
526 3712 654 3782 venient
671 3717 711 3781 ed
731 3741 798 3794 vos,
819 3720 1011 3790 extrinsecus
1025 3726 1136 3792 induti

141 3839 216 3892 ¹l’sel.
228 3856 293 3902 uxr,
306 3857 329 3892 ι.
340 3869 372 3880 ·-
384 3840 395 3874 ²
406 3841 496 3890 matth.
511 3857 556 3900 ru,
571 3842 606 3892 15.
621 3871 650 3882 -
664 3842 673 3876 ⁸
687 3860 695 3892 ι
710 3846 769 3895 Cor.
785 3864 820 3908 rr,
835 3849 871 3898 ιθ.
