2648 4598
268 187 328 230 ¹⁹⁰
668 193 880 237 arunuaoonn

264 307 337 360 sunt
353 309 476 363 exstans
491 309 586 386 atque
604 298 746 376 elucens,
762 311 948 388 tentumque
963 297 1099 364 examinis
1112 308 1139 362 u
1151 321 1218 364 acees-

264 403 359 470 eiunis
380 407 554 495 requirens,
578 421 733 495 quantum
752 431 831 496 opus
852 417 902 474 eat
924 417 958 470 ut
980 427 1039 472 non
1058 404 1185 470 videamur
1198 429 1221 468 u

265 512 314 578 hie
328 536 398 600 quae
414 515 508 580 modo
525 516 609 583 dieta
626 530 699 582 suat
714 519 971 584 immemoratum
985 511 1220 602 aliquantuque

267 631 298 684 et
314 622 477 686 materiam
491 636 547 688 aut
561 637 741 714 susceptam
756 625 795 690 ab
811 615 902 691 initio
914 623 1089 690 divisionem
1100 619 1221 686 lateat
1284 637 1285 714 j

266 728 370 795 lorum
384 753 459 819 ergo
474 732 506 797 in
521 735 654 821 gratiam
669 747 701 799 et
716 758 827 800 eorum
838 735 892 823 qui
909 734 967 800 hae
981 733 1012 798 in
1026 755 1071 796 res
1083 731 1220 802 incumbent,
1284 763 1285 782 ι

155 913 158 920 ⁴
266 835 453 924 praeclarum
475 839 569 906 suerit
589 841 651 909 hoc
677 843 897 908 tantummodo
923 843 1093 912 observare,
1109 859 1188 926 nempe
1202 851 1221 900 et

267 966 378 1010 eorum
398 969 467 1034 quae
487 971 504 1012 n
524 960 636 1014 natura
657 951 827 1016 constituta
846 959 936 1024 aunt,
957 960 991 1014 et
1009 968 1109 1012 eorum
1121 968 1171 1031 que
1184 961 1221 1008 ιιιι

268 1051 361 1129 iiuat,
373 1057 538 1145 proprium
550 1059 703 1146 cujusque
719 1057 817 1124 finem
832 1080 899 1124 esee
917 1057 1032 1122 debere
1045 1077 1053 1118 ι
1066 1051 1221 1139 quodquidam

269 1185 326 1228 nos
342 1166 518 1231 eommunis
534 1167 676 1230 omnium
691 1167 778 1232 notio
794 1165 900 1241 doeet,
913 1187 953 1230 ae
967 1186 1017 1228 res
1031 1173 1096 1228 ante
1108 1159 1222 1245 oeulospe

270 1271 335 1337 sitae
356 1284 519 1340 testantur.
539 1274 653 1341 Annon
674 1276 759 1340 euim
780 1274 922 1340 videmus
939 1271 1035 1338 alium
1052 1293 1111 1336 ease
1123 1266 1220 1356 agridia

271 1379 366 1446 ulium
382 1383 511 1450 medicis
532 1383 727 1472 propositum
744 1383 853 1458 finem
874 1406 914 1448 ac
937 1403 1044 1446 rursus
1065 1377 1145 1443 alium
1159 1397 1221 1440 noun

272 1515 342 1578 quae
360 1505 495 1558 exterra
514 1504 699 1567 naseuntur,
720 1491 818 1558 alium
832 1515 907 1556 vero
922 1489 1161 1574 animaliumque
1171 1498 1220 1548 tem

271 1623 403 1666 munere
423 1613 604 1676 vescuntur,
621 1611 652 1665 et
673 1599 806 1666 naturali
830 1599 969 1688 quadam
990 1597 1066 1664 serie
1083 1589 1223 1684 generantur?

273 1709 368 1789 Quod
384 1709 410 1774 si
430 1709 462 1778 id
484 1710 686 1798 perspicuum
702 1721 762 1786 est,
782 1733 819 1775 ae
834 1710 965 1774 omnino
985 1715 1102 1795 oportet
1116 1715 1143 1767 ut
1157 1711 1218 1788 potu

273 1818 331 1882 tias
347 1842 416 1906 quoe
433 1831 544 1883 natura
555 1831 610 1883 aut
621 1830 688 1882 arte
703 1820 918 1894 continentur,
934 1838 1101 1902 earumque
1111 1829 1218 1900 operetta·

273 1936 438 1992 aeutnneua
462 1941 582 1993 naturae
604 1927 675 1993 finis
696 1942 861 2016 sequatur:
879 1950 1011 1994 necesse
1031 1946 1138 2014 promus
1153 1931 1189 1990 est,
1202 1927 1221 1976 ¹1¹

275 2037 441 2102 hominum
462 2037 546 2112 finis,
564 2051 600 2102 ut
622 2036 785 2126 singularis
806 2049 925 2103 naturae
947 2036 1033 2111 finis,
1055 2023 1221 2098 seoemaurd

276 2143 409 2210 aliorum
432 2147 667 2212 communitate.
694 2146 802 2233 Neque
824 2147 908 2210 enim
927 2144 976 2210 iae
998 2155 1045 2209 est
1065 2137 1166 2206 eunden
1179 2141 1219 2192 ⁵¹⁸·

275 2267 365 2319 tuere
380 2254 477 2321 finem
497 2280 608 2321 eorum
624 2280 693 2344 qun
709 2255 868 2322 rationulis
881 2255 994 2345 judieii
1009 2249 1122 2341 expertia
1133 2251 1186 2310 unt,
1196 2247 1216 2299 et

275 2387 386 2430 eorum
398 2386 466 2452 quae
478 2368 654 2432 secundum
665 2369 788 2433 insitam
799 2365 899 2454 legem
910 2360 1222 2444 etrationemopeuutna

275 2495 314 2538 ac
336 2473 482 2560 prudenti
497 2455 560 2539 rita
579 2489 611 2541 et
625 2477 743 2566 justitia
759 2475 889 2565 praedita
905 2486 990 2540 sunt.
1010 2473 1078 2541 Noa
1094 2455 1223 2555 igiturintr

276 2580 371 2647 lentie
386 2583 531 2671 proprius
547 2587 606 2650 erit
621 2586 666 2650 eis
676 2585 764 2658 finie;
780 2583 956 2652 eommunis
966 2583 1053 2648 enim
1064 2563 1223 2643 esurierat

279 2713 348 2776 quae
364 2715 473 2756 sensus
488 2695 626 2780 expertia
639 2705 723 2758 suut.
742 2691 805 2758 Sed
817 2714 997 2758 aeneorum
1010 2671 1229 2778 quaecorpusalut

278 2811 333 2863 aut
348 2799 507 2866 oblectant
522 2801 698 2891 perfruitio,
713 2809 746 2866 et
760 2801 850 2888 copia
865 2799 1063 2888 voluptatum
1078 2817 1086 2859 :
1102 2798 1229 2857 autrum

278 2919 326 2972 est
341 2908 513 2974 belluinam
533 2910 629 2974 vitem
643 2909 759 2996 primas
778 2907 932 2982 obtinere,
953 2929 1024 2972 eam
1043 2911 1138 2970 auum
1152 2911 1199 2982 qut
1211 2881 1232 2946 ti

197 3034 203 3045 '
278 3015 429 3082 virtutem
445 3018 589 3106 dirigitur
604 3017 726 3084 nullum
737 3018 777 3083 od
789 3016 885 3082 finem
900 3016 1007 3105 dirigi3
1026 3010 1176 3082 belluarum
1186 2995 1231 3061 etim

279 3125 415 3191 arbitror
433 3139 465 3192 et
487 3128 646 3216 pecudum
661 3150 729 3192 esse
749 3126 912 3214 proprium
934 3125 1023 3191 hunc
1036 3124 1135 3193 finem.
1148 3103 1236 3179 aonia

280 3235 401 3299 minum
417 3235 586 3301 immortali
601 3237 705 3301 anima
720 3247 752 3299 et
766 3235 909 3300 rationali
924 3235 1043 3324 judicio
1060 3225 1222 3322 proditorum·

322 3343 426 3412 XXV.
442 3346 549 3433 Neque
560 3346 654 3410 etiam
666 3345 826 3411 beatitudo
839 3347 979 3410 animaea
995 3363 1119 3434 corpore
1128 3333 1235 3422 separata

282 3451 391 3540 Neque
413 3454 500 3519 enim
524 3452 705 3518 alterutrius
726 3476 837 3518 eorum
857 3475 897 3518 ex
916 3453 1030 3541 quibus
1049 3455 1155 3518 conant
1170 3437 1236 3503 h⁰¹1³⁰·

281 3561 378 3628 vitam
399 3561 633 3628 consideramus
656 3575 710 3628 aut
730 3561 839 3639 finem,
863 3563 919 3628 sed
939 3561 1021 3628 iilius
1036 3562 1086 3650 qui
1104 3577 1137 3621 ex
1153 3557 1238 3626 nuent

282 3682 413 3735 constat.
432 3669 516 3736 Talis
529 3673 615 3736 enim
631 3685 678 3738 est
692 3673 831 3762 quisquis
847 3673 929 3737 hanc
942 3673 1036 3737 vitam
1049 3666 1158 3736 sortitus
1169 3648 1235 3721 estha
1279 3752 1281 3779 s

283 3801 349 3853 mo,
372 3801 409 3844 ao
430 3778 510 3844 illius
533 3781 601 3845 vitae
620 3785 781 3868 proprium
801 3781 936 3870 aliquem
959 3805 1026 3847 esse
1048 3781 1132 3845 finem
1150 3765 1234 3854 operit!¹
