2772 4620
274 207 336 272 dos
573 221 684 272 sunurt
706 223 825 269 ιιιτιιιι
847 223 1000 270 ιιιιιιιιιιι

275 327 448 400 admodum
462 331 507 398 sit
518 331 638 406 nutu,
654 343 690 394 ιιι
703 330 770 398 Deo
786 329 944 418 plnesstis.
958 332 1007 396 lts
1023 343 1137 396 nutem
1153 330 1326 398 exclamet

277 436 383 508 Ennius
400 461 409 501 ι
427 463 440 497 ι
455 436 562 504 Clsms
578 436 821 512 infortitudine,
842 449 874 524 ut
892 459 933 504 ue
953 457 1066 524 peroso
1087 459 1098 499 ι
1118 435 1224 523 quasi
1246 440 1323 501 run

278 543 404 610 »exulte
419 563 529 611 vocem
543 553 631 608 tuum
647 565 656 606 ι
677 556 710 610 st
724 543 875 612 annuntie
890 545 995 630 generi
1010 563 1086 607 men
1100 555 1256 629 peecata
1271 567 1322 608 en

279 677 292 713 ι
307 672 391 726 rum,
402 661 436 714 et
446 649 553 716 domui
564 649 584 714 J
586 650 664 716 scol)
676 650 858 737 iniqnitstss
866 669 987 714 eorum.
996 648 1048 714 lle
1060 649 1104 713 de
1112 649 1174 713 die
1187 649 1226 714 in
1240 650 1318 714 diem

280 785 293 822 ι
309 769 465 846 querunt,
481 769 514 824 et
528 757 607 824 seire
626 758 691 825 vius
706 774 791 826 ιιιιιι
806 753 929 832 solunt,
945 756 1032 843 qussi
1051 777 1136 844 gens
1162 779 1244 844 quae
1265 759 1319 844 jus

280 865 408 930 »titium
424 863 546 938 lecerit,
565 875 598 940 et
615 862 772 952 judicium
792 863 851 928 Dei
868 883 931 928 nen
951 861 1179 950 dereliquerit.
1205 863 1318 927 Potum

282 997 294 1034 ι
308 991 360 1036 me
371 991 457 1034 nune
466 970 621 1057 judicium
632 970 764 1057 justum,
777 980 809 1034 et
818 970 1068 1056 appropinquare
1075 969 1154 1033 Deo
1168 970 1318 1057 eupiunt.

281 1104 295 1139 ι
309 1075 465 1142 dicentes:
479 1077 585 1156 Quos
596 1075 804 1164 jejunavimus
814 1089 846 1142 et
856 1075 1054 1142 nouridistii
1068 1074 1316 1142 humiliavimus

282 1185 427 1251 »enimes
443 1194 577 1256 nostros.
598 1193 631 1278 et
649 1205 714 1251 non
733 1182 926 1271 cognovisti?
941 1181 978 1248 ln
992 1181 1106 1248 dlelrus
1124 1183 1225 1249 enim
1240 1185 1315 1271 jeju

283 1319 296 1360 ι
311 1291 436 1362 riorum
455 1301 632 1358 vestrorum
645 1290 790 1356 invenitis
804 1289 979 1354 voluntates
994 1301 1129 1366 vestras,
1152 1277 1192 1356 et
1211 1313 1311 1357 omne

284 1425 297 1460 ι
311 1397 469 1482 subjectos
489 1395 577 1465 vobis
597 1395 716 1466 eaeditls
735 1419 744 1460 ι
764 1413 840 1461 eene
853 1395 893 1460 nd
908 1393 980 1461 lites
992 1407 1024 1460 st
1039 1397 1150 1484 jurgia
1165 1398 1312 1485 jejunatis

285 1517 342 1570 set
356 1503 519 1592 percutitis
539 1485 652 1594 pugnis
673 1501 842 1576 humilem
860 1503 972 1590 utquid
991 1503 1070 1568 mihi
1084 1505 1264 1591 jejunatis,
1283 1520 1309 1569 ιι

287 1641 300 1676 ι
314 1611 420 1689 hodie,
437 1623 472 1677 ιιι
486 1608 632 1680 audiatur
645 1611 678 1676 in
693 1607 831 1690 elamore
845 1631 905 1674 vox
921 1608 1043 1675 vestre?
1058 1609 1133 1675 Non
1151 1611 1223 1676 hoe
1236 1613 1309 1698 jeju

287 1719 401 1784 »nium
418 1716 512 1805 elegi,
528 1729 563 1782 ιιι
579 1717 612 1785 in
627 1715 678 1782 die
694 1713 838 1785 humiliet
857 1715 953 1781 horno
967 1715 1108 1782 enimam
1125 1738 1243 1790 susm:
1260 1741 1307 1782 nr-

287 1847 375 1911 »que
390 1825 415 1890 si
431 1824 640 1890 incurvaveris
658 1823 747 1908 quasi
765 1821 918 1891 oimulum
934 1821 1051 1888 eollum
1068 1836 1183 1900 tuum,
1200 1837 1238 1889 et
1253 1847 1307 1889 sse

287 1953 389 1998 »oum
405 1941 438 1996 et
456 1931 595 1998 cinerem
609 1931 830 2000 substroveris:
849 1951 910 1996 noe
923 1930 970 1996 sio
982 1931 1139 1997 recolitis
1154 1934 1305 2020 jejunium

289 2070 302 2103 ι
316 2051 348 2106 et
362 2039 447 2106 diem
461 2051 628 2126 receptum
641 2037 786 2108 Domino.
802 2037 872 2104 Non
882 2037 944 2104 tolo
959 2038 1118 2125 jejunium
1128 2037 1228 2128 elegi,
1242 2041 1306 2105 dicit

289 2176 303 2211 ι
316 2147 480 2215 Dominus.
500 2145 563 2213 Sed
578 2145 661 2212 solve
676 2168 804 2216 omnem
813 2144 1030 2232 colligatorum
1043 2146 1221 2234 iniquitatis
1233 2171 1243 2210 r
1257 2147 1306 2211 dis

292 2282 304 2316 ι
319 2251 403 2318 solve
417 2251 620 2339 obligationes
628 2252 836 2322 violentorum
845 2261 1084 2320 eontrsotunmr
1097 2253 1223 2320 dimitto
1229 2255 1305 2320 tsc-

293 2385 306 2420 ι
321 2369 370 2422 tos
380 2355 646 2431 inremissionem.
655 2357 1037 2446 etomnomsyugrnphnm
1045 2358 1190 2444 iniquum
1199 2359 1304 2423 dieser

293 2491 307 2526 ι
321 2485 370 2550 pe.
386 2459 509 2550 Frange
519 2464 667 2533 esurienti
683 2487 796 2552 penem
808 2477 898 2528 tuum
911 2487 918 2526 ι
933 2475 966 2528 et
977 2486 1132 2554 pauperes
1146 2466 1214 2531 sins
1227 2477 1303 2532 tecto

294 2597 308 2632 ι
320 2570 459 2639 indusio
472 2559 601 2639 domum
613 2584 716 2639 tusms
729 2572 754 2636 si
767 2569 878 2636 rideris
889 2571 1023 2646 nudum,
1032 2574 1119 2660 operi
1128 2597 1137 2636 ι
1147 2585 1181 2636 et
1190 2573 1303 2638 domes

295 2705 308 2740 ι
322 2678 402 2744 ticos
416 2679 542 2749 seminis
557 2678 603 2746 tui
614 2701 654 2744 ne
666 2679 853 2764 despexeris.
866 2677 956 2744 Touo
966 2691 1110 2767 erumpet
1119 2681 1302 2745 matutinum

295 2813 307 2848 s
321 2785 428 2852 lumen
451 2797 554 2859 tuum,
569 2796 601 2850 et
617 2785 801 2850 vestimentu
814 2795 868 2848 tus
891 2785 954 2850 nito
970 2787 1118 2859 orientur,
1134 2797 1165 2848 et
1178 2787 1304 2870 praeibit

295 2893 355 2957 »in
370 2906 542 2980 conspeetu
564 2905 620 2959 tuo
641 2893 759 2979 justitie
780 2901 847 2968 tuo,
866 2906 899 2958 et
915 2891 1013 2982 glorie
1034 2891 1084 2962 Ilei
1095 2892 1297 2958 oisonmdslsit

295 3026 308 3080 ι
324 2998 467 3079 tolum
485 2998 647 3072 elamabis,
662 3009 695 3062 ut
709 2999 793 3064 Deus
813 3000 957 3064 exaudiet
971 3013 1020 3074 tes
1043 3001 1142 3066 adhue
1155 2996 1302 3085 loquente

296 3135 309 3170 ι
326 3119 358 3188 ιιι
373 3108 477 3186 diret:
494 3108 577 3178 lices
592 3108 713 3173 adsum.
731 3106 765 3172 si
780 3107 945 3174 abstuleris
956 3129 973 3172 ι
985 3101 1017 3176 te
1027 3107 1264 3197 colligationem,
1275 3117 1304 3172 et

298 3236 478 3285 »munuum
493 3212 780 3302 complicationem,
794 3227 827 3280 et
845 3217 978 3283 verbum
995 3215 1259 3290 murmurationis,
1277 3227 1304 3280 et

299 3350 311 3384 ι
328 3321 450 3399 dederis
464 3321 614 3389 esurienti
632 3343 745 3409 ponem
761 3325 998 3401 exanimetur,
1015 3337 1048 3392 et
1061 3323 1304 3392 nnimsmlsumi-

299 3459 312 3491 ι
326 3429 433 3495 liutem
444 3430 631 3495 saturaveris
639 3453 649 3503 ι
668 3443 747 3496 tuno
764 3432 882 3497 orietur
895 3433 928 3499 in
942 3433 1080 3506 tenebris
1094 3431 1201 3499 lumen
1210 3445 1304 3504 tuum,

300 3565 313 3596 ι
329 3549 361 3602 st
375 3539 512 3603 tenebre
527 3548 590 3604 tue
600 3547 693 3605 erunt
708 3537 789 3602 siout
803 3534 962 3614 meridies,
977 3551 1011 3604 et
1025 3539 1086 3606 erit
1095 3540 1181 3606 llsus
1193 3553 1260 3604 tuus
1270 3551 1305 3603 te

301 3664 401 3707 soum
416 3667 551 3732 semper,
567 3655 600 3708 et
615 3643 795 3732 impleberis
812 3645 1063 3713 sicut'desiderst
1073 3648 1176 3712 enims
1194 3657 1264 3712 tus:
1281 3657 1306 3709 st

298 3771 395 3814 »oses
414 3763 467 3815 tue
486 3753 708 3839 pinguescent,
729 3766 760 3816 et
783 3767 875 3818 erunt
895 3768 930 3819 ut
952 3755 1061 3820 hortus
1081 3757 1266 3830 inebriatus,
1280 3765 1306 3817 st
