2816 4610
408 325 447 368 ao
472 326 669 378 turourcuu,
695 327 755 368 uro.
783 325 816 368 rr.
1063 303 1120 368 155

100 435 245 500 tenebras
264 445 372 500 autem
392 415 532 510 noctem,
555 437 620 499 imo
639 457 697 500 nec
716 433 784 500 aliis
802 435 896 500 rebus
915 434 1040 500 nomina
1059 437 1120 501 im-

100 567 228 631 ponere,
253 543 311 608 nisi
335 541 386 607 illa
408 544 448 607 ab
471 567 581 608 earum
606 543 769 609 conditore
789 543 960 631 accepisset
982 544 1058 608 Deo.
1084 545 1121 610 In

99 651 201 739 primo
216 661 322 716 autem
336 651 464 716 exordio
480 651 644 716 narrandae
658 651 768 716 muudi
785 651 923 739 originis,
944 673 1008 714 non
1024 648 1122 737 loqui·

100 773 152 824 tur
173 759 333 848 Scriptura
354 760 393 825 de
415 759 478 824 boc
500 759 700 825 firmamento
723 760 807 848 quod
826 759 980 838 videmus,
1004 761 1058 826 sed
1082 761 1121 827 de

100 867 162 933 alio
178 865 258 933 coelo
273 865 371 932 oculis
387 868 501 932 nostris
514 866 755 954 indeprehensa,
772 870 946 935 secundum
961 869 1047 959 quod
1061 868 1122 934 hoc

102 974 230 1051 coelum,
249 976 333 1063 quod
349 975 504 1050 videmus,
520 987 667 1040 vocatum
682 987 729 1040 est
743 975 987 1042 firmamentum.
1008 978 1045 1043 In
1060 1001 1123 1064 quo

101 1087 229 1174 quidem
240 1098 416 1151 asservatur
428 1083 594 1150 dimidium
606 1092 771 1174 aquarum,
785 1096 818 1150 ut
830 1087 869 1150 sit
880 1085 999 1151 homini
1009 1087 1042 1152 in
1056 1084 1124 1175 plu·

100 1196 166 1259 vias
184 1207 216 1260 ct
234 1195 351 1260 imbres
369 1208 400 1260 et
421 1219 518 1260 rores.
541 1193 647 1261 Altera
666 1218 736 1283 pars
755 1195 887 1260 interra
907 1194 1014 1264 relicta
1029 1209 1076 1261 est
1091 1197 1124 1261 in

101 1303 226 1376 ssurios,
246 1301 349 1368 sontes
367 1313 399 1368 et
417 1303 524 1368 maria.
549 1302 630 1368 Cum
649 1303 744 1392 igitur
758 1301 863 1369 adhuc
881 1326 969 1393 aquae
985 1316 1124 1392 tegerent

101 1424 231 1485 terram,
248 1411 404 1499 praecipue
420 1423 525 1475 autem
541 1409 609 1478 loca
626 1433 776 1484 concava,
793 1409 867 1476 fecit
881 1411 966 1476 Deus
979 1435 1036 1500 per
1049 1409 1126 1476 Ver-

101 1521 179 1584 bum
196 1541 302 1596 suum,
320 1530 354 1584 ut
370 1543 459 1610 aquae
479 1521 624 1586 nnumin
641 1518 746 1585 locum
762 1517 971 1596 confluerent,
988 1533 1020 1586 et
1034 1543 1126 1609 appa-

103 1643 185 1695 reret
201 1641 285 1696 terra
303 1655 372 1719 quae
388 1643 480 1696 antea
498 1652 563 1695 non
583 1630 757 1696 videbatur.
781 1629 845 1694 Sed
863 1643 966 1696 tamen
986 1630 1126 1718 quamvis

99 1739 198 1805 videri
216 1739 408 1829 incoepisset,
428 1752 496 1805 erat
515 1739 620 1804 adhuc
640 1738 790 1804 informis.
814 1737 963 1804 Formam
983 1738 1077 1828 igitur
1094 1749 1126 1802 et

101 1859 249 1914 ornatum
269 1849 354 1914 Deus
372 1848 401 1913 ei
423 1846 543 1913 affinxit
566 1849 651 1913 omni
674 1846 845 1912 herbaium
867 1860 899 1912 et
918 1848 1073 1919 seminum
1094 1859 1127 1911 et

102 1956 282 2044 plantarum
297 1980 420 2046 genere.

146 2061 232 2128 XIV.
250 2061 322 2129 Jam
337 2088 410 2129 vero
429 2065 460 2129 in
480 2064 528 2130 his
546 2065 707 2130 considera
725 2065 907 2130 varietatem
922 2077 955 2128 et
969 2063 1122 2128 diversam

101 2184 299 2238 venustatem
317 2195 354 2238 ac
372 2175 512 2261 copiam;
539 2174 665 2238 attende
686 2185 720 2239 ut
739 2175 772 2239 iu
791 2198 823 2239 se
845 2173 1014 2261 quamdam
1034 2171 1123 2238 exhi-

100 2282 197 2345 beant
212 2281 487 2355 resurrectionem,
508 2282 540 2345 in
557 2279 735 2369 exemplum
750 2279 862 2346 futurae
876 2279 1043 2369 aliquando
1059 2303 1124 2344 om-

101 2393 190 2456 nium
207 2390 373 2455 hominum
389 2389 635 2455 resurrectionis.
659 2388 738 2469 Quis
754 2400 800 2454 est
815 2389 900 2453 enim
913 2389 967 2476 qui
987 2412 1050 2454 non
1065 2388 1122 2453 ad-

100 2497 248 2573 miretur,
266 2520 340 2563 cum
356 2496 533 2562 consideret
543 2519 581 2562 ex
592 2496 643 2562 saci
660 2498 779 2564 semine
795 2497 893 2563 licum
906 2499 1004 2572 nasci,
1022 2496 1069 2562 vel
1084 2519 1123 2562 ex

100 2605 169 2671 aliis
181 2605 397 2672 minutissimis
408 2605 579 2670 seminibus
591 2605 758 2671 immensas
769 2607 897 2672 arbores
910 2605 1074 2672 crescere?
1085 2606 1121 2670 lu

99 2715 179 2780 mari
196 2727 304 2781 autem
319 2713 487 2780 similitudo
502 2714 646 2803 quaedam
661 2715 752 2780 nobis
768 2738 842 2780 cum
858 2715 977 2780 mundo
993 2713 1122 2778 exhibe-

98 2839 161 2890 tur.
185 2825 265 2891 Nam
280 2825 548 2913 quemadmodum
566 2848 665 2898 mare,
681 2825 740 2888 nisi
758 2821 927 2889 lluminum
943 2834 974 2886 et
989 2815 1123 2886 fontium

98 2931 235 3021 appulsu
249 2933 398 3008 aleretur,
420 2933 609 3020 jamdudum
625 2932 817 2998 exsiccatum
834 2932 873 2995 ob
889 2928 1075 3017 salsuginem
1091 2941 1124 2994 et

99 3041 251 3105 adustum
270 3053 377 3108 esset:
404 3040 444 3104 ita
469 3041 606 3106 mundus
628 3040 687 3105 nisi
708 3039 869 3104 habuisset
889 3036 991 3126 legem
1013 3037 1070 3102 Dei
1092 3050 1124 3102 et

97 3131 285 3236 Prophetas,
301 3150 466 3239 exquibus
481 3148 585 3214 ssuuut
598 3162 630 3214 et
646 3149 820 3214 scaturiunt
831 3146 1052 3221 mansuetudo,
1067 3147 1124 3211 mi-

95 3258 283 3335 sericordia,
295 3261 413 3348 justitia
427 3273 458 3325 et
470 3273 652 3327 sanctorum
663 3261 720 3326 Dei
735 3259 954 3325 mandatorum
967 3257 1122 3332 doctrina,

96 3367 291 3455 jamdudum
306 3370 345 3434 ob
362 3370 535 3458 nequitiam
553 3382 586 3434 et
600 3367 805 3456 multiplicata
821 3369 853 3433 in
869 3391 907 3432 eo
922 3377 1050 3454 peccata
1067 3365 1123 3430 de-

92 3476 236 3544 fecisset.
259 3479 300 3542 Et
319 3479 585 3564 quemadmodum
605 3480 637 3543 in
657 3479 735 3542 mari
757 3489 830 3541 sunt
851 3477 995 3564 quaedam
1015 3471 1124 3539 insulae

93 3584 300 3660 habitabiles,
317 3587 406 3674 aquis
419 3585 572 3660 salubres,
588 3587 756 3675 frugiferae,
773 3585 958 3651 stationibus
970 3597 1002 3650 et
1016 3596 1125 3674 portu-

95 3696 160 3759 bus
174 3695 317 3770 munitae,
335 3706 370 3759 ut
387 3697 423 3762 iis
445 3697 497 3784 qui
517 3706 702 3783 tempestate
717 3694 823 3782 jactati
841 3693 968 3758 suerunt
983 3691 1124 3781 perfugio

95 3825 167 3866 csse
186 3805 335 3890 possint:
361 3805 406 3868 sic
426 3805 509 3869 Deus
531 3803 650 3868 mundo
671 3805 727 3868 sub
750 3803 886 3892 peccatis
906 3802 1071 3867 fluctuanti
1092 3813 1124 3866 et

96 3914 243 3978 aestuanti
258 3937 431 4003 synagogas
448 3915 546 3990 dedit,
566 3915 671 3988 idest,
689 3926 810 3981 sanctas
825 3912 985 3990 ecclesias,
1008 3915 1040 3979 in
1056 3912 1122 4001 qui-
