2492 4632
18 279 22 324 ι
349 282 472 330 coarat
496 282 646 330 amasse.
692 293 695 318 ι
950 259 1014 338 lob

18 405 109 454 eum
130 386 191 475 qui
207 385 358 476 inligare
379 385 504 458 loeutus
518 399 571 458 est
585 390 726 458 bumana
737 388 779 456 ed
793 385 968 467 Abrabam,
984 399 1018 455 et

21 517 82 560 rm
110 493 158 562 ad
180 493 338 584 Moysem,
358 495 544 566 dicentem:
565 497 713 567 allidens
733 496 798 564 vidi
818 497 1017 572 vexationem

20 603 107 693 puli
129 605 200 672 mei
215 605 249 672 ia
264 603 416 695 AEgypto,
432 617 466 672 et
483 606 634 678 deseendi
647 606 783 674 liberere
797 629 852 674 eos
869 605 891 672 ¹.
910 633 923 670 ι
942 607 1019 673 llaeo

18 739 46 780 n
61 713 191 791 Filius,
203 716 257 803 qui
269 729 317 783 est
327 711 471 784 Verbum
481 715 554 792 Dei,
563 716 603 784 eb
616 717 711 784 initio
716 717 938 808 praestruebat,
952 739 1017 783 non

21 837 138 914 gente
151 823 247 892 Petro
262 823 390 915 Angelis
407 824 454 891 uti
472 824 591 892 saeeret
606 825 835 904 conditionem,
851 837 884 894 et
898 824 1018 893 sorma-

18 932 220 1010 hominem,
237 945 369 1023 propter
381 956 478 1022 quem
489 945 523 1000 et
538 933 679 1001 conditio
694 933 791 1002 fiebat
805 957 815 1000 τ
829 937 934 1024 neque
945 957 1019 1001 rur·

28 1041 211 1132 indigente
227 1042 402 1110 ministerio
413 1042 455 1109 ed
471 1042 835 1112 fabricationemeorum
851 1067 921 1136 quae
935 1045 1017 1114 lecte
1095 1129 1102 1138 .

18 1165 56 1231 t,
80 1153 126 1220 ad
149 1153 392 1242 dispositionem
411 1176 525 1222 eorum
540 1153 743 1244 negotiorum
755 1177 826 1243 quae
841 1153 1018 1222 secundum

18 1265 144 1332 niuem
162 1275 271 1339 erentr
286 1265 343 1332 sed
353 1264 492 1333 habente
503 1265 669 1356 eopiosum
684 1277 717 1332 et
732 1265 941 1334 inenarrabile
956 1268 1018 1333 mi-

18 1375 159 1442 terium.
178 1371 335 1441 Ministret
350 1374 437 1441 enim
450 1373 480 1441 ei
495 1372 536 1441 ed
552 1374 659 1442 omnia
676 1396 731 1440 sua
752 1374 919 1464 progenies
934 1387 967 1440 et
977 1373 1017 1442 fi-

18 1483 102 1550 retio
119 1505 192 1559 sue,
212 1482 324 1560 idest,
345 1479 444 1549 Filius
465 1493 497 1550 et
519 1479 655 1571 Spiritus
670 1494 813 1559 sanetus,
828 1479 973 1550 Verbum
985 1493 1018 1548 et

18 1592 163 1680 pientius
183 1591 300 1682 quibus
320 1592 462 1660 serviunt
479 1604 512 1658 et
527 1591 663 1681 subjecti
678 1603 752 1658 sunt
767 1613 878 1658 omnes
892 1589 1014 1681 Angeli.

18 1704 56 1770 ni
78 1704 179 1793 igitur
197 1713 272 1770 sunt
286 1701 342 1790 qui
356 1712 488 1790 propter
498 1699 561 1768 boe
576 1700 664 1790 quod
676 1700 797 1768 dietum
809 1701 870 1768 sit:
890 1725 903 1761 ι
918 1699 1019 1767 Nemo

18 1812 173 1902 ognoeoit
196 1810 336 1888 Patrem,
357 1811 417 1878 nisi
439 1808 552 1886 Filius,
566 1837 579 1874 ι
595 1808 732 1876 alterum
747 1809 956 1879 introducunt
974 1809 1019 1876 in·

18 1919 148 2009 gnitum
161 1918 301 1986 Patrem.

364 2129 516 2202 CAPUT
538 2129 635 2200 Vlll.

18 2343 85 2381 anos
105 2344 164 2383 esse
182 2323 354 2384 Marcionem
374 2337 400 2384 at
419 2323 559 2397 asseclas,
582 2325 636 2398 qui
655 2320 801 2383 Abrabam
823 2341 842 2382 a
861 2322 951 2382 saluta
970 2343 1020 2398 per

23 2423 168 2484 Clarabtnm
186 2426 320 2501 r'rnperts'ta
339 2423 493 2484 excludant
511 2448 522 2484 r
545 2423 688 2483 Cbrrbtum
709 2425 780 2482 enim
798 2445 853 2482 aon
873 2419 1021 2482 Atratus

22 2523 119 2598 modo,
139 2523 191 2584 sed
208 2537 233 2584 et
250 2545 339 2584 senten
356 2523 420 2604 ejus
437 2525 467 2583 ιἰι
485 2523 633 2584 libertatem
649 2525 818 2596 asserurbse,
837 2523 939 2604 legem
959 2524 1018 2581 rin-

22 2621 122 2700 pleado
127 2667 138 2698 ,
151 2645 205 2683 non
216 2623 347 2684 solvendo
351 2669 362 2697 ,
378 2623 447 2683 daun
460 2625 541 2718 atram
558 2621 680 2683 sabbmrk
694 2620 817 2682 curabat.

32 2805 56 2871 l.
81 2801 185 2872 Venus
200 2815 309 2890 eutem
324 2815 357 2870 et
367 2801 523 2877 Marcion,
536 2812 568 2866 et
579 2799 634 2887 qui
648 2800 688 2865 ab
705 2819 757 2874 eo,
770 2795 962 2886 expellentes
976 2800 1016 2865 ab

18 2910 170 2978 mreditete
190 2909 366 2985 Abraham,
385 2908 439 2974 oui
458 2905 595 2995 Spiritus
610 2928 667 2994 per
683 2903 811 2980 multos,
825 2905 891 2992 jam
909 2918 1017 2972 eutem

18 3039 24 3087 ι
35 3041 90 3109 per
99 3017 228 3084 Paulum
239 3017 456 3084 testimonium
468 3013 587 3091 reddit,
600 3013 751 3103 quoniam
761 3038 774 3074 ι
786 3013 921 3082 eredidit
932 3015 1013 3092 Deo,

25 3142 57 3193 et
68 3127 246 3216 deputatum
256 3137 304 3192 est
316 3125 345 3190 ei
356 3124 397 3189 ed
408 3120 583 3212 justitiem²
603 3145 611 3187 ε
630 3131 684 3188 set
695 3120 863 3198 Dominus,
876 3124 1016 3211 primum

20 3236 120 3303 uidem
135 3236 172 3302 de
182 3233 340 3326 lapidibus
352 3233 492 3300 excitans
507 3231 589 3300 lilios
600 3232 642 3308 ei,
654 3242 687 3297 et
698 3226 815 3298 faciens
827 3253 936 3299 semen
946 3234 1016 3322 ejus

18 3347 83 3434 ¹uani
104 3343 201 3412 stelles
221 3341 307 3420 ooeli,
324 3342 434 3409 dicens
448 3363 456 3406 ε
477 3366 490 3402 ι
507 3339 668 3422 Quoniam
684 3339 812 3408 venient
828 3340 868 3408 ab
885 3339 1017 3406 Oriente

27 3468 58 3523 et
71 3454 248 3529 Oeeidente,
260 3454 300 3519 ab
317 3449 474 3540 Aquilone
488 3460 521 3518 et
540 3451 671 3527 Austro,
683 3458 717 3516 et
734 3451 925 3518 recumbent
940 3472 1016 3518 cum

29 3564 186 3640 Abrabam,
198 3575 231 3629 et
240 3562 342 3639 Isaeo,
353 3574 386 3628 et
396 3560 498 3627 Jaeob
511 3561 543 3630 in
557 3583 656 3650 regno
668 3557 823 3626 emiorum
833 3559 842 3595 ⁸
852 3583 862 3634 ;
874 3561 1013 3628 »iterum

18 3678 102 3744 licens
111 3673 220 3740 ludaeis
234 3695 242 3738 ε
254 3671 358 3738 «Cum
370 3670 509 3737 videritis
517 3670 692 3746 Abrabam,
705 3681 738 3735 et
745 3668 847 3746 lseao,
858 3680 891 3736 et
898 3669 1013 3748 Jacob,

31 3796 165 3852 otomner
175 3781 349 3873 Prophetes
364 3780 396 3848 iu
412 3803 511 3871 regno
525 3778 695 3855 emiorum,
708 3801 764 3845 vos
778 3791 885 3847 autem
900 3780 1018 3871 projici

38 3913 122 3964 ιΕιοιι.
134 3931 166 3974 ιιι,
178 3930 202 3978 7,
212 3911 234 3963 8.
245 3910 292 3950 -2
302 3911 377 3962 Rom.
389 3927 424 3976 ra,
435 3910 458 3960 ³.
468 3909 513 3950 -i
526 3909 617 3961 blattb.
631 3925 686 3969 rur,
701 3923 743 3968 rr;
759 3909 817 3958 buo.
830 3925 887 3969 xm,
902 3915 939 3972 ²9⁴.
