<?xml version="1.0" encoding="UTF-8"?>
<!DOCTYPE html PUBLIC "-//W3C//DTD XHTML 1.0 Transitional//EN"
    "http://www.w3.org/TR/xhtml1/DTD/xhtml1-transitional.dtd">
<html xmlns="http://www.w3.org/1999/xhtml" xml:lang="en" lang="en">
 <head>
  <title>
</title>
<meta http-equiv="Content-Type" content="text/html;charset=utf-8" />
  <meta name='ocr-system' content='tesseract 3.04.00' />
  <meta name='ocr-capabilities' content='ocr_page ocr_carea ocr_par ocr_line ocrx_word'/>
</head>
<body>
  <div class='ocr_page' id='page_1' title='image "./collectioselect02guilgoog_0366.png"; bbox 0 0 2646 4596; ppageno 0'>
   <div class='ocr_carea' id='block_1_1' title="bbox 285 288 1083 352">
    <p class='ocr_par' dir='ltr' id='par_1_1' title="bbox 285 288 1083 352">
     <span class='ocr_line' id='line_1_1' title="bbox 285 288 1083 352; baseline 0.008 -6"><span class='ocrx_word' id='word_1_1' title='bbox 285 295 443 346; x_wconf 80' lang='lat' dir='ltr'><strong>nrsnoous</strong></span> <span class='ocrx_word' id='word_1_2' title='bbox 466 301 528 348; x_wconf 79' lang='lat' dir='ltr'><strong>oon</strong></span> <span class='ocrx_word' id='word_1_3' title='bbox 551 303 712 350; x_wconf 78' lang='lat' dir='ltr'><strong>rnrrnonn</strong></span> <span class='ocrx_word' id='word_1_4' title='bbox 735 307 849 350; x_wconf 73' lang='lat' dir='ltr'><strong>sonno.</strong></span> <span class='ocrx_word' id='word_1_5' title='bbox 1021 288 1083 352; x_wconf 72' lang='lat'><strong>565</strong></span> 
     </span>
    </p>
   </div>
   <div class='ocr_carea' id='block_1_2' title="bbox 45 407 1086 607">
    <p class='ocr_par' dir='ltr' id='par_1_2' title="bbox 45 407 1086 607">
     <span class='ocr_line' id='line_1_2' title="bbox 46 407 1083 496; baseline 0.006 -26"><span class='ocrx_word' id='word_1_6' title='bbox 46 407 96 470; x_wconf 84' lang='lat' dir='ltr'><strong>his</strong></span> <span class='ocrx_word' id='word_1_7' title='bbox 110 425 244 496; x_wconf 82' lang='lat' dir='ltr'><strong>qnoque</strong></span> <span class='ocrx_word' id='word_1_8' title='bbox 258 408 465 494; x_wconf 80' lang='lat' dir='ltr'><strong>perspicuum</strong></span> <span class='ocrx_word' id='word_1_9' title='bbox 484 407 572 474; x_wconf 78' lang='lat' dir='ltr'><strong>vohis</strong></span> <span class='ocrx_word' id='word_1_10' title='bbox 593 408 648 473; x_wconf 77' lang='lat' dir='ltr'><strong>flos</strong></span> <span class='ocrx_word' id='word_1_11' title='bbox 666 409 699 474; x_wconf 95' lang='lat' dir='ltr'><strong>id</strong></span> <span class='ocrx_word' id='word_1_12' title='bbox 714 411 833 496; x_wconf 79' lang='lat' dir='ltr'><strong>quoda</strong></span> <span class='ocrx_word' id='word_1_13' title='bbox 853 433 905 476; x_wconf 87' lang='lat' dir='ltr'><strong>me</strong></span> <span class='ocrx_word' id='word_1_14' title='bbox 923 413 1083 486; x_wconf 89' lang='lat' dir='ltr'><strong>asseritur,</strong></span> 
     </span>
     <span class='ocr_line' id='line_1_3' title="bbox 45 513 1086 607; baseline 0.01 -32"><span class='ocrx_word' id='word_1_15' title='bbox 45 514 160 579; x_wconf 75' lang='lat' dir='ltr'><strong>audite</strong></span> <span class='ocrx_word' id='word_1_16' title='bbox 178 525 211 578; x_wconf 86' lang='lat' dir='ltr'><strong>et</strong></span> <span class='ocrx_word' id='word_1_17' title='bbox 225 513 296 579; x_wconf 78' lang='lat' dir='ltr'><strong>haeo</strong></span> <span class='ocrx_word' id='word_1_18' title='bbox 316 516 413 580; x_wconf 84' lang='lat' dir='ltr'><strong>rerba</strong></span> <span class='ocrx_word' id='word_1_19' title='bbox 430 539 469 582; x_wconf 85' lang='lat' dir='ltr'><strong>ex</strong></span> <span class='ocrx_word' id='word_1_20' title='bbox 489 515 571 580; x_wconf 92' lang='lat' dir='ltr'><strong>libro</strong></span> <span class='ocrx_word' id='word_1_21' title='bbox 591 515 689 582; x_wconf 86' lang='lat' dir='ltr'><strong>Josue</strong></span> <span class='ocrx_word' id='word_1_22' title='bbox 704 517 915 607; x_wconf 75' lang='lat' dir='ltr'><strong>depromptus</strong></span> <span class='ocrx_word' id='word_1_23' title='bbox 934 544 947 578; x_wconf 78' lang='lat' dir='ltr'><strong>s</strong></span> <span class='ocrx_word' id='word_1_24' title='bbox 964 519 1004 584; x_wconf 81' lang='lat' dir='ltr'><strong>Et</strong></span> <span class='ocrx_word' id='word_1_25' title='bbox 1018 520 1086 585; x_wconf 85' lang='lat' dir='ltr'><strong>iao-</strong></span> 
     </span>
    </p>
   </div>
   <div class='ocr_carea' id='block_1_3' title="bbox 48 621 1101 3733">
    <p class='ocr_par' dir='ltr' id='par_1_3' title="bbox 48 621 1088 1789">
     <span class='ocr_line' id='line_1_4' title="bbox 48 621 1087 712; baseline 0.006 -28"><span class='ocrx_word' id='word_1_26' title='bbox 48 651 59 676; x_wconf 82' lang='lat'><strong>·</strong></span> <span class='ocrx_word' id='word_1_27' title='bbox 76 633 153 686; x_wconf 83' lang='lat' dir='ltr'><strong>tum</strong></span> <span class='ocrx_word' id='word_1_28' title='bbox 163 633 223 696; x_wconf 86' lang='lat' dir='ltr'><strong>est,</strong></span> <span class='ocrx_word' id='word_1_29' title='bbox 239 643 316 686; x_wconf 86' lang='lat' dir='ltr'><strong>cum</strong></span> <span class='ocrx_word' id='word_1_30' title='bbox 326 633 411 688; x_wconf 79' lang='lat' dir='ltr'><strong>esset</strong></span> <span class='ocrx_word' id='word_1_31' title='bbox 421 621 514 688; x_wconf 86' lang='lat' dir='ltr'><strong>Jesus</strong></span> <span class='ocrx_word' id='word_1_32' title='bbox 525 623 557 687; x_wconf 90' lang='lat' dir='ltr'><strong>in</strong></span> <span class='ocrx_word' id='word_1_33' title='bbox 573 622 734 697; x_wconf 77' lang='lat' dir='ltr'><strong>Hiericho,</strong></span> <span class='ocrx_word' id='word_1_34' title='bbox 750 625 921 712; x_wconf 78' lang='lat' dir='ltr'>respiciens</span> <span class='ocrx_word' id='word_1_35' title='bbox 932 623 1033 690; x_wconf 89' lang='lat' dir='ltr'><strong>oouiis</strong></span> <span class='ocrx_word' id='word_1_36' title='bbox 1045 625 1087 689; x_wconf 84' lang='lat' dir='ltr'><strong>vi-</strong></span> 
     </span>
     <span class='ocr_line' id='line_1_5' title="bbox 50 727 1088 798; baseline 0.002 -4"><span class='ocrx_word' id='word_1_37' title='bbox 50 757 63 784; x_wconf 71' lang='lat'><strong>»</strong></span> <span class='ocrx_word' id='word_1_38' title='bbox 79 729 141 794; x_wconf 82' lang='lat' dir='ltr'><strong>det</strong></span> <span class='ocrx_word' id='word_1_39' title='bbox 151 727 316 792; x_wconf 87' lang='lat' dir='ltr'><strong>bominem</strong></span> <span class='ocrx_word' id='word_1_40' title='bbox 330 739 468 794; x_wconf 83' lang='lat' dir='ltr'><strong>stantem</strong></span> <span class='ocrx_word' id='word_1_41' title='bbox 483 737 593 794; x_wconf 78' lang='lat' dir='ltr'><strong>eontra</strong></span> <span class='ocrx_word' id='word_1_42' title='bbox 608 751 652 793; x_wconf 86' lang='lat' dir='ltr'><strong>se.</strong></span> <span class='ocrx_word' id='word_1_43' title='bbox 674 731 716 794; x_wconf 85' lang='lat' dir='ltr'><strong>Et</strong></span> <span class='ocrx_word' id='word_1_44' title='bbox 733 729 887 796; x_wconf 78' lang='lat' dir='ltr'><strong>secedens</strong></span> <span class='ocrx_word' id='word_1_45' title='bbox 901 732 994 798; x_wconf 87' lang='lat' dir='ltr'><strong>Jesus</strong></span> <span class='ocrx_word' id='word_1_46' title='bbox 1009 733 1088 798; x_wconf 87' lang='lat' dir='ltr'><strong>dixit</strong></span> 
     </span>
     <span class='ocr_line' id='line_1_6' title="bbox 54 835 1086 930; baseline 0.009 -31"><span class='ocrx_word' id='word_1_47' title='bbox 54 864 68 892; x_wconf 71' lang='grc' dir='ltr'><strong><em>ι</em></strong></span> <span class='ocrx_word' id='word_1_48' title='bbox 83 835 139 900; x_wconf 80' lang='lat' dir='ltr'><strong>ei:</strong></span> <span class='ocrx_word' id='word_1_49' title='bbox 161 835 272 900; x_wconf 85' lang='lat' dir='ltr'><strong>Noster</strong></span> <span class='ocrx_word' id='word_1_50' title='bbox 291 857 339 909; x_wconf 85' lang='lat' dir='ltr'><strong>es,</strong></span> <span class='ocrx_word' id='word_1_51' title='bbox 359 856 401 900; x_wconf 86' lang='lat' dir='ltr'><strong>an</strong></span> <span class='ocrx_word' id='word_1_52' title='bbox 422 835 696 902; x_wconf 71' lang='lat' dir='ltr'><strong>adversariorum?</strong></span> <span class='ocrx_word' id='word_1_53' title='bbox 717 837 758 903; x_wconf 78' lang='lat' dir='ltr'><strong>ht</strong></span> <span class='ocrx_word' id='word_1_54' title='bbox 778 837 829 904; x_wconf 87' lang='lat' dir='ltr'><strong>iile</strong></span> <span class='ocrx_word' id='word_1_55' title='bbox 849 839 927 905; x_wconf 80' lang='lat' dir='ltr'><strong>dixit</strong></span> <span class='ocrx_word' id='word_1_56' title='bbox 941 842 992 904; x_wconf 90' lang='lat' dir='ltr'><strong>ei:</strong></span> <span class='ocrx_word' id='word_1_57' title='bbox 1018 843 1086 930; x_wconf 78' lang='lat' dir='ltr'><strong>Ego</strong></span> 
     </span>
     <span class='ocr_line' id='line_1_7' title="bbox 56 943 1087 1030; baseline 0.003 -22"><span class='ocrx_word' id='word_1_58' title='bbox 56 973 70 1001; x_wconf 77' lang='grc' dir='ltr'>ι</span> <span class='ocrx_word' id='word_1_59' title='bbox 86 965 163 1008; x_wconf 85' lang='lat' dir='ltr'><strong>sum</strong></span> <span class='ocrx_word' id='word_1_60' title='bbox 181 945 323 1030; x_wconf 86' lang='lat' dir='ltr'><strong>princeps</strong></span> <span class='ocrx_word' id='word_1_61' title='bbox 342 943 463 1009; x_wconf 70' lang='lat' dir='ltr'><strong>miiitiae</strong></span> <span class='ocrx_word' id='word_1_62' title='bbox 484 945 607 1010; x_wconf 81' lang='lat' dir='ltr'><strong>virtutis</strong></span> <span class='ocrx_word' id='word_1_63' title='bbox 625 944 753 1011; x_wconf 86' lang='lat' dir='ltr'><strong>Domini</strong></span> <span class='ocrx_word' id='word_1_64' title='bbox 771 969 779 1009; x_wconf 78' lang='lat' dir='ltr'><strong><em>z</em></strong></span> <span class='ocrx_word' id='word_1_65' title='bbox 798 969 884 1014; x_wconf 84' lang='lat' dir='ltr'><strong>nunc</strong></span> <span class='ocrx_word' id='word_1_66' title='bbox 899 948 1021 1015; x_wconf 79' lang='lat' dir='ltr'><strong>adveni.</strong></span> <span class='ocrx_word' id='word_1_67' title='bbox 1045 949 1087 1012; x_wconf 82' lang='lat' dir='ltr'><strong>lit</strong></span> 
     </span>
     <span class='ocr_line' id='line_1_8' title="bbox 57 1051 1085 1142; baseline 0.005 -24"><span class='ocrx_word' id='word_1_68' title='bbox 57 1083 69 1110; x_wconf 74' lang='grc' dir='ltr'>υ</span> <span class='ocrx_word' id='word_1_69' title='bbox 85 1052 181 1118; x_wconf 82' lang='lat' dir='ltr'><strong>Jesus</strong></span> <span class='ocrx_word' id='word_1_70' title='bbox 192 1051 348 1118; x_wconf 82' lang='lat' dir='ltr'><strong>oeeiditin</strong></span> <span class='ocrx_word' id='word_1_71' title='bbox 360 1051 475 1118; x_wconf 79' lang='lat' dir='ltr'><strong>faeiem</strong></span> <span class='ocrx_word' id='word_1_72' title='bbox 486 1066 721 1142; x_wconf 77' lang='lat' dir='ltr'><strong>superterram,</strong></span> <span class='ocrx_word' id='word_1_73' title='bbox 736 1067 769 1119; x_wconf 88' lang='lat' dir='ltr'><strong>et</strong></span> <span class='ocrx_word' id='word_1_74' title='bbox 781 1055 858 1121; x_wconf 84' lang='lat' dir='ltr'><strong>dixit</strong></span> <span class='ocrx_word' id='word_1_75' title='bbox 869 1056 918 1120; x_wconf 91' lang='lat' dir='ltr'><strong>ei:</strong></span> <span class='ocrx_word' id='word_1_76' title='bbox 936 1057 1085 1132; x_wconf 83' lang='lat' dir='ltr'><strong>Domine,</strong></span> 
     </span>
     <span class='ocr_line' id='line_1_9' title="bbox 54 1159 1085 1251; baseline 0.008 -31"><span class='ocrx_word' id='word_1_77' title='bbox 54 1189 66 1220; x_wconf 73' lang='grc' dir='ltr'>ι</span> <span class='ocrx_word' id='word_1_78' title='bbox 81 1159 159 1247; x_wconf 80' lang='lat' dir='ltr'><strong>qnid</strong></span> <span class='ocrx_word' id='word_1_79' title='bbox 170 1160 317 1248; x_wconf 82' lang='lat' dir='ltr'><strong>praeeipis</strong></span> <span class='ocrx_word' id='word_1_80' title='bbox 329 1169 385 1224; x_wconf 85' lang='lat' dir='ltr'><strong>tuo</strong></span> <span class='ocrx_word' id='word_1_81' title='bbox 395 1159 537 1226; x_wconf 80' lang='lat' dir='ltr'><strong>inmuioi</strong></span> <span class='ocrx_word' id='word_1_82' title='bbox 551 1163 590 1226; x_wconf 87' lang='lat' dir='ltr'><strong>Et</strong></span> <span class='ocrx_word' id='word_1_83' title='bbox 606 1162 650 1228; x_wconf 82' lang='lat' dir='ltr'><strong>eit</strong></span> <span class='ocrx_word' id='word_1_84' title='bbox 665 1163 813 1251; x_wconf 84' lang='lat' dir='ltr'><strong>princeps</strong></span> <span class='ocrx_word' id='word_1_85' title='bbox 827 1161 945 1229; x_wconf 74' lang='lat' dir='ltr'><strong>militie</strong></span> <span class='ocrx_word' id='word_1_86' title='bbox 958 1164 1085 1230; x_wconf 87' lang='lat' dir='ltr'><strong>Domini</strong></span> 
     </span>
     <span class='ocr_line' id='line_1_10' title="bbox 54 1265 1086 1356; baseline 0.009 -27"><span class='ocrx_word' id='word_1_87' title='bbox 54 1295 66 1326; x_wconf 74' lang='grc' dir='ltr'>ι</span> <span class='ocrx_word' id='word_1_88' title='bbox 80 1267 124 1332; x_wconf 79' lang='lat' dir='ltr'><strong>ed</strong></span> <span class='ocrx_word' id='word_1_89' title='bbox 133 1267 245 1332; x_wconf 83' lang='lat' dir='ltr'><strong>Jesnm</strong></span> <span class='ocrx_word' id='word_1_90' title='bbox 260 1291 269 1332; x_wconf 75' lang='grc' dir='ltr'><strong><em>ε</em></strong></span> <span class='ocrx_word' id='word_1_91' title='bbox 285 1265 599 1334; x_wconf 77' lang='lat' dir='ltr'><strong>Soioeeaieesments</strong></span> <span class='ocrx_word' id='word_1_92' title='bbox 610 1269 650 1334; x_wconf 92' lang='lat' dir='ltr'><strong>de</strong></span> <span class='ocrx_word' id='word_1_93' title='bbox 660 1268 795 1356; x_wconf 86' lang='lat' dir='ltr'><strong>pedibus</strong></span> <span class='ocrx_word' id='word_1_94' title='bbox 807 1271 868 1335; x_wconf 81' lang='lat' dir='ltr'><strong>tuis</strong></span> <span class='ocrx_word' id='word_1_95' title='bbox 881 1295 889 1336; x_wconf 72' lang='grc' dir='ltr'><strong><em>ε</em></strong></span> <span class='ocrx_word' id='word_1_96' title='bbox 903 1269 990 1337; x_wconf 86' lang='lat' dir='ltr'><strong>loeus</strong></span> <span class='ocrx_word' id='word_1_97' title='bbox 1001 1272 1086 1338; x_wconf 84' lang='lat' dir='ltr'><strong>enim</strong></span> 
     </span>
     <span class='ocr_line' id='line_1_11' title="bbox 54 1375 1088 1460; baseline 0.009 -25"><span class='ocrx_word' id='word_1_98' title='bbox 54 1403 65 1428; x_wconf 77' lang='grc' dir='ltr'>ι</span> <span class='ocrx_word' id='word_1_99' title='bbox 81 1375 114 1436; x_wconf 90' lang='lat' dir='ltr'><strong>in</strong></span> <span class='ocrx_word' id='word_1_100' title='bbox 129 1397 196 1460; x_wconf 81' lang='lat' dir='ltr'><strong>quo</strong></span> <span class='ocrx_word' id='word_1_101' title='bbox 216 1386 294 1448; x_wconf 85' lang='lat' dir='ltr'><strong>stas,</strong></span> <span class='ocrx_word' id='word_1_102' title='bbox 317 1385 398 1438; x_wconf 81' lang='lat' dir='ltr'><strong>terro</strong></span> <span class='ocrx_word' id='word_1_103' title='bbox 414 1386 522 1440; x_wconf 77' lang='lat' dir='ltr'><strong>sonora</strong></span> <span class='ocrx_word' id='word_1_104' title='bbox 537 1387 595 1440; x_wconf 85' lang='lat' dir='ltr'><strong>est.</strong></span> <span class='ocrx_word' id='word_1_105' title='bbox 618 1375 657 1440; x_wconf 87' lang='lat' dir='ltr'><strong>Et</strong></span> <span class='ocrx_word' id='word_1_106' title='bbox 677 1376 827 1444; x_wconf 84' lang='lat' dir='ltr'><strong>Hiericho</strong></span> <span class='ocrx_word' id='word_1_107' title='bbox 846 1375 951 1444; x_wconf 78' lang='lat' dir='ltr'><strong>clausa</strong></span> <span class='ocrx_word' id='word_1_108' title='bbox 967 1391 1035 1444; x_wconf 85' lang='lat' dir='ltr'><strong>erat</strong></span> <span class='ocrx_word' id='word_1_109' title='bbox 1048 1401 1088 1444; x_wconf 87' lang='lat' dir='ltr'><strong>ao</strong></span> 
     </span>
     <span class='ocr_line' id='line_1_12' title="bbox 52 1481 1088 1571; baseline 0.011 -31"><span class='ocrx_word' id='word_1_110' title='bbox 52 1483 227 1547; x_wconf 60' lang='lat' dir='ltr'><strong>»munitm</strong></span> <span class='ocrx_word' id='word_1_111' title='bbox 249 1493 284 1545; x_wconf 87' lang='lat' dir='ltr'><strong>et</strong></span> <span class='ocrx_word' id='word_1_112' title='bbox 302 1503 398 1547; x_wconf 88' lang='lat' dir='ltr'><strong>nemo</strong></span> <span class='ocrx_word' id='word_1_113' title='bbox 415 1481 563 1571; x_wconf 76' lang='lat' dir='ltr'><strong>prodibat</strong></span> <span class='ocrx_word' id='word_1_114' title='bbox 577 1506 617 1550; x_wconf 85' lang='lat' dir='ltr'><strong>ex</strong></span> <span class='ocrx_word' id='word_1_115' title='bbox 636 1483 699 1548; x_wconf 83' lang='lat' dir='ltr'><strong>ilia.</strong></span> <span class='ocrx_word' id='word_1_116' title='bbox 720 1485 762 1550; x_wconf 87' lang='lat' dir='ltr'><strong>Et</strong></span> <span class='ocrx_word' id='word_1_117' title='bbox 782 1484 859 1549; x_wconf 83' lang='lat' dir='ltr'><strong>dixit</strong></span> <span class='ocrx_word' id='word_1_118' title='bbox 877 1484 1033 1552; x_wconf 76' lang='lat' dir='ltr'><strong>Dominus</strong></span> <span class='ocrx_word' id='word_1_119' title='bbox 1047 1486 1088 1552; x_wconf 84' lang='lat' dir='ltr'><strong>sd</strong></span> 
     </span>
     <span class='ocr_line' id='line_1_13' title="bbox 55 1590 1088 1682; baseline 0.004 -26"><span class='ocrx_word' id='word_1_120' title='bbox 55 1621 66 1648; x_wconf 82' lang='grc' dir='ltr'>ι</span> <span class='ocrx_word' id='word_1_121' title='bbox 80 1590 215 1656; x_wconf 83' lang='lat' dir='ltr'><strong>Jesum:</strong></span> <span class='ocrx_word' id='word_1_122' title='bbox 233 1592 322 1658; x_wconf 82' lang='lat' dir='ltr'><strong>Eone</strong></span> <span class='ocrx_word' id='word_1_123' title='bbox 337 1615 396 1680; x_wconf 81' lang='lat' dir='ltr'><strong>ego</strong></span> <span class='ocrx_word' id='word_1_124' title='bbox 411 1593 502 1656; x_wconf 79' lang='lat' dir='ltr'><strong>trado</strong></span> <span class='ocrx_word' id='word_1_125' title='bbox 519 1593 575 1657; x_wconf 83' lang='lat' dir='ltr'><strong>tihi</strong></span> <span class='ocrx_word' id='word_1_126' title='bbox 590 1593 790 1682; x_wconf 75' lang='lat' dir='ltr'><strong>subjugatum</strong></span> <span class='ocrx_word' id='word_1_127' title='bbox 806 1594 969 1670; x_wconf 79' lang='lat' dir='ltr'><strong>Hiericho,</strong></span> <span class='ocrx_word' id='word_1_128' title='bbox 989 1606 1022 1660; x_wconf 81' lang='lat' dir='ltr'><strong>et</strong></span> <span class='ocrx_word' id='word_1_129' title='bbox 1036 1617 1088 1660; x_wconf 85' lang='lat' dir='ltr'><strong>ro-</strong></span> 
     </span>
     <span class='ocr_line' id='line_1_14' title="bbox 54 1700 1054 1789; baseline -0.001 -24"><span class='ocrx_word' id='word_1_130' title='bbox 54 1729 65 1756; x_wconf 80' lang='lat'><strong>·</strong></span> <span class='ocrx_word' id='word_1_131' title='bbox 79 1723 154 1788; x_wconf 77' lang='lat' dir='ltr'><strong>gem</strong></span> <span class='ocrx_word' id='word_1_132' title='bbox 164 1701 252 1786; x_wconf 85' lang='lat' dir='ltr'><strong>ejus,</strong></span> <span class='ocrx_word' id='word_1_133' title='bbox 265 1700 322 1787; x_wconf 90' lang='lat' dir='ltr'><strong>qui</strong></span> <span class='ocrx_word' id='word_1_134' title='bbox 331 1711 381 1764; x_wconf 87' lang='lat' dir='ltr'><strong>est</strong></span> <span class='ocrx_word' id='word_1_135' title='bbox 391 1701 424 1764; x_wconf 84' lang='lat' dir='ltr'><strong>ia</strong></span> <span class='ocrx_word' id='word_1_136' title='bbox 435 1722 485 1775; x_wconf 83' lang='lat' dir='ltr'><strong>es,</strong></span> <span class='ocrx_word' id='word_1_137' title='bbox 498 1713 531 1766; x_wconf 80' lang='lat' dir='ltr'><strong>et</strong></span> <span class='ocrx_word' id='word_1_138' title='bbox 541 1713 699 1789; x_wconf 88' lang='lat' dir='ltr'><strong>potentes,</strong></span> <span class='ocrx_word' id='word_1_139' title='bbox 713 1703 796 1766; x_wconf 88' lang='lat' dir='ltr'><strong>viros</strong></span> <span class='ocrx_word' id='word_1_140' title='bbox 808 1701 993 1768; x_wconf 80' lang='lat' dir='ltr'><strong>fortitudine</strong></span> <span class='ocrx_word' id='word_1_141' title='bbox 1003 1701 1025 1766; x_wconf 82' lang='lat'><strong>¹.</strong></span> <span class='ocrx_word' id='word_1_142' title='bbox 1040 1729 1054 1764; x_wconf 77' lang='lat' dir='ltr'><strong>s</strong></span> 
     </span>
    </p>

    <p class='ocr_par' dir='ltr' id='par_1_4' title="bbox 57 1806 1090 2316">
     <span class='ocr_line' id='line_1_15' title="bbox 96 1806 1089 1899; baseline 0.003 -25"><span class='ocrx_word' id='word_1_143' title='bbox 96 1808 216 1874; x_wconf 81' lang='lat' dir='ltr'><strong>Lxffl.</strong></span> <span class='ocrx_word' id='word_1_144' title='bbox 240 1807 325 1874; x_wconf 83' lang='lat' dir='ltr'><strong>Tum</strong></span> <span class='ocrx_word' id='word_1_145' title='bbox 339 1806 490 1896; x_wconf 80' lang='lat' dir='ltr'><strong>Trypho:</strong></span> <span class='ocrx_word' id='word_1_146' title='bbox 515 1807 697 1890; x_wconf 79' lang='lat' dir='ltr'><strong>Praerslide,</strong></span> <span class='ocrx_word' id='word_1_147' title='bbox 715 1811 830 1898; x_wconf 85' lang='lat' dir='ltr'><strong>inquit,</strong></span> <span class='ocrx_word' id='word_1_148' title='bbox 846 1833 884 1877; x_wconf 85' lang='lat' dir='ltr'><strong>so</strong></span> <span class='ocrx_word' id='word_1_149' title='bbox 898 1810 1042 1899; x_wconf 89' lang='lat' dir='ltr'><strong>piurihus</strong></span> <span class='ocrx_word' id='word_1_150' title='bbox 1056 1811 1089 1877; x_wconf 95' lang='lat' dir='ltr'><strong>id</strong></span> 
     </span>
     <span class='ocr_line' id='line_1_16' title="bbox 58 1916 1090 2006; baseline 0.006 -28"><span class='ocrx_word' id='word_1_151' title='bbox 58 1941 76 1978; x_wconf 79' lang='lat' dir='ltr'><strong>n</strong></span> <span class='ocrx_word' id='word_1_152' title='bbox 92 1929 125 1980; x_wconf 84' lang='lat' dir='ltr'><strong>te</strong></span> <span class='ocrx_word' id='word_1_153' title='bbox 140 1916 393 1982; x_wconf 79' lang='lat' dir='ltr'><strong>demonstratum</strong></span> <span class='ocrx_word' id='word_1_154' title='bbox 407 1928 466 1982; x_wconf 88' lang='lat' dir='ltr'><strong>est.</strong></span> <span class='ocrx_word' id='word_1_155' title='bbox 491 1917 588 1996; x_wconf 86' lang='lat' dir='ltr'><strong>Quod</strong></span> <span class='ocrx_word' id='word_1_156' title='bbox 602 1918 698 2006; x_wconf 79' lang='lat' dir='ltr'><strong>igitur</strong></span> <span class='ocrx_word' id='word_1_157' title='bbox 711 1931 867 2006; x_wconf 77' lang='lat' dir='ltr'><strong>superest,</strong></span> <span class='ocrx_word' id='word_1_158' title='bbox 883 1941 958 1983; x_wconf 89' lang='lat' dir='ltr'><strong>eum</strong></span> <span class='ocrx_word' id='word_1_159' title='bbox 972 1941 1011 1984; x_wconf 88' lang='lat' dir='ltr'><strong>ex</strong></span> <span class='ocrx_word' id='word_1_160' title='bbox 1025 1919 1090 1984; x_wconf 80' lang='lat' dir='ltr'><strong>vir-</strong></span> 
     </span>
     <span class='ocr_line' id='line_1_17' title="bbox 60 2023 1090 2113; baseline 0.003 -25"><span class='ocrx_word' id='word_1_161' title='bbox 60 2024 137 2110; x_wconf 78' lang='lat' dir='ltr'><strong>gine</strong></span> <span class='ocrx_word' id='word_1_162' title='bbox 152 2023 311 2090; x_wconf 87' lang='lat' dir='ltr'><strong>hominem</strong></span> <span class='ocrx_word' id='word_1_163' title='bbox 329 2024 370 2089; x_wconf 90' lang='lat' dir='ltr'><strong>de</strong></span> <span class='ocrx_word' id='word_1_164' title='bbox 387 2023 487 2089; x_wconf 83' lang='lat' dir='ltr'><strong>Patris</strong></span> <span class='ocrx_word' id='word_1_165' title='bbox 504 2025 551 2089; x_wconf 90' lang='lat' dir='ltr'><strong>sui</strong></span> <span class='ocrx_word' id='word_1_166' title='bbox 569 2024 730 2090; x_wconf 80' lang='lat' dir='ltr'><strong>voluntate</strong></span> <span class='ocrx_word' id='word_1_167' title='bbox 746 2026 832 2091; x_wconf 77' lang='lat' dir='ltr'><strong>nesci</strong></span> <span class='ocrx_word' id='word_1_168' title='bbox 847 2035 880 2090; x_wconf 85' lang='lat' dir='ltr'><strong>et</strong></span> <span class='ocrx_word' id='word_1_169' title='bbox 895 2023 1039 2113; x_wconf 79' lang='lat' dir='ltr'><strong>oruoiiigi</strong></span> <span class='ocrx_word' id='word_1_170' title='bbox 1056 2037 1090 2091; x_wconf 87' lang='lat' dir='ltr'><strong>et</strong></span> 
     </span>
     <span class='ocr_line' id='line_1_18' title="bbox 60 2131 1089 2220; baseline 0.002 -24"><span class='ocrx_word' id='word_1_171' title='bbox 60 2133 145 2197; x_wconf 90' lang='lat' dir='ltr'><strong>mori</strong></span> <span class='ocrx_word' id='word_1_172' title='bbox 163 2155 227 2198; x_wconf 88' lang='lat' dir='ltr'><strong>non</strong></span> <span class='ocrx_word' id='word_1_173' title='bbox 247 2133 411 2220; x_wconf 76' lang='lat' dir='ltr'><strong>refugisse,</strong></span> <span class='ocrx_word' id='word_1_174' title='bbox 430 2154 469 2198; x_wconf 85' lang='lat' dir='ltr'><strong>oe</strong></span> <span class='ocrx_word' id='word_1_175' title='bbox 487 2144 594 2220; x_wconf 84' lang='lat' dir='ltr'><strong>postea</strong></span> <span class='ocrx_word' id='word_1_176' title='bbox 614 2131 761 2198; x_wconf 83' lang='lat' dir='ltr'><strong>videlicet</strong></span> <span class='ocrx_word' id='word_1_177' title='bbox 778 2133 983 2198; x_wconf 81' lang='lat' dir='ltr'><strong>resurrexisse</strong></span> <span class='ocrx_word' id='word_1_178' title='bbox 1002 2143 1036 2198; x_wconf 90' lang='lat' dir='ltr'><strong>et</strong></span> <span class='ocrx_word' id='word_1_179' title='bbox 1057 2133 1089 2198; x_wconf 90' lang='lat' dir='ltr'><strong>in</strong></span> 
     </span>
     <span class='ocr_line' id='line_1_19' title="bbox 57 2239 723 2316; baseline -0.003 -10"><span class='ocrx_word' id='word_1_180' title='bbox 57 2239 178 2306; x_wconf 83' lang='lat' dir='ltr'><strong>coeium</strong></span> <span class='ocrx_word' id='word_1_181' title='bbox 192 2241 385 2316; x_wconf 77' lang='lat' dir='ltr'><strong>ascendisse,</strong></span> <span class='ocrx_word' id='word_1_182' title='bbox 402 2239 452 2306; x_wconf 81' lang='lat' dir='ltr'><strong>iso</strong></span> <span class='ocrx_word' id='word_1_183' title='bbox 466 2251 502 2304; x_wconf 88' lang='lat' dir='ltr'><strong>ut</strong></span> <span class='ocrx_word' id='word_1_184' title='bbox 517 2241 723 2306; x_wconf 85' lang='lat' dir='ltr'><strong>demonstres.</strong></span> 
     </span>
    </p>

    <p class='ocr_par' dir='ltr' id='par_1_5' title="bbox 59 2347 1101 3733">
     <span class='ocr_line' id='line_1_20' title="bbox 101 2347 1090 2438; baseline 0.001 -23"><span class='ocrx_word' id='word_1_185' title='bbox 101 2349 157 2415; x_wconf 88' lang='lat' dir='ltr'><strong>Sio</strong></span> <span class='ocrx_word' id='word_1_186' title='bbox 170 2373 231 2438; x_wconf 79' lang='lat' dir='ltr'><strong>ego</strong></span> <span class='ocrx_word' id='word_1_187' title='bbox 246 2347 418 2438; x_wconf 77' lang='lat' dir='ltr'><strong>respondi:</strong></span> <span class='ocrx_word' id='word_1_188' title='bbox 441 2349 479 2414; x_wconf 89' lang='lat' dir='ltr'><strong>id</strong></span> <span class='ocrx_word' id='word_1_189' title='bbox 497 2349 562 2436; x_wconf 81' lang='lat' dir='ltr'><strong>jem</strong></span> <span class='ocrx_word' id='word_1_190' title='bbox 580 2372 598 2414; x_wconf 83' lang='lat' dir='ltr'><strong>e</strong></span> <span class='ocrx_word' id='word_1_191' title='bbox 614 2372 665 2414; x_wconf 90' lang='lat' dir='ltr'><strong>me</strong></span> <span class='ocrx_word' id='word_1_192' title='bbox 681 2348 830 2415; x_wconf 79' lang='lat' dir='ltr'><strong>effectum</strong></span> <span class='ocrx_word' id='word_1_193' title='bbox 849 2362 908 2426; x_wconf 88' lang='lat' dir='ltr'><strong>est,</strong></span> <span class='ocrx_word' id='word_1_194' title='bbox 928 2350 1034 2427; x_wconf 83' lang='lat' dir='ltr'><strong>oriri,</strong></span> <span class='ocrx_word' id='word_1_195' title='bbox 1050 2374 1090 2416; x_wconf 87' lang='lat' dir='ltr'><strong>ex</strong></span> 
     </span>
     <span class='ocr_line' id='line_1_21' title="bbox 59 2455 1089 2546; baseline 0 -24"><span class='ocrx_word' id='word_1_196' title='bbox 59 2459 293 2546; x_wconf 74' lang='lat' dir='ltr'><strong>Prophetarum</strong></span> <span class='ocrx_word' id='word_1_197' title='bbox 310 2457 426 2530; x_wconf 80' lang='lat' dir='ltr'><strong>verbis,</strong></span> <span class='ocrx_word' id='word_1_198' title='bbox 441 2477 512 2542; x_wconf 82' lang='lat' dir='ltr'><strong>quae</strong></span> <span class='ocrx_word' id='word_1_199' title='bbox 523 2456 588 2541; x_wconf 84' lang='lat' dir='ltr'><strong>jem</strong></span> <span class='ocrx_word' id='word_1_200' title='bbox 603 2455 732 2522; x_wconf 80' lang='lat' dir='ltr'><strong>recitato</strong></span> <span class='ocrx_word' id='word_1_201' title='bbox 747 2459 863 2524; x_wconf 85' lang='lat' dir='ltr'><strong>iterum</strong></span> <span class='ocrx_word' id='word_1_202' title='bbox 879 2467 980 2524; x_wconf 78' lang='lat' dir='ltr'><strong>vestre</strong></span> <span class='ocrx_word' id='word_1_203' title='bbox 996 2481 1089 2524; x_wconf 76' lang='lat' dir='ltr'><strong>eausa</strong></span> 
     </span>
     <span class='ocr_line' id='line_1_22' title="bbox 62 2562 1092 2653; baseline 0 -23"><span class='ocrx_word' id='word_1_204' title='bbox 62 2565 198 2632; x_wconf 73' lang='lat' dir='ltr'><strong>referens</strong></span> <span class='ocrx_word' id='word_1_205' title='bbox 215 2577 249 2630; x_wconf 85' lang='lat' dir='ltr'><strong>et</strong></span> <span class='ocrx_word' id='word_1_206' title='bbox 267 2562 441 2653; x_wconf 78' lang='lat' dir='ltr'><strong>explicans,</strong></span> <span class='ocrx_word' id='word_1_207' title='bbox 458 2564 648 2651; x_wconf 76' lang='lat' dir='ltr'><strong>persuadere</strong></span> <span class='ocrx_word' id='word_1_208' title='bbox 663 2566 751 2631; x_wconf 84' lang='lat' dir='ltr'><strong>vohis</strong></span> <span class='ocrx_word' id='word_1_209' title='bbox 766 2567 905 2634; x_wconf 75' lang='lat' dir='ltr'><strong>conabor</strong></span> <span class='ocrx_word' id='word_1_210' title='bbox 923 2578 958 2630; x_wconf 92' lang='lat' dir='ltr'><strong>ut</strong></span> <span class='ocrx_word' id='word_1_211' title='bbox 977 2565 1011 2630; x_wconf 92' lang='lat' dir='ltr'><strong>in</strong></span> <span class='ocrx_word' id='word_1_212' title='bbox 1029 2566 1092 2630; x_wconf 89' lang='lat' dir='ltr'><strong>hoo</strong></span> 
     </span>
     <span class='ocr_line' id='line_1_23' title="bbox 59 2656 1093 2760; baseline -0.002 -24"><span class='ocrx_word' id='word_1_213' title='bbox 59 2695 185 2760; x_wconf 80' lang='lat' dir='ltr'><strong>quoque</strong></span> <span class='ocrx_word' id='word_1_214' title='bbox 200 2671 284 2736; x_wconf 89' lang='lat' dir='ltr'><strong>mihi</strong></span> <span class='ocrx_word' id='word_1_215' title='bbox 299 2669 523 2736; x_wconf 76' lang='lat' dir='ltr'><strong>assentiamini.</strong></span> <span class='ocrx_word' id='word_1_216' title='bbox 544 2668 641 2748; x_wconf 92' lang='lat' dir='ltr'><strong>Quod</strong></span> <span class='ocrx_word' id='word_1_217' title='bbox 655 2671 750 2760; x_wconf 81' lang='lat' dir='ltr'><strong>igitur</strong></span> <span class='ocrx_word' id='word_1_218' title='bbox 764 2656 842 2736; x_wconf 88' lang='lat' dir='ltr'><strong>dicit</strong></span> <span class='ocrx_word' id='word_1_219' title='bbox 856 2672 962 2736; x_wconf 76' lang='lat' dir='ltr'><strong>Esaias</strong></span> <span class='ocrx_word' id='word_1_220' title='bbox 977 2692 985 2734; x_wconf 73' lang='grc' dir='ltr'><strong><em>ε</em></strong></span> <span class='ocrx_word' id='word_1_221' title='bbox 1003 2670 1093 2735; x_wconf 82' lang='lat' dir='ltr'><strong>«Ge-</strong></span> 
     </span>
     <span class='ocr_line' id='line_1_24' title="bbox 61 2777 1093 2866; baseline 0.002 -26"><span class='ocrx_word' id='word_1_222' title='bbox 61 2814 71 2840; x_wconf 83' lang='lat'>.</span> <span class='ocrx_word' id='word_1_223' title='bbox 86 2780 287 2846; x_wconf 75' lang='lat' dir='ltr'><strong>perationem</strong></span> <span class='ocrx_word' id='word_1_224' title='bbox 303 2779 372 2866; x_wconf 77' lang='lat' dir='ltr'><strong>ejus</strong></span> <span class='ocrx_word' id='word_1_225' title='bbox 387 2778 457 2866; x_wconf 84' lang='lat' dir='ltr'><strong>quis</strong></span> <span class='ocrx_word' id='word_1_226' title='bbox 471 2777 652 2846; x_wconf 77' lang='lat' dir='ltr'><strong>enarrabit?</strong></span> <span class='ocrx_word' id='word_1_227' title='bbox 671 2780 743 2866; x_wconf 85' lang='lat' dir='ltr'><strong>quin</strong></span> <span class='ocrx_word' id='word_1_228' title='bbox 764 2777 884 2844; x_wconf 82' lang='lat' dir='ltr'><strong>tollitur</strong></span> <span class='ocrx_word' id='word_1_229' title='bbox 899 2801 916 2844; x_wconf 77' lang='lat' dir='ltr'><strong>e</strong></span> <span class='ocrx_word' id='word_1_230' title='bbox 931 2791 1016 2843; x_wconf 83' lang='lat' dir='ltr'><strong>terra</strong></span> <span class='ocrx_word' id='word_1_231' title='bbox 1031 2777 1093 2842; x_wconf 78' lang='lat' dir='ltr'><strong>rito</strong></span> 
     </span>
     <span class='ocr_line' id='line_1_25' title="bbox 63 2885 1096 2976; baseline -0.004 -22"><span class='ocrx_word' id='word_1_232' title='bbox 63 2889 190 2976; x_wconf 47' lang='lat' dir='ltr'><strong>sajus&amp;</strong></span> <span class='ocrx_word' id='word_1_233' title='bbox 203 2917 218 2950; x_wconf 78' lang='lat' dir='ltr'><strong>s</strong></span> <span class='ocrx_word' id='word_1_234' title='bbox 233 2911 276 2953; x_wconf 83' lang='lat' dir='ltr'><strong>sn</strong></span> <span class='ocrx_word' id='word_1_235' title='bbox 294 2911 361 2954; x_wconf 89' lang='lat' dir='ltr'><strong>non</strong></span> <span class='ocrx_word' id='word_1_236' title='bbox 375 2887 433 2952; x_wconf 88' lang='lat' dir='ltr'><strong>tibi</strong></span> <span class='ocrx_word' id='word_1_237' title='bbox 452 2910 492 2953; x_wconf 89' lang='lat' dir='ltr'><strong>oo</strong></span> <span class='ocrx_word' id='word_1_238' title='bbox 508 2887 629 2954; x_wconf 84' lang='lat' dir='ltr'><strong>dietum</strong></span> <span class='ocrx_word' id='word_1_239' title='bbox 645 2889 781 2962; x_wconf 86' lang='lat' dir='ltr'><strong>videtur,</strong></span> <span class='ocrx_word' id='word_1_240' title='bbox 802 2887 888 2974; x_wconf 90' lang='lat' dir='ltr'><strong>quod</strong></span> <span class='ocrx_word' id='word_1_241' title='bbox 903 2887 956 2974; x_wconf 93' lang='lat' dir='ltr'><strong>qui</strong></span> <span class='ocrx_word' id='word_1_242' title='bbox 973 2888 1014 2951; x_wconf 93' lang='lat' dir='ltr'><strong>oh</strong></span> <span class='ocrx_word' id='word_1_243' title='bbox 1033 2885 1096 2952; x_wconf 92' lang='lat' dir='ltr'><strong>ini-</strong></span> 
     </span>
     <span class='ocr_line' id='line_1_26' title="bbox 64 2994 1095 3086; baseline -0.004 -24"><span class='ocrx_word' id='word_1_244' title='bbox 64 2998 196 3084; x_wconf 74' lang='lat' dir='ltr'><strong>quitates</strong></span> <span class='ocrx_word' id='word_1_245' title='bbox 210 2994 323 3086; x_wconf 89' lang='lat' dir='ltr'><strong>popuii</strong></span> <span class='ocrx_word' id='word_1_246' title='bbox 340 2997 371 3062; x_wconf 91' lang='lat' dir='ltr'><strong>in</strong></span> <span class='ocrx_word' id='word_1_247' title='bbox 385 3007 522 3062; x_wconf 83' lang='lat' dir='ltr'><strong>mortem</strong></span> <span class='ocrx_word' id='word_1_248' title='bbox 537 3019 556 3060; x_wconf 81' lang='lat' dir='ltr'><strong>a</strong></span> <span class='ocrx_word' id='word_1_249' title='bbox 570 2997 639 3062; x_wconf 90' lang='lat' dir='ltr'><strong>Deo</strong></span> <span class='ocrx_word' id='word_1_250' title='bbox 654 2996 789 3060; x_wconf 78' lang='lat' dir='ltr'><strong>traditus</strong></span> <span class='ocrx_word' id='word_1_251' title='bbox 805 2996 934 3071; x_wconf 85' lang='lat' dir='ltr'><strong>dieitur,</strong></span> <span class='ocrx_word' id='word_1_252' title='bbox 956 2997 981 3061; x_wconf 89' lang='lat' dir='ltr'><strong>is</strong></span> <span class='ocrx_word' id='word_1_253' title='bbox 993 3013 1095 3084; x_wconf 79' lang='lat' dir='ltr'><strong>genus</strong></span> 
     </span>
     <span class='ocr_line' id='line_1_27' title="bbox 69 3102 1097 3190; baseline 0.001 -26"><span class='ocrx_word' id='word_1_254' title='bbox 69 3127 108 3166; x_wconf 73' lang='lat' dir='ltr'><strong>ex</strong></span> <span class='ocrx_word' id='word_1_255' title='bbox 118 3104 302 3169; x_wconf 86' lang='lat' dir='ltr'><strong>hominihus</strong></span> <span class='ocrx_word' id='word_1_256' title='bbox 316 3125 383 3168; x_wconf 91' lang='lat' dir='ltr'><strong>non</strong></span> <span class='ocrx_word' id='word_1_257' title='bbox 397 3102 532 3170; x_wconf 80' lang='lat' dir='ltr'><strong>habent:</strong></span> <span class='ocrx_word' id='word_1_258' title='bbox 551 3103 645 3190; x_wconf 81' lang='lat' dir='ltr'><strong>nujus</strong></span> <span class='ocrx_word' id='word_1_259' title='bbox 660 3115 692 3168; x_wconf 90' lang='lat' dir='ltr'><strong>et</strong></span> <span class='ocrx_word' id='word_1_260' title='bbox 707 3102 748 3167; x_wconf 87' lang='lat' dir='ltr'><strong>do</strong></span> <span class='ocrx_word' id='word_1_261' title='bbox 762 3103 914 3190; x_wconf 73' lang='lat' dir='ltr'><strong>sunguine</strong></span> <span class='ocrx_word' id='word_1_262' title='bbox 927 3102 1041 3179; x_wconf 85' lang='lat' dir='ltr'><strong>Moses,</strong></span> <span class='ocrx_word' id='word_1_263' title='bbox 1061 3113 1097 3166; x_wconf 91' lang='lat' dir='ltr'><strong>nt</strong></span> 
     </span>
     <span class='ocr_line' id='line_1_28' title="bbox 70 3208 1096 3299; baseline 0 -23"><span class='ocrx_word' id='word_1_264' title='bbox 70 3215 138 3296; x_wconf 83' lang='lat' dir='ltr'><strong>jnm</strong></span> <span class='ocrx_word' id='word_1_265' title='bbox 149 3211 223 3286; x_wconf 80' lang='lat' dir='ltr'><strong>dixi,</strong></span> <span class='ocrx_word' id='word_1_266' title='bbox 234 3235 307 3278; x_wconf 86' lang='lat' dir='ltr'><strong>oum</strong></span> <span class='ocrx_word' id='word_1_267' title='bbox 316 3234 433 3278; x_wconf 77' lang='lat' dir='ltr'><strong>arnone</strong></span> <span class='ocrx_word' id='word_1_268' title='bbox 445 3209 640 3299; x_wconf 81' lang='lat' dir='ltr'><strong>loqueretur,</strong></span> <span class='ocrx_word' id='word_1_269' title='bbox 657 3209 809 3298; x_wconf 80' lang='lat' dir='ltr'><strong>sunguine</strong></span> <span class='ocrx_word' id='word_1_270' title='bbox 825 3233 893 3276; x_wconf 77' lang='lat' dir='ltr'><strong>uve</strong></span> <span class='ocrx_word' id='word_1_271' title='bbox 904 3233 994 3276; x_wconf 85' lang='lat' dir='ltr'><strong>suom</strong></span> <span class='ocrx_word' id='word_1_272' title='bbox 1007 3208 1096 3276; x_wconf 90' lang='lat' dir='ltr'><strong>ilium</strong></span> 
     </span>
     <span class='ocr_line' id='line_1_29' title="bbox 68 3316 1099 3407; baseline 0.004 -27"><span class='ocrx_word' id='word_1_273' title='bbox 68 3316 187 3384; x_wconf 76' lang='lat' dir='ltr'><strong>stoinm</strong></span> <span class='ocrx_word' id='word_1_274' title='bbox 201 3317 373 3386; x_wconf 76' lang='lat' dir='ltr'><strong>iuraturum</strong></span> <span class='ocrx_word' id='word_1_275' title='bbox 388 3341 457 3384; x_wconf 87' lang='lat' dir='ltr'><strong>esse</strong></span> <span class='ocrx_word' id='word_1_276' title='bbox 472 3319 549 3384; x_wconf 83' lang='lat' dir='ltr'><strong>dixit</strong></span> <span class='ocrx_word' id='word_1_277' title='bbox 555 3343 566 3391; x_wconf 83' lang='lat'>;</span> <span class='ocrx_word' id='word_1_278' title='bbox 585 3319 703 3407; x_wconf 87' lang='lat' dir='ltr'><strong>quippo</strong></span> <span class='ocrx_word' id='word_1_279' title='bbox 718 3342 793 3384; x_wconf 86' lang='lat' dir='ltr'><strong>curn</strong></span> <span class='ocrx_word' id='word_1_280' title='bbox 809 3320 879 3405; x_wconf 87' lang='lat' dir='ltr'><strong>ejus</strong></span> <span class='ocrx_word' id='word_1_281' title='bbox 895 3319 1020 3407; x_wconf 77' lang='lat' dir='ltr'><strong>sanguis</strong></span> <span class='ocrx_word' id='word_1_282' title='bbox 1035 3341 1099 3384; x_wconf 92' lang='lat' dir='ltr'><strong>non</strong></span> 
     </span>
     <span class='ocr_line' id='line_1_30' title="bbox 65 3412 1101 3516; baseline 0.003 -27"><span class='ocrx_word' id='word_1_283' title='bbox 65 3450 103 3490; x_wconf 82' lang='lat' dir='ltr'><strong>ex</strong></span> <span class='ocrx_word' id='word_1_284' title='bbox 119 3426 242 3492; x_wconf 86' lang='lat' dir='ltr'><strong>semine</strong></span> <span class='ocrx_word' id='word_1_285' title='bbox 255 3425 397 3494; x_wconf 88' lang='lat' dir='ltr'><strong>humane</strong></span> <span class='ocrx_word' id='word_1_286' title='bbox 411 3439 578 3516; x_wconf 79' lang='lat' dir='ltr'><strong>generatus</strong></span> <span class='ocrx_word' id='word_1_287' title='bbox 593 3428 645 3502; x_wconf 88' lang='lat' dir='ltr'><strong>sit,</strong></span> <span class='ocrx_word' id='word_1_288' title='bbox 662 3427 772 3492; x_wconf 77' lang='lat' dir='ltr'><strong>seder</strong></span> <span class='ocrx_word' id='word_1_289' title='bbox 791 3412 953 3492; x_wconf 75' lang='lat' dir='ltr'><strong>volunteie</strong></span> <span class='ocrx_word' id='word_1_290' title='bbox 968 3425 1036 3492; x_wconf 90' lang='lat' dir='ltr'><strong>Dei.</strong></span> <span class='ocrx_word' id='word_1_291' title='bbox 1061 3429 1101 3492; x_wconf 85' lang='lat' dir='ltr'><strong>Et</strong></span> 
     </span>
     <span class='ocr_line' id='line_1_31' title="bbox 64 3533 1101 3623; baseline 0 -23"><span class='ocrx_word' id='word_1_292' title='bbox 64 3559 135 3622; x_wconf 74' lang='lat' dir='ltr'><strong>quse</strong></span> <span class='ocrx_word' id='word_1_293' title='bbox 153 3559 172 3600; x_wconf 84' lang='lat' dir='ltr'><strong>n</strong></span> <span class='ocrx_word' id='word_1_294' title='bbox 191 3535 314 3602; x_wconf 74' lang='lat' dir='ltr'><strong>Doride</strong></span> <span class='ocrx_word' id='word_1_295' title='bbox 330 3534 413 3600; x_wconf 86' lang='lat' dir='ltr'><strong>dieta</strong></span> <span class='ocrx_word' id='word_1_296' title='bbox 429 3546 525 3600; x_wconf 81' lang='lat' dir='ltr'><strong>sunt:</strong></span> <span class='ocrx_word' id='word_1_297' title='bbox 549 3533 612 3599; x_wconf 77' lang='lat' dir='ltr'><strong>«ln</strong></span> <span class='ocrx_word' id='word_1_298' title='bbox 627 3533 848 3623; x_wconf 86' lang='lat' dir='ltr'><strong>splendoribus</strong></span> <span class='ocrx_word' id='word_1_299' title='bbox 865 3545 1048 3599; x_wconf 84' lang='lat' dir='ltr'><strong>sanctorum</strong></span> <span class='ocrx_word' id='word_1_300' title='bbox 1061 3557 1101 3600; x_wconf 86' lang='lat' dir='ltr'><strong>ex</strong></span> 
     </span>
     <span class='ocr_line' id='line_1_32' title="bbox 69 3642 1100 3733; baseline 0 -25"><span class='ocrx_word' id='word_1_301' title='bbox 69 3657 184 3710; x_wconf 73' lang='lat' dir='ltr'><strong>»utero</strong></span> <span class='ocrx_word' id='word_1_302' title='bbox 204 3655 282 3710; x_wconf 86' lang='lat' dir='ltr'><strong>ante</strong></span> <span class='ocrx_word' id='word_1_303' title='bbox 297 3643 465 3710; x_wconf 89' lang='lat' dir='ltr'><strong>luoiiorum</strong></span> <span class='ocrx_word' id='word_1_304' title='bbox 483 3645 579 3733; x_wconf 79' lang='lat' dir='ltr'><strong>genui</strong></span> <span class='ocrx_word' id='word_1_305' title='bbox 600 3656 641 3709; x_wconf 87' lang='lat' dir='ltr'><strong>te.</strong></span> <span class='ocrx_word' id='word_1_306' title='bbox 665 3643 789 3711; x_wconf 84' lang='lat' dir='ltr'><strong>Jursrit</strong></span> <span class='ocrx_word' id='word_1_307' title='bbox 810 3642 966 3711; x_wconf 89' lang='lat' dir='ltr'><strong>Dominus</strong></span> <span class='ocrx_word' id='word_1_308' title='bbox 986 3654 1018 3708; x_wconf 87' lang='lat' dir='ltr'><strong>et</strong></span> <span class='ocrx_word' id='word_1_309' title='bbox 1036 3665 1100 3709; x_wconf 88' lang='lat' dir='ltr'><strong>non</strong></span> 
     </span>
    </p>
   </div>
   <div class='ocr_carea' id='block_1_4' title="bbox 98 3881 531 3942">
    <p class='ocr_par' dir='ltr' id='par_1_6' title="bbox 98 3881 531 3942">
     <span class='ocr_line' id='line_1_33' title="bbox 98 3881 531 3942; baseline 0.007 -12"><span class='ocrx_word' id='word_1_310' title='bbox 98 3881 232 3941; x_wconf 70' lang='lat' dir='ltr'><strong>¹1mev,</strong></span> <span class='ocrx_word' id='word_1_311' title='bbox 247 3883 287 3932; x_wconf 76' lang='lat'><strong>15,</strong></span> <span class='ocrx_word' id='word_1_312' title='bbox 300 3909 331 3920; x_wconf 91' lang='lat'>-</span> <span class='ocrx_word' id='word_1_313' title='bbox 340 3883 352 3916; x_wconf 85' lang='lat'>²</span> <span class='ocrx_word' id='word_1_314' title='bbox 362 3883 428 3932; x_wconf 71' lang='lat' dir='ltr'><strong>noi.</strong></span> <span class='ocrx_word' id='word_1_315' title='bbox 441 3901 494 3942; x_wconf 82' lang='lat' dir='ltr'><strong>arn,</strong></span> <span class='ocrx_word' id='word_1_316' title='bbox 507 3885 531 3933; x_wconf 86' lang='grc'><strong>8.</strong></span> 
     </span>
    </p>
   </div>
   <div class='ocr_carea' id='block_1_5' title="bbox 0 0 1343 4596">
    <p class='ocr_par' dir='ltr' id='par_1_7' title="bbox 0 0 1343 4596">
     <span class='ocr_line' id='line_1_34' title="bbox 0 0 1343 4596; baseline 0 0"><span class='ocrx_word' id='word_1_317' title='bbox 0 0 1343 4596; x_wconf 95' lang='lat' dir='ltr'><strong> </strong></span> 
     </span>
    </p>
   </div>
  </div>
 </body>
</html>
