2648 4634
190 237 192 240 Ι
254 258 318 336 ttss
575 273 688 319 srucrr
712 273 826 318 rueres
850 275 909 316 uin.
938 271 970 313 iv

255 397 340 460 suut,
356 384 511 474 requietio
527 381 600 458 Dei,
618 383 681 450 boc
702 396 762 458 est.
785 406 932 474 reguum,
953 383 986 448 iu
1003 404 1066 470 quo
1080 381 1237 469 requiescens

255 495 353 570 bomo
373 494 425 562 iile
441 495 495 584 qui
510 495 756 583 perseveraverit
770 495 838 564 Deo
854 496 1013 567 assistere,
1025 493 1199 582 participabit
1215 493 1240 556 de

255 627 363 672 mense
381 603 450 670 Dei.

300 713 339 780 li.
354 713 394 780 Et
406 713 476 800 quie
490 735 554 778 non
567 736 623 802 per
635 713 705 780 haec
718 711 953 800 justificabatur
966 713 1075 784 homo,
1088 710 1137 775 sed
1147 711 1174 776 in
1183 713 1242 798 siguo

187 895 189 898 ,
256 825 326 890 data
349 837 422 890 suut
445 821 577 912 populo.
596 825 746 898 ostendit,
765 823 852 912 quod
871 826 935 912 ipse
954 822 1113 890 Abraham
1131 823 1186 887 siue
1203 825 1242 886 eir·

255 932 464 1006 cumcisioue,
489 943 521 996 et
551 932 618 998 siue
641 933 860 998 observatione
882 933 1102 1006 sabbatorum,
1118 956 1130 988 ι
1148 929 1243 995 credidit

254 1041 360 1116 »Deo,
380 1051 413 1106 et
438 1049 622 1128 reputatum
640 1053 688 1104 est
714 1038 758 1106 illi
777 1039 819 1106 ad
839 1040 1011 1128 justitiam,
1033 1049 1067 1104 et
1086 1038 1192 1104 amicus
1208 1037 1244 1104 te

252 1177 265 1212 ι
282 1159 411 1216 vocotus
426 1147 503 1214 θεῖ’.
522 1146 657 1212 »Sedet
674 1147 734 1214 Lot
749 1148 817 1216 sine
832 1148 1079 1216 circumcisione
1096 1145 1244 1212 mucescit

252 1257 292 1324 de
309 1257 469 1333 Sodomis,
485 1255 663 1346 percipiens
685 1255 821 1324 salutem
836 1279 854 1322 a
868 1255 947 1324 Deo.
973 1257 1056 1322 Item
1073 1255 1136 1324 Deo
1153 1254 1244 1344 placen

253 1367 320 1436 Noe
336 1389 411 1438 cum
427 1377 510 1434 esset
529 1365 784 1441 incircumcisus,
796 1367 920 1454 accepit
935 1387 1101 1432 mensuras
1112 1365 1242 1432 mendico

252 1476 367 1544 cundae
381 1474 603 1564 generationis.
619 1474 728 1540 Sedet
741 1474 854 1541 Enoch
870 1476 938 1540 siue
955 1475 1186 1544 circumcisione
1199 1471 1243 1560 pb·

252 1607 328 1652 cens
344 1583 424 1660 Deo,
440 1605 516 1650 cum
529 1594 612 1648 esset
627 1582 737 1656 bomo,
753 1581 909 1674 legatione
924 1583 968 1652 ad
985 1579 1121 1671 Angelos
1134 1581 1241 1670 surgeba·

249 1705 317 1770 tur,
330 1702 362 1758 et
373 1689 541 1758 translatus
551 1701 613 1768 est,
624 1703 657 1756 et
670 1701 876 1757 conservatur
887 1713 990 1778 usque
1002 1713 1089 1757 nunc
1105 1690 1180 1755 testis
1193 1688 1242 1774 juti

252 1803 363 1892 judicii
374 1804 431 1870 Dei
445 1824 453 1867 ε
469 1802 620 1891 quoniam
632 1797 744 1890 Angeli
759 1791 889 1888 quidem
901 1801 1088 1890 transgressi
1099 1799 1239 1868 deciderunt

252 1915 286 1980 in
303 1925 420 1980 terram
431 1913 464 1978 in
482 1910 652 2000 judicium
667 1909 765 1976 homo
775 1921 884 1976 eutem
899 1909 1045 2000 placens,
1057 1907 1199 1974 transistus
1209 1917 1239 1968 est

252 2020 441 2088 insalutem.
462 2019 575 2086 Sedet
594 2017 714 2109 reliqua
736 2030 843 2089 autem
864 2020 969 2086 omnis
986 2017 1150 2088 multitudo
1164 2031 1237 2080 mmo

252 2132 396 2220 quiante
412 2129 576 2198 Abraham
590 2128 720 2196 suerunt
735 2129 823 2220 justi,
845 2143 879 2196 et
899 2153 1016 2198 eorum
1035 2125 1235 2194 Patrisrcbttttt

251 2242 306 2332 qui
319 2253 393 2306 ante
403 2239 546 2326 Moysem
558 2239 699 2317 t'uerunt,
712 2251 745 2310 et
759 2241 826 2308 siue
841 2240 890 2307 bis
901 2263 974 2330 quse
991 2239 1135 2330 praedicta
1147 2243 1238 2306 suntet

252 2351 319 2416 sine
326 2349 395 2437 lege
402 2347 501 2436 Moysi
512 2344 779 2436 justificabantur.
791 2348 1112 2429 Quemadmodumet
1121 2338 1236 2432 ipsedep-

252 2481 301 2526 ses
313 2459 345 2524 in
355 2456 605 2524 Deuteronomio
620 2458 665 2522 ait
679 2457 719 2524 ad
730 2455 885 2548 populum
897 2479 905 2522 ι
919 2457 1102 2524 «Dominus
1112 2453 1236 2520 Debetur

252 2597 264 2632 ι
280 2576 504 2634 testamentum
516 2564 671 2654 disposuit
688 2566 723 2632 iu
740 2567 845 2633 Horeb
859 2588 867 2629 s
882 2577 916 2632 et
932 2589 1000 2636 non
1019 2565 1151 2657 patribus
1161 2555 1235 2624 restris

251 2707 264 2742 ι
281 2676 436 2768 disposuit
447 2676 602 2743 Dominus
619 2687 846 2744 testamentum
856 2677 933 2754 boc,
945 2677 1005 2744 sed
1019 2677 1062 2742 ad
1075 2672 1175 2742 rosi»

295 2785 351 2852 111.
373 2784 481 2864 Quare
496 2782 593 2874 igitur
607 2785 749 2873 patribus
765 2807 831 2852 non
849 2785 1007 2876 disposuit
1024 2784 1165 2853 Dominus
1177 2787 1238 2844 testa·

252 2892 419 2960 mentum?
434 2891 517 2971 Quia
535 2917 548 2952 a
563 2890 613 2958 tex
634 2904 762 2960 nonest
779 2893 881 2984 posita
897 2894 991 2982 justis
1004 2894 1035 2968 *ς
1058 2891 1152 2982 »justi
1164 2897 1236 2952 aruo

250 3015 355 3094 patres
367 3002 516 3068 virtutem
528 3000 678 3092 Decalogi
693 3003 907 3092 conscriptam
917 3004 1073 3072 babentes
1089 2993 1236 3068 ineordibtt

251 3123 285 3178 et
298 3111 464 3178 animabus
481 3110 558 3186 suia,
575 3109 740 3200 diligentes
755 3110 877 3180 scilicet
890 3113 996 3180 Deum
1011 3112 1064 3202 qui
1078 3110 1146 3176 fecit
1157 3125 1207 3174 eos,
1216 3109 1236 3162 et

250 3221 444 3289 abstinentes
458 3241 531 3308 erga
544 3219 725 3307 proximum
738 3221 779 3286 ab
792 3219 944 3308 injustitia
961 3245 969 3285 ε
982 3211 1188 3310 propterquod
1196 3227 1237 3273 rot

250 3333 446 3399 fuitneeesse
457 3328 686 3396 admouerieos
696 3327 1031 3419 correptoriislitteris,
1043 3319 1237 3417 quiababebttt

250 3445 285 3512 iu
300 3442 474 3532 semetipsis
497 3441 652 3529 justitiam
671 3439 774 3530 Legis.
789 3440 878 3532 §um
896 3452 1003 3508 nutem
1024 3441 1091 3508 boc
1108 3431 1204 3526 justitia
1217 3437 1238 3488 st

251 3552 393 3630 dilectio,
408 3573 479 3640 quae
494 3563 563 3616 erat
576 3571 650 3640 erge
665 3549 783 3624 Deum,
799 3549 894 3617 cessit
909 3548 941 3616 io
955 3548 1149 3619 oblivionem,
1163 3549 1189 3602 et
1199 3555 1235 3598 er

250 3667 365 3732 stincta
384 3673 467 3730 esset
487 3661 521 3728 in
536 3657 687 3748 AEgypto,
707 3660 884 3726 necessario
905 3659 991 3726 Deus
1008 3669 1126 3750 propter
1140 3646 1236 3718 multuo

249 3761 1234 3860 suamerguhominesbenevolentiamsemetipsumosteudcbttptt

283 3899 291 3934 ¹
303 3897 394 3946 taceo.
409 3914 437 3956 u,
450 3896 487 3944 ab.
500 3923 530 3934 -
540 3894 550 3928 ¹
562 3896 637 3944 Dent.
650 3911 675 3952 v,
689 3893 747 3954 ab.
757 3893 808 3934 --ι
822 3913 830 3942 r
843 3895 911 3944 Tim.
924 3913 943 3953 1,
953 3911 979 3960 9·
