2646 4628
420 227 543 272 coaraa
568 227 720 270 anassss.
1025 201 1085 286 ¹47

41 333 153 401 choro
167 357 236 401 sese
250 335 490 408 abstraxerunt;
510 334 674 424 atquibus
689 333 753 399 hoc
768 329 969 422 exploratum
991 339 1087 406 esset,

41 445 245 513 vaticinandi
260 466 377 511 munus
392 447 457 512 sion
472 443 570 512 blanci
584 443 741 511 beneficio
761 441 945 508 hominibus
960 440 1089 506 contin-

43 575 140 643 gere,
162 577 275 621 rerum
300 575 355 620 eos
373 553 504 620 demum
527 553 643 641 quibus
663 551 750 619 Deus
768 551 902 641 gratiam
919 573 1011 616 suam
1033 573 1089 616 su-

42 685 152 752 perne
175 662 354 739 immiserit,
378 662 528 729 divinitus
547 661 655 728 datam
675 661 876 751 prophetiam
896 661 1027 736 habere,
1050 681 1088 726 ac

42 783 121 837 tum
144 772 199 840 nbi
220 783 252 838 et
270 771 398 862 quando
418 771 505 838 Deus
519 769 655 836 volucrit
676 768 776 858 loqui,
798 791 863 836 non
884 781 992 835 autem
1011 790 1086 836 cum

43 881 178 950 Marcus
193 882 332 971 jusserit.
349 881 477 949 Etenim
491 880 584 971 isqui
594 881 700 970 jubet,
715 903 755 947 eo
771 880 823 947 cui
837 880 1012 970 imperatur
1022 900 1088 944 ms·

44 992 186 1081 incest,
213 1001 309 1082 atque
332 991 522 1060 anctoritate
546 991 773 1080 praestantior:
798 989 915 1079 quippe
937 1009 1013 1056 cum
1034 986 1088 1054 ille

45 1104 172 1192 praesit,
193 1104 247 1171 hic
261 1104 374 1171 subsit.
395 1101 556 1184 Quocirca
571 1105 597 1169 si
615 1101 741 1169 lllarcus
760 1109 816 1166 aut
837 1098 916 1166 alius
931 1098 1088 1188 quispiam
1136 1117 1142 1128 ·

45 1215 170 1304 estqui
184 1215 288 1304 jubet,
304 1228 341 1282 ut
355 1225 590 1283 consueverunt
603 1213 655 1279 isti
668 1212 702 1280 in
717 1211 818 1280 omnis
835 1208 909 1287 illis,
925 1232 1003 1298 quas
1023 1231 1089 1276 sor-

46 1323 139 1389 tibus
153 1324 278 1402 ineunt,
297 1348 425 1415 semper
438 1324 562 1400 ludere,
578 1333 674 1412 atque
696 1320 749 1388 alii
764 1319 832 1388 aliis
847 1331 883 1386 ut
896 1319 1089 1409 prophetent

49 1431 224 1521 imperare,
241 1446 517 1524 consentaneaque
535 1433 761 1524 cupiditatibus
781 1432 845 1499 suis
860 1429 1007 1497 vaticinia
1029 1427 1090 1494 sibi

48 1542 127 1630 ipsis
149 1543 258 1622 edera,
283 1545 436 1612 nimirum
452 1545 477 1612 is
492 1546 547 1634 qui
561 1546 667 1634 jubet,
684 1543 873 1610 homocum
894 1539 948 1616 sit,
966 1539 1089 1626 majore

47 1652 241 1720 auctoritate
257 1655 408 1744 praeditus
424 1654 486 1720 erit
503 1676 600 1744 quam
612 1653 747 1743 Spiritus
759 1665 887 1718 sanctus
900 1674 909 1717 r
923 1649 1011 1739 qnod
1022 1648 1089 1738 qui·

48 1761 125 1828 dem
141 1761 211 1829 lieri
222 1785 287 1830 non
301 1774 416 1853 potest.
431 1761 551 1830 Verum
563 1763 748 1852 hujusmodi
759 1762 900 1851 spiritua,
916 1761 1032 1851 quibus
1043 1757 1090 1824 illi

48 1872 222 1959 imperant,
244 1871 362 1960 quique
381 1873 422 1938 ad
437 1894 550 1938 eorum
569 1869 685 1938 nritum
704 1872 934 1959 arbitriumque
949 1869 1090 1958 loquun-

50 1993 118 2057 tur,
130 1979 249 2046 infirmi
259 1979 304 2046 illi
314 1981 447 2072 quidem
457 1981 671 2050 etimbecilles
683 1993 773 2057 sunt:
788 1995 940 2050 caeterum
952 1981 1088 2048 audaces

51 2102 85 2157 et
98 2090 313 2178 impudentes,
329 2115 347 2158 a
363 2091 480 2159 Satana
491 2094 578 2160 missi
588 2094 629 2158 ad
640 2115 695 2158 eos
707 2094 740 2161 in
752 2092 897 2158 incudem
909 2103 941 2158 et
956 2091 1089 2158 exitium

51 2197 261 2288 impellendos
281 2198 336 2288 qui
353 2197 452 2266 iidem
468 2223 552 2277 eam,
570 2222 667 2289 quam
678 2200 719 2266 ah
729 2199 870 2268 Ecclesia
887 2199 1026 2289 primum
1038 2221 1090 2267 ac·

52 2321 221 2398 ceperunt,
236 2307 364 2375 firmam
379 2331 418 2376 ac
432 2320 577 2399 vegetam
593 2309 840 2399 haudquaquam
854 2318 995 2375 tuentur.

98 2418 195 2497 Quod
205 2431 313 2485 autem
323 2417 983 2508 blancusamatoriaquaedametillcctantia
995 2419 1088 2508 phar·

52 2545 142 2592 maca
166 2524 247 2614 (quo
266 2525 413 2594 videlicet
428 2549 539 2593 aarum
548 2551 678 2618 quoque
689 2529 877 2619 corporibus
888 2528 1044 2618 probrum
1055 2539 1088 2594 et

53 2634 281 2702 contumeliam
301 2636 449 2727 inierat),
469 2638 496 2705 si
517 2662 583 2705 non
598 2640 761 2716 omnibus,
777 2650 912 2704 atcerte
927 2636 1088 2703 nonnullis

52 2741 203 2811 adbibere
218 2743 332 2823 soleat,
348 2746 492 2836 ipsaemet
513 2771 609 2836 saepe,
625 2747 758 2814 eumad
776 2747 834 2813 Dei
853 2744 1029 2814 Ecclesiam
1040 2769 1090 2811 ra-

52 2851 195 2930 diissent,
211 2855 363 2922 confessae
378 2868 466 2932 sunt,
483 2879 580 2944 seque
598 2877 732 2945 corpore
747 2857 788 2920 ab
803 2878 842 2921 co
857 2855 1088 2922 contaminatas

52 2961 159 3038 luisse,
182 2965 328 3052 miroque
347 2965 445 3053 ipsius
466 2987 575 3032 amore
596 2967 773 3032 exarsisse:
792 2965 872 3032 adeo
892 2978 929 3031 nt
951 2966 1086 3033 Asianus

54 3070 149 3136 etiam
164 3071 293 3159 quidam
316 3095 356 3138 ex
369 3073 484 3139 nostris
507 3072 672 3150 diaconus,
690 3097 765 3140 cum
786 3097 862 3140 eum
876 3075 1014 3164 hospitio
1035 3099 1087 3142 ex-

54 3178 201 3266 cepisset.
216 3177 249 3244 in
265 3177 349 3246 hanc
364 3178 577 3246 calamitatem
593 3181 749 3248 inciderit.
768 3181 869 3271 lpsins
888 3183 975 3252 enim
992 3207 1084 3261 uxor,

56 3285 202 3378 singulari
224 3286 463 3376 pulchritudine
478 3289 609 3367 femina,
626 3302 695 3358 tum
716 3291 836 3368 animo,
859 3305 930 3358 tum
953 3315 1088 3383 corpore

53 3397 167 3465 abhoc
181 3419 275 3487 mago
290 3411 441 3489 corrupta
455 3411 515 3478 est,
539 3423 679 3490 cumque
693 3425 769 3468 cum
780 3402 894 3491 perdiu
912 3415 1021 3470 secuta
1040 3429 1088 3472 es·

55 3521 114 3585 set,
128 3519 236 3598 postes
251 3531 317 3576 non
331 3509 399 3577 sinc
413 3533 529 3601 magno
540 3510 649 3578 labore
660 3536 679 3577 a
689 3513 840 3580 fratribus
851 3537 1015 3592 conversa,
1028 3540 1087 3606 per

55 3643 147 3687 omne
161 3617 320 3707 reliquum
335 3621 407 3690 vita
422 3634 547 3711 tempus
562 3623 736 3690 admissum
747 3623 851 3692 scelus
863 3624 1007 3692 confiteri
1020 3650 1086 3696 non

56 3729 183 3806 destitit,
203 3729 308 3800 labem
329 3755 413 3808 eam,
435 3757 505 3844 qpa·
527 3735 556 3800 ei
578 3758 596 3801 a
617 3757 710 3825 mago
733 3735 904 3813 acciderat,
921 3735 1085 3828 lugensac

56 3839 198 3932 lacrymis
213 3863 417 3932 prosequens.
