2772 4620
236 317 238 328 '
304 325 454 370 oranoous
478 323 540 369 otu
564 323 727 367 raranoas
750 322 866 366 sonno.
1039 297 1102 375 hus

64 455 134 498 non
150 431 317 498 assentior.
332 430 397 497 Sed
408 432 433 496 si
445 431 488 496 oh
503 430 601 496 animi
613 428 831 496 infirmitatem
842 427 937 492 eham
949 445 1106 514 ‹quatacum-¹
1127 473 1130 476 -

65 565 132 628 que
146 563 234 607 nuno
253 551 386 630 possunt
400 563 440 604 en
453 539 491 606 iis
507 563 578 628 quae
593 563 611 604 a
625 537 712 604 Mose
729 551 861 628 propter
871 535 1022 602 duritiam
1037 555 1107 600 eor·

66 649 118 714 dis
133 647 246 738 populi
260 647 404 722 instituta
420 648 578 723 novimus,
595 668 669 713 oum
682 668 737 734 spe
751 647 784 712 in
798 646 887 712 huno
897 644 1062 711 Christum
1073 654 1107 708 et

65 770 268 826 rotomorum
283 781 321 824 ao
336 755 528 824 naturalium
543 756 671 846 justitiae
687 768 720 822 et
734 757 858 844 pietatis
872 767 1107 845 praeceptorum

66 869 295 934 observatione
310 869 503 956 conjungere
520 865 695 940 voluerint3
714 867 809 932 modo
828 887 903 933 oum
919 863 1106 931 Christianis

67 989 104 1044 et
121 975 271 1044 fidelihus
288 978 391 1043 vivore
405 998 469 1043 non
484 987 645 1051 recusent,
661 975 786 1051 neniis,
803 987 839 1039 ut
857 976 923 1063 jam
938 972 1016 1048 dixi,
1032 995 1107 1038 sua-

70 1088 173 1154 deant
192 1099 228 1152 nt
248 1086 392 1153 similiter
416 1109 455 1153 ao
474 1087 531 1175 ipsi
552 1085 839 1162 circumciduntur,
859 1097 913 1151 aut
928 1085 1057 1151 sahhata
1073 1094 1107 1148 et

68 1193 132 1259 alia
153 1194 311 1283 ejusmodi
325 1193 522 1268 custodiant3
541 1217 594 1260 eos
616 1193 835 1283 suscipiendos
849 1215 918 1258 esse
932 1205 964 1258 ot
979 1215 1054 1260 eum
1068 1192 1106 1257 iis

69 1303 218 1370 omnium
234 1319 343 1369 rerum
365 1303 636 1377 communionem,
654 1315 689 1378 at
704 1327 779 1369 cum
794 1303 977 1369 hominihus
993 1301 1107 1368 eodem

70 1413 171 1478 modo
184 1411 305 1480 affectis
320 1423 353 1479 et
370 1412 533 1488 fratribus,
550 1405 723 1478 tenendam
743 1434 812 1477 osse
831 1433 957 1477 censeo.
978 1411 1035 1476 Sin
1050 1433 1107 1476 au·
1140 1405 1142 1409 ’

70 1535 151 1598 tem,
164 1521 306 1611 Trypho,
323 1521 376 1609 qui
392 1544 432 1586 ex
446 1533 550 1586 vestro
571 1539 687 1609 genere
703 1521 736 1585 in
757 1520 845 1586 huno
861 1520 1025 1585 Christum
1040 1541 1109 1584 sese

72 1632 185 1696 dieunt
195 1633 340 1707 eredere,
351 1653 406 1696 eos
418 1631 473 1717 qni
489 1651 529 1694 ex
546 1630 693 1717 gentihus
711 1630 743 1696 in
757 1629 845 1694 hune
860 1627 1025 1694 Christum
1036 1633 1109 1696 ere-

72 1742 168 1818 dunt,
189 1742 320 1808 omnino
330 1825 332 1834 Ι
342 1739 519 1812 seeundum
534 1738 637 1827 legem
652 1763 711 1827 per
724 1739 845 1804 hlosem
860 1739 1036 1806 institutum
1052 1759 1109 1807 eo-

71 1863 150 1939 gant
165 1850 282 1925 vivero,
303 1862 359 1914 aut
372 1846 531 1936 ejusmodi
552 1848 780 1940 consuetudine
799 1850 939 1914 cumeis
958 1852 1109 1940 conjungi

74 1957 195 2032 nulium
212 1979 277 2024 non
293 1979 368 2022 sune
385 1957 444 2022 hos
458 1957 555 2021 etiam
571 1955 714 2022 similiter
723 1958 933 2045 probaverim.
954 1959 1019 2037 Qui
1034 1981 1109 2026 tero

75 2068 117 2132 nh
133 2066 179 2132 eis
193 2065 234 2130 ad
249 2064 326 2154 legis
340 2065 591 2131 observationem
607 2087 682 2131 oum
693 2063 888 2132 confessione
900 2065 933 2132 in
945 2067 1108 2134 Christum

74 2175 135 2244 Dei
150 2171 407 2268 conjungendam
421 2171 551 2240 adducti
564 2173 693 2250 fuerint,
709 2196 763 2240 ooo
778 2173 909 2242 forsitan
920 2176 1016 2242 etium
1027 2176 1109 2243 salu-

74 2299 140 2351 tem
155 2285 326 2374 adepturos
341 2285 494 2371 suspicor.
518 2284 560 2350 At
582 2283 635 2372 qui
651 2295 819 2373 postquam
838 2285 972 2352 confessi
990 2287 1108 2354 suerint

74 2407 107 2458 et
122 2393 307 2484 agnoverint
320 2393 407 2458 huno
419 2413 490 2458 οπο
505 2391 680 2469 Christum,
693 2415 894 2482 quacumque
906 2394 945 2460 de
960 2413 1055 2462 causa
1066 2397 1108 2463 ad

77 2501 154 2590 legis
168 2502 418 2568 observationem
433 2501 572 2568 traducti
592 2501 775 2592 negaverint
797 2502 888 2570 huno
906 2527 974 2570 esse
997 2506 1108 2572 Chris-

79 2625 164 2686 tum3
184 2629 245 2678 neo
267 2610 486 2701 penitentium
509 2621 582 2678 onte
603 2623 740 2677 mortem
766 2612 907 2701 egerint,
928 2612 1050 2680 nullam
1072 2617 1109 2681 iis

78 2719 210 2786 salutem
225 2721 455 2788 somersetam.
471 2721 511 2786 Et
523 2722 577 2809 qai
588 2741 628 2788 ex
639 2723 759 2788 semine
771 2721 907 2789 Ahrahas
922 2724 985 2788 orti
999 2743 1110 2792 moun·

77 2831 152 2897 dum
168 2829 270 2921 legem
292 2833 437 2906 vixerint,
454 2843 604 2897 nonanto
624 2833 696 2898 vitm
711 2821 831 2898 exitum
847 2831 880 2897 in
895 2827 984 2899 huno
1000 2833 1110 2901 Chris-

78 2955 146 3007 tum
160 2943 365 3018 crediderint,
381 2939 526 3008 similiter
539 2942 641 3008 sairos
656 2942 786 3008 minime
800 2942 940 3008 fauturos
955 2962 1023 3010 esse
1034 2963 1110 3012 onn-

80 3051 172 3117 firmo
195 3053 267 3136 (eos
286 3054 462 3141 presertim
484 3053 538 3140 qni
565 3054 598 3118 in
619 3051 785 3140 synagogis
807 3054 960 3119 exsecrati
981 3067 1055 3122 sunt
1076 3069 1110 3123 ot

83 3173 285 3226 exsecrantur
302 3162 391 3228 hono
406 3161 587 3249 Christum)
605 3183 614 3226 t
631 3160 764 3227 omnino
778 3162 864 3228 enim
879 3161 1012 3230 solutam
1024 3184 1110 3232 asso-

83 3278 266 3357 querentur,
282 3281 315 3334 et
330 3269 369 3334 ab
385 3270 466 3358 ignis
480 3269 637 3359 supplicio
649 3269 867 3337 liberarentur.
884 3263 1030 3362 Numqui
1045 3297 1111 3362 poe-
1128 3284 1134 3291 '

84 3377 248 3444 nitentium
269 3390 474 3466 peecatorum
493 3382 569 3469 ogit,
591 3405 666 3447 eum
684 3381 860 3471 benignitas
875 3394 909 3447 et
930 3382 1110 3452 humanitas

82 3488 138 3554 Dei
149 3499 183 3553 et
193 3486 389 3554 immensitas
401 3483 580 3554 divitiarum
591 3491 672 3576 ejus,
687 3491 955 3581 quemadmodum
966 3508 1024 3582 per
1034 3495 1111 3562 Eze-

84 3595 214 3665 chielem
231 3596 382 3672 dedarat,
404 3591 536 3686 perinde
551 3619 589 3664 oo
607 3599 728 3686 justum
744 3612 776 3664 et
794 3611 926 3689 peceato
948 3616 1108 3674 carentem

85 3705 187 3800 hahet¹
196 3732 205 3781 ς
224 3709 277 3795 qui
295 3720 403 3772 autem
419 3731 436 3772 a
452 3707 569 3796 pietate
585 3718 617 3773 et
631 3709 759 3795 justitian
775 3709 990 3780 observatione
1003 3715 1043 3782 ad
1057 3717 1107 3784 in-

84 3815 230 3905 justitiam
250 3829 282 3882 et
302 3816 499 3904 inspietatem
515 3816 683 3894 dolabitur,
700 3843 773 3886 oum
798 3834 832 3886 ut
853 3837 1053 3912 peccatorem
1075 3843 1109 3899 et

116 3943 122 3974 ¹
133 3943 223 3992 Enoch.
237 3961 312 4005 ιιιιι,
327 3961 364 4003 ιι,
376 3961 413 3993 ιο.
