2684 4638
276 259 338 322 288
598 275 712 338 sartura
737 273 851 318 resana
876 275 937 316 aas.
964 272 988 316 ιι

325 387 365 458 3⁰
381 387 574 482 Praecipuis
588 381 773 455 erroribus
786 379 994 464 debellatis,
1009 378 1060 450 ab
1073 377 1244 448 aliorum
1258 403 1314 458 aar.

275 496 453 570 tutatione
466 489 723 564 abstinendum
736 514 814 562 esse
828 487 1015 588 sapienter
1026 499 1209 557 annotat.
1313 479 1314 498 ¹

319 711 359 776 Et
373 708 413 775 de
425 730 464 773 eo
475 707 605 795 quidem
615 707 640 782 ¹,
656 706 744 796 quad
755 707 795 772 sit
807 705 916 794 regala
928 706 1080 793 ipsorum
1093 703 1234 768 infirma
1246 707 1302 770 eti·

275 817 408 894 stabilis,
420 817 527 884 adhuc
538 817 635 883 etiam
646 829 678 882 et
689 839 782 893 vana,
795 815 959 884 sufficiunt
969 835 1044 905 quae
1057 813 1155 882 dicta
1169 829 1254 880 sunt.
1268 817 1306 882 p,

276 928 362 1016 enim
373 936 511 1015 oportet,
523 923 786 1014 quodsaletdiei,
802 924 987 991 universum
999 909 1148 990 ebibere
1159 945 1249 988 mare
1259 948 1305 988 en

277 1037 332 1126 qui
347 1032 421 1100 velit
441 1033 564 1100 discere
587 1033 737 1120 quoniam
755 1054 837 1122 aqua
858 1033 929 1121 ejus
945 1031 1028 1098 salsa
1043 1044 1110 1098 est.
1137 1031 1211 1098 Sed
1225 1057 1305 1121 qaen-

277 1145 452 1212 admadum
470 1153 572 1210 statua
591 1142 631 1208 de
649 1140 717 1207 luto
732 1141 827 1218 secu,
847 1141 988 1210 colorata
1005 1155 1129 1208 autem
1152 1143 1296 1231 superbo·

278 1266 313 1320 ut
327 1265 459 1343 putetur
473 1269 569 1318 aurea
584 1273 652 1318 csse
668 1275 739 1340 quae
754 1251 795 1318 sit
809 1249 907 1330 lutea,
924 1251 1137 1341 quicumque
1151 1253 1301 1342 accipirta‘

278 1387 314 1430 ea
328 1360 517 1454 particulam
532 1355 812 1449 qualemcumque,
828 1372 861 1426 et
875 1361 1068 1450 emporiens
1086 1362 1267 1428 ostenderit
1278 1363 1292 1427 l.

278 1486 360 1550 tum,
378 1471 526 1540 liberabit
536 1495 591 1541 eos
604 1471 659 1559 qui
675 1472 840 1538 veritatem
857 1485 1041 1559 quaranta
1058 1471 1287 1564 salsaopinioa

278 1583 393 1652 eodem
408 1583 505 1649 modo
521 1589 557 1647 et*
567 1604 625 1648 nos
637 1605 702 1648 noa
718 1580 878 1650 modicam
888 1593 1029 1671 partem,
1043 1582 1110 1650 sed
1124 1607 1168 1650 os
1185 1607 1252 1672 qun
1261 1611 1289 1650 n·

280 1694 415 1761 maxims
433 1691 628 1770 continentia
645 1689 762 1780 regulas
779 1692 933 1781 ipsorum,
952 1691 1167 1761 resolventes
1187 1697 1292 1785 capim

280 1803 429 1870 omnibus
443 1811 599 1890 quotquot
614 1821 678 1866 noa
690 1799 948 1894 seduciscientes
959 1800 1095 1878 volunt,
1114 1799 1211 1891 quod
1224 1815 1290 1869 esta·

281 1937 390 2002 quam,
411 1925 445 1979 et
466 1910 625 1986 dolosum,
651 1922 685 1976 et
710 1911 939 1988 seductorium,
963 1923 997 1978 et
1022 1915 1292 2002 perniciosam

281 2025 389 2094 schola
401 2047 526 2101 eorum,
541 2025 596 2115 qui
611 2037 685 2092 sunt
700 2047 717 2090 a
733 2023 915 2103 Valentino,
931 2037 963 2092 et
977 2049 996 2094 a
1012 2025 1163 2116 reliquis
1178 2029 1295 2095 Ιιειτιὶιι

282 2158 368 2213 rum,
390 2147 548 2224 quotquot
566 2135 789 2226 Demiurgum,
804 2138 837 2204 id
854 2151 915 2215 est,
933 2138 1183 2208 fabricatorem
1198 2155 1225 2208 et
1236 2142 1295 2206 licto

282 2273 350 2316 aem
362 2247 460 2336 hujus
471 2248 695 2324 universitatis,
712 2247 814 2316 solam
825 2251 1012 2317 existentem
1023 2249 1149 2320 Deum
1162 2252 1228 2320 malr
1237 2265 1294 2316 tnr-

278 2369 364 2435 tant,
379 2357 589 2434 ostendimus,
609 2356 827 2425 dissolubilem
842 2382 954 2425 eorum
970 2361 1057 2426 viam
1073 2364 1291 2430 manifestantes

321 2468 409 2547 ‚Quis
419 2467 505 2532 enim
515 2469 643 2532 sensam
654 2465 789 2544 habeas,
801 2482 834 2535 et
844 2469 982 2536 veritatis
993 2468 1044 2537 rel
1056 2474 1293 2542 modicunattis

283 2601 373 2668 geas,
385 2575 553 2642 sustinebit
564 2575 718 2654 dicentes,
729 2599 825 2668 super
834 2577 1043 2669 Demiurgum
1054 2581 1176 2651 Deum
1186 2581 1293 2651 esserls

285 2711 357 2752 rum
374 2685 521 2752 Patrem:
536 2697 570 2752 et
579 2682 716 2752 alterum
727 2686 859 2776 quidem
869 2711 937 2754 esse
948 2687 1190 2780 Monogenem,
1203 2677 1292 2760 ban

284 2807 392 2862 autem
403 2793 548 2862 Verbum
558 2795 630 2872 Dei,
643 2817 740 2883 quem
752 2808 785 2863 et
796 2797 829 2864 in
841 2796 1100 2866 deminoratione
1111 2803 1294 2869 emissent

285 2915 387 2971 cunt:
405 2901 542 2970 altarum
556 2915 664 2970 autem
681 2903 857 2982 Christum,
874 2927 971 2995 quem
983 2919 1016 2974 et
1027 2913 1246 2998 posteriorem
1257 2909 1295 2978 nl-

285 3015 357 3102 quis
374 3012 530 3080 AEoaibus
547 3035 623 3080 curn
642 3011 763 3104 Spiritu
782 3030 891 3084 sancta
909 3017 1029 3084 sactum
1047 3043 1120 3086 esse
1141 3022 1297 3090 dicuut:e

286 3111 428 3192 alterum'
444 3122 653 3200 saltatorem,
677 3147 772 3212 quem
794 3150 834 3194 ae
854 3151 873 3194 a
893 3125 985 3196 Patre
1005 3129 1140 3217 quidem
1163 3135 1300 3202 universo

288 3257 373 3309 rum,
390 3233 446 3300 sed
461 3234 501 3299 ab
517 3233 566 3300 his
583 3233 637 3321 qui
652 3233 685 3300 in
701 3235 954 3305 deminoratione
966 3237 1039 3306 facti
1056 3254 1147 3319 sunt,
1172 3243 1301 3312 AEenne

286 3342 440 3412 collatum
454 3356 487 3408 et
501 3355 688 3432 congestum
703 3344 826 3422 dicunt,
841 3359 875 3412 et
889 3350 1065 3416 necessarie
1080 3366 1217 3443 propter
1231 3355 1303 3422 deni

288 3454 491 3526 aoratioaem
507 3453 682 3520 emissami
701 3465 737 3520 ut
755 3455 814 3521 nisi
835 3457 866 3523 in
882 3459 1071 3547 ignorantia,
1092 3473 1125 3528 et
1141 3463 1302 3532 deminora-

289 3565 376 3632 tione
391 3564 523 3631 iuissent
538 3561 667 3640 AEoues,
687 3565 864 3632 secundum
881 3589 935 3634 eos
954 3589 1015 3636 nec
1030 3569 1177 3640 Christus
1192 3577 1302 3642 emissa·

290 3675 412 3751 luisset,
433 3695 495 3742 neo
516 3673 651 3764 Spiritus
671 3688 812 3752 sanctus,
835 3699 894 3744 nec
912 3677 1028 3757 lloros,
1053 3705 1113 3749 aec
1134 3681 1237 3761 Soter,
1260 3709 1301 3752 aar

292 3781 417 3873 angeli,
438 3806 498 3851 aee
516 3783 616 3854 Mater
635 3785 788 3874 ipsoram,
809 3809 869 3855 nee
888 3809 996 3857 semen
1016 3791 1101 3878 ejus,
1123 3815 1182 3860 nee
1200 3795 1295 3884 reliqu

326 3911 334 3943 ¹
346 3911 409 3975 Cap.
428 3927 479 3970 ιιι,
490 3929 513 3962 ιι.
527 3913 576 3961 tter
588 3929 611 3976 9.
