2808 4688
246 243 266 306 8
589 253 727 300 sancrts
749 255 925 307 statinus,

242 388 346 448 »tate
369 367 573 443 crediturus
601 379 693 436 esset
718 361 891 460 populus,
919 369 1030 460 quem
1054 373 1278 464 comparavit

242 480 403 553 »dilecto
430 501 511 566 suo,
536 488 646 570 atque
659 485 755 556 ante
778 468 936 542 ostendit
960 473 1130 546 omnibus
1152 476 1276 566 nobis,

241 619 260 656 s
271 603 315 670 ut
336 612 411 658 non
433 589 660 656 incurramus
681 593 867 675 tamquam
882 579 1054 677 proselyti
1068 581 1114 654 ad
1127 582 1276 656 illorum

241 695 398 792 »legem
416 721 434 762 n

280 797 749 892 3⁰'Utsolvatobjectionem
757 792 1275 892 dicentinmaquiatestamen·

241 926 349 981 »tum
362 907 508 978 illorum
519 920 557 975 et
567 917 735 976 nostrum
747 900 1023 990 est‚»ostendit‚
1036 901 1173 977 foedere
1186 907 1277 979 divi·

242 1041 292 1088 no
311 1040 377 1114 per
392 1012 632 1084 idololatriam
651 1006 787 1093 soluto,
807 1005 924 1103 legem
940 1006 1143 1082 dilectionis
1155 1013 1275 1086 Chris

240 1123 350 1194 tianis
366 1133 582 1192 reservatam
600 1137 686 1188 esse.
706 1119 784 1183 Hoc
795 1136 904 1184 seusu
919 1113 1071 1211 explicat
1084 1116 1275 1213 figurative

239 1231 371 1304 factam
386 1233 546 1324 aMoyse
559 1224 766 1297 tabularum
781 1220 991 1294 fractionem
1009 1254 1017 1293 ι
1033 1253 1051 1290 c
1063 1231 1108 1295 Et
1121 1229 1276 1324 projecit

239 1365 258 1400 s
269 1326 561 1429 Moysestabulas
575 1324 732 1425 lapideas
742 1326 787 1396 de
798 1327 965 1399 manibus
974 1332 1058 1414 suis,
1070 1343 1106 1400 et
1117 1329 1276 1404 confrac-

244 1457 349 1513 »tum
364 1455 418 1514 est
431 1449 689 1512 testamentum
708 1459 852 1522 eorum,
873 1452 916 1508 ut
933 1437 1077 1510 dilectio
1092 1444 1177 1511 Jesu
1191 1467 1277 1516 con·

245 1553 436 1646 »signetur
450 1551 487 1616 in
505 1541 713 1642 praecordiis
725 1545 852 1613 vestris
864 1546 902 1612 in
916 1565 1018 1640 spem
1030 1543 1118 1615 fidei
1135 1545 1242 1620 illius.
1256 1577 1274 1617 a

290 1658 331 1740 l?
344 1653 487 1725 Veteris
504 1650 712 1721 testamenti
731 1671 899 1720 occasum
917 1673 961 1719 ex
978 1648 1135 1722 adventu
1148 1667 1185 1723 et
1199 1678 1276 1750 pas·

241 1763 344 1832 sione
359 1757 492 1830 Christi
507 1755 746 1841 demonstrat,
763 1755 906 1826 dicens:
926 1787 943 1820 α
956 1761 1033 1828 Nisi
1049 1761 1145 1828 enim
1164 1764 1277 1832 venis·

240 1897 259 1934 s
272 1883 326 1938 set
343 1870 387 1937 in·
408 1889 532 1951 carne,
550 1888 624 1961 quo
643 1859 754 1958 modo
772 1864 901 1932 servati
922 1859 1112 1935 fuissemus
1131 1891 1198 1937 nos
1216 1868 1278 1938 ho

242 2007 259 2042 n
272 1981 402 2060 mines,
420 1971 583 2043 videntes
602 1970 706 2041 eum?
724 1968 1021 2065 quandoquidem
1038 1963 1065 2040 ii
1083 1976 1145 2069 qui
1165 1975 1277 2046 solem

243 2083 387 2165 »huno
410 2078 606 2175 aliquando
631 2074 847 2162 desiturum,
873 2101 967 2174 opus
984 2103 1155 2149 manuum
1177 2084 1273 2177 ejus,

241 2189 466 2285 »aspiciunt²
498 2209 572 2256 non
605 2183 726 2254 valent
757 2183 877 2255 radios
911 2185 1006 2256 illius
1030 2186 1181 2257 obtueri.
1214 2192 1269 2257 Fi-

240 2294 339 2365 »lius
362 2297 485 2389 itaque
510 2295 577 2363 Dei
603 2289 685 2362 ideo
710 2295 748 2360 in
773 2315 881 2362 carne
902 2296 1014 2382 venit,
1030 2305 1072 2362 ut
1093 2317 1267 2364 summam

241 2431 259 2466 s
267 2404 470 2496 imponeret
488 2400 643 2495 peccatis
663 2422 808 2484 eorum,
828 2402 892 2493 qui
916 2397 962 2469 ad
984 2412 1135 2468 mortem
1153 2423 1270 2496 perse

179 2579 181 2584 ,
241 2511 343 2579 »cuti
369 2521 455 2578 sunt
480 2506 675 2604 prophetas
701 2505 807 2576 illius,
839 2509 955 2602 Igitur
978 2505 1028 2576 ob
1051 2507 1122 2577 hoc
1148 2503 1282 2604 passus'

242 2626 366 2682 nest.»
398 2616 486 2703 Quae
516 2611 664 2709 quidem
696 2613 812 2708 passio
842 2637 863 2681 a
898 2614 1086 2710 prophetis
1112 2637 1274 2709 praenun-

243 2723 345 2807 tiata,
375 2733 416 2790 ut
441 2717 571 2790 Judaeis
596 2718 820 2790 occisoribus
835 2724 957 2807 noxia,
984 2722 1034 2790 ita
1063 2719 1274 2792 Christianis

243 2823 412 2897 fidelibus
440 2825 614 2897 salutaris.
646 2823 750 2895 «Ubi
773 2849 875 2922 ergo,
904 2829 970 2914 ait,
996 2851 1064 2896 nos
1092 2830 1275 2898 renovavit

243 2965 261 3000 s
275 2957 339 3031 per
358 2937 606 3004 remissionem
625 2949 874 3031 peccatorum,
893 2933 1014 3006 effecit
1030 2949 1071 3004 ut
1082 2934 1189 3004 aliam
1206 2932 1274 3005 lor·

244 3069 260 3103 »
272 3062 369 3108 mam
389 3038 618 3126 haberemus,
632 3043 787 3111 animam
804 3058 936 3139 nempe
956 3040 1084 3138 puerili
1106 3041 1274 3130 similem;

242 3147 347 3241 »ipse
374 3147 470 3214 enirn
495 3143 703 3216 reformavit
724 3171 878 3219 nos...;.
901 3152 1027 3242 Itaque
1048 3169 1114 3216 nos
1131 3170 1274 3230 sumus,

242 3275 364 3347 »quos
384 3249 584 3321 introduxit
602 3255 638 3320 in
659 3267 791 3346 terram
808 3251 961 3340 bonam,
981 3253 1116 3323 scilicet
1132 3252 1224 3323 lacte
1239 3269 1275 3324 et

241 3392 257 3426 s
269 3361 375 3432 melle
389 3377 611 3450 manantem;
628 3391 645 3430 n
660 3377 697 3432 et
711 3378 974 3458 consequenter
990 3387 1056 3433 nos
1070 3387 1090 3431 a
1103 3365 1275 3432 servitute

241 3464 329 3559 legis
346 3472 475 3537 veteris
493 3466 667 3538 liberavit.

292 3572 335 3637 In
362 3569 515 3642 decursu
543 3577 718 3643 sermonis
743 3574 937 3671 Apostolus
963 3579 1039 3672 ipse
1061 3571 1179 3646 dicere
1200 3597 1276 3642 non

242 3689 387 3744 veretur
420 3676 610 3772 Apostolos
642 3707 658 3742 κ
683 3679 848 3749 homines
887 3683 984 3749 omni
1023 3692 1170 3774 peccato
1205 3680 1273 3746 ini-

243 3785 434 3878 nquiores,
449 3813 464 3849 a
484 3783 553 3870 vel,
569 3787 670 3880 juxta
690 3790 875 3882 antiquam
894 3791 1110 3874 versionem,
1133 3809 1277 3882 «super

242 3915 379 3964 »omne
403 3910 590 3988 peccatum
615 3909 849 3989 peccatores:
874 3923 889 3962 a
905 3919 988 3965 nam
1013 3894 1176 3985 Christus
1200 3915 1275 3962 non
