2516 4636
325 320 449 366 courus
474 319 625 364 ussurus.
929 297 991 362 did
1058 285 1063 294 ⁵

7 427 105 494 scens
123 449 133 492 2
154 427 327 502 «Domine,
347 449 388 494 ns
407 436 526 492 sessus
541 423 602 490 ius
617 399 681 492 nsi
696 425 896 511 puerunt.
912 453 925 488 .
939 424 993 492 su

7 547 31 602 it
52 535 199 625 perlecti
218 538 272 626 qui
290 559 389 612 unum
399 549 432 604 et
442 534 590 604 eumdem
602 535 719 610 Deum
734 536 776 600 ab
793 535 883 604 initio
894 559 995 625 usquo

6 645 105 712 inem
118 646 216 714 variis
232 646 489 735 dispositionibus
503 645 700 712 assistentem
715 643 857 712 humano
871 647 993 734 generi,

7 757 113 829 bunts
139 757 413 844 quemadmodum
429 756 474 822 ait
494 754 577 822 Osee
595 755 770 844 propheta:
790 756 884 845 «Ego
903 756 995 824 visio·

7 889 29 930 :s
43 865 196 956 implevi,
209 879 242 932 et
254 866 286 932 in
297 865 444 934 monibus
455 863 686 952 Prophetarum
698 862 853 934 similatus
861 887 932 932 sum
942 863 964 930 ².
975 893 988 928 s

39 996 125 1062 ergo
154 997 256 1062 usque
276 973 318 1039 ad
338 983 476 1043 mortem
499 970 700 1041 tradiderunt
720 972 840 1043 animes
865 985 997 1063 propter

11 1079 168 1169 ngelium
182 1081 315 1158 Christi,
339 1080 502 1170 quomodo
516 1091 665 1168 poterunt
678 1062 856 1148 seeundum
870 1083 998 1152 insitam

7 1189 141 1256 sionem
158 1190 342 1258 homiuibus
356 1185 466 1278 loquii
482 1187 578 1268 Quod
593 1188 700 1276 ipsum
715 1189 741 1254 si
755 1189 914 1268 iecissent,
931 1214 997 1259 nou

7 1312 144 1366 erentur
164 1325 171 1366 :
193 1300 418 1388 sedquoniam
439 1297 597 1364 contraria
625 1297 674 1364 his
691 1297 747 1385 qui
766 1322 831 1366 uon
848 1303 997 1370 assentie-

7 1422 30 1476 ιι
54 1409 184 1476 veritati
201 1409 432 1498 predicabant,
454 1405 527 1472 ideo
542 1417 576 1472 st
592 1405 674 1493 passi
691 1419 774 1474 suut.
796 1406 997 1478 Manifestum

13 1539 110 1607 ergo,
126 1519 279 1605 quonism
293 1539 358 1584 non
373 1513 637 1603 derelinquebant
653 1515 832 1594 veritatem,
851 1516 908 1584 sed
922 1539 998 1587 oum

7 1628 43 1692 ni
66 1625 187 1694 liduois
204 1625 324 1696 ludaeis
339 1638 373 1691 et
392 1623 511 1691 Graecis
526 1623 744 1712 praedicabaut
763 1649 772 1691 ε
796 1625 917 1694 ludaeis
931 1628 1000 1716 qui-

7 1759 50 1812 n,
72 1736 187 1804 desum
207 1759 283 1804 eum
302 1735 356 1823 qui
379 1736 418 1800 ab
438 1735 514 1823 ipsis
529 1733 703 1802 oruuilinua
715 1747 775 1812 est,
796 1758 866 1804 esse
882 1735 1002 1807 Filium

7 1844 28 1922 l,
55 1846 200 1933 judicem
220 1847 366 1912 virorum
389 1855 422 1910 et
444 1855 659 1922 mortuorum,
682 1867 701 1910 a
723 1842 818 1913 Patre
839 1847 1000 1937 accepisse

7 1977 118 2020 eruum
143 1975 279 2043 regnum
303 1950 469 2030 iulsrael,
492 1951 763 2040 quemadmodum
785 1954 997 2030 ostendimuss

7 2062 81 2129 aecis
96 2083 173 2130 roro
189 2081 290 2131 unum
305 2063 409 2130 Deum
427 2061 482 2150 qui
493 2060 602 2128 omnia
618 2060 709 2140 lenit.
724 2074 757 2130 et
770 2063 868 2152 hujus
883 2062 1000 2132 Filium

7 2196 75 2238 sum
91 2172 254 2240 Christum
268 2173 503 2242 annuntiantes.
615 2189 619 2198 ’

7 2281 202 2350 Manifestius
221 2295 329 2350 sutem
347 2283 411 2352 hoo
432 2280 609 2350 ostenditur
626 2305 667 2350 ex
684 2279 911 2372 Apostolorum
931 2284 1001 2374 epi·

8 2390 45 2458 »la
66 2416 163 2482 quom
185 2416 290 2483 neque
308 2394 440 2470 Judaeia,
463 2413 568 2482 neque
586 2392 718 2469 Grecis.
743 2394 800 2462 sed
818 2394 868 2465 his
886 2396 940 2482 qui
962 2419 1001 2464 ex

8 2502 121 2568 tutibus
136 2502 169 2568 in
185 2501 347 2569 Christum
363 2502 553 2579 uredehani,·
566 2501 793 2570 oonlirmautes
807 2503 906 2570 fidem
921 2504 1005 2593 ipso·

9 2635 54 2688 m,
70 2613 232 2682 miseruut.
255 2613 337 2680 cum
355 2615 442 2683 enim
457 2613 696 2684 deseendissent
710 2614 873 2702 quidemn
891 2614 1003 2681 Judaea

21 2724 234 2800 Antiochiam,
257 2725 290 2790 in
311 2748 375 2813 qua
393 2735 428 2792 et
446 2726 587 2816 primum
608 2726 753 2792 omnium
774 2707 921 2812 discipuli
941 2723 1005 2791 Do

12 2835 60 2912 ni,
71 2859 128 2924 pro
140 2835 203 2904 lide
215 2859 311 2925 quem
324 2837 358 2904 in
370 2835 498 2902 Christo
509 2835 684 2911 habebant.
694 2833 797 2900 vooati
808 2843 884 2898 sunt
896 2831 1003 2900 Chris·

10 2947 60 3021 ni,
72 2957 103 3010 et
113 2947 279 3014 suaderent
289 2948 335 3015 eia
345 2947 400 3035 qui
413 2945 616 3014 crediderant
626 2943 659 3010 in
668 2943 854 3020 Dominum.
866 2943 1001 3010 oiroum·

10 3056 48 3129 li,
61 3053 217 3143 etreliqua
228 3055 406 3132 seeundum
416 3053 508 3142 Legis
518 3053 774 3124 observationem
784 3051 957 3142 perliceret
969 3067 1002 3120 et

11 3163 180 3230 usedissent
197 3161 314 3230 Paulus
332 3173 365 3230 et
380 3161 543 3229 Bur-nohas
561 3158 814 3248 Hierosolymam
829 3162 871 3228 ad
887 3161 1003 3228 alteros

11 3269 137 3363 postolos
153 3284 283 3363 propter
300 3273 385 3341 hane
403 3272 622 3360 questionem.
641 3283 674 3340 et
694 3272 838 3340 universa
860 3270 1002 3342 Euolesio

12 3382 165 3450 ›nvenissst
183 3382 216 3450 iu
236 3405 349 3458 uuum.
368 3380 481 3449 Petrus
500 3381 580 3448 dixit
597 3381 664 3448 eise
688 3380 779 3450 ‹Viri
800 3381 925 3459 fratres,
947 3405 1002 3450 vos

12 3493 88 3563 sultis
106 3493 249 3580 quoniam
268 3515 287 3558 a
305 3490 418 3560 diebus
436 3491 572 3580 antiquis
588 3492 621 3558 in
639 3491 728 3559 robis
743 3491 828 3558 Deus
844 3491 951 3582 elegit,
969 3505 1004 3559 ut

13 3629 45 3672 ex
58 3627 109 3670 ore
121 3625 190 3682 meo
205 3603 360 3690 audirem
370 3601 489 3670 Gentes
504 3603 637 3670 verbum
653 3600 826 3692 Evangelii,
843 3614 876 3669 ot
890 3603 1003 3672 erede-

13 3727 97 3782 rent:
112 3726 141 3780 et
156 3713 259 3784 cordis
272 3713 433 3802 inspector
441 3713 528 3782 Deus
540 3713 758 3782 testimonium
769 3714 930 3803 perhibuit
941 3716 999 3792 eis.

14 3827 84 3894 dens
97 3827 136 3892 eia
150 3825 302 3914 Spiritum
317 3835 477 3904 sonetum,
494 3825 576 3893 siout
586 3836 619 3892 et
629 3824 736 3899 nohiss
751 3836 784 3890 et
794 3823 874 3894 nihil
886 3827 1002 3894 disere-

18 3954 187 4017 ¹dcl.trr‚59,
198 3980 227 3992 -
238 3950 331 4004 ’Oeen
342 3967 388 4010 xrs,
404 3967 440 4002 ιο.

648 4053 651 4060 ’
771 4039 887 4116 sd.¹
