2586 4642
465 319 588 367 corros
611 279 762 367 bonusne.
1015 349 1020 356 .
1064 291 1128 386 539

34 423 264 504 quum
285 449 367 493 unus
387 449 496 494 census
516 440 549 494 et
568 451 649 508 unus
671 433 759 518 mos)
785 427 985 504 inflexibiles,
1005 441 1038 494 et
1060 429 1128 494 sine

1 524 226 614 dicio,
239 539 294 625 qui
308 535 387 604 nibil
403 536 573 604 aliudesse
587 551 719 628 possunt
730 549 942 627 praeterquam
955 538 1041 626 quod
1052 536 1127 604 lacti

11 650 103 702 nt
112 687 132 706 .
174 645 246 714 Sic
260 659 367 714 autem
378 669 439 714 nec
454 669 549 714 suave
559 661 642 714 esset
656 649 701 714 eis
715 649 861 736 quod-est
876 649 1012 723 bonum,
1024 669 1128 734 neque

70 749 230 822 tinea
248 757 495 824 communicatio
506 757 579 833 Dei,
592 780 695 846 neque
709 779 902 846 magnopere
913 756 1127 847 appetendum

5 882 24 912 ·
45 879 227 942 num,
250 866 335 954 quod
358 865 426 931 siue
447 889 505 932 suo
527 866 655 956 proprio
678 879 782 942 motu,
805 879 837 932 et
859 877 949 942 cura,
970 878 1003 931 ct
1023 864 1127 930 studio

57 997 74 1025 ο
95 974 301 1051 venisset,
317 974 374 1040 sed
388 972 472 1040 ultro
487 985 519 1039 et
534 975 634 1041 otiose
649 974 778 1040 insitum
795 995 804 1038 a
825 974 866 1038 ita
889 987 925 1039 ut
939 985 1044 1039 essent
1060 969 1129 1038 nul-

8 1097 104 1143 us
144 1082 323 1150 momenti
340 1082 430 1159 boni,
446 1105 485 1148 eo
500 1082 586 1171 quod
606 1095 719 1148 natura
742 1082 841 1171 magis
856 1103 951 1169 quam
966 1078 1129 1148 voluntate

6 1214 17 1241 ³
38 1183 162 1255 loa
187 1191 376 1267 existerent,
398 1204 432 1257 et
453 1189 635 1258 ultroneum
656 1189 813 1258 baberent
830 1191 966 1265 bonum,
987 1188 1128 1256 sednon

4 1301 270 1368 eeundum
283 1301 471 1369 electionem
478 1326 490 1376 ς
504 1313 537 1368 et
551 1313 683 1392 propter
693 1301 757 1368 boc
768 1323 830 1367 nec
840 1299 904 1370 boc
919 1299 1023 1390 ipsum
1037 1297 1129 1366 intel-

7 1407 237 1497 figentes,
254 1411 404 1501 quonium
418 1409 590 1502 pulchrum
603 1412 645 1479 sit
660 1411 746 1501 quod
757 1413 892 1487 bonum,
905 1432 1007 1498 neque
1022 1409 1127 1476 fruen-

23 1538 112 1582 οε
145 1541 203 1585 eo.
220 1519 300 1598 Qoae
314 1519 401 1585 enim
419 1518 527 1585 fruitio
542 1519 716 1609 boniapud
731 1517 851 1606 eosqui
868 1516 1034 1606 ignoranti
1045 1516 1126 1596 Quae

10 1656 21 1679 a
44 1637 199 1693 utem
215 1626 313 1717 glorie
325 1626 374 1693 his
390 1629 443 1716 qui
459 1650 524 1694 non
539 1628 732 1694 studuerunt
746 1625 846 1692 illudi
861 1627 941 1706 Quae
956 1638 1063 1693 autem
1075 1647 1128 1692 co·

6 1760 164 1804 rom
181 1737 234 1805 bia
249 1738 302 1828 qui
318 1739 383 1805 non
398 1761 482 1816 eam,
500 1750 536 1803 ut
548 1737 693 1806 -victoros
709 1739 742 1804 in
758 1738 944 1815 certamine,
961 1735 1125 1804 consecuti

14 1848 189 1914 sunt?
625 1923 629 1932 .
1002 1865 1008 1876 ·

124 1953 205 2022 Vll.
230 1956 270 2021 Et
287 1957 417 2046 plopter
440 1958 502 2023 boc
522 1957 676 2024 Dominus
697 1956 873 2023 violentum
894 1955 972 2044 dixit
989 1975 1124 2044 regnum

30 2065 245 2132 calorum
263 2089 271 2132 :
287 2068 416 2156 «etqui
433 2066 496 2131 vim
512 2066 645 2142 faciunt,
661 2066 776 2156 inquit,
793 2065 945 2154 diripiunt
960 2063 1040 2131 illud
1056 2063 1083 2139 ’ς
1102 2091 1116 2126 ι

37 2172 146 2241 hoc
163 2186 228 2250 est,
244 2175 297 2262 qui
314 2197 389 2242 cum
402 2175 431 2240 vi
446 2185 479 2238 et
493 2197 594 2264 agona
609 2173 774 2263 vigilantes
791 2163 956 2251 instanter,
973 2173 1125 2264 diripiunt

45 2281 175 2348 illud.
193 2283 326 2372 Propter
333 2283 510 2351 bocautem
518 2297 550 2349 et
563 2283 679 2350 Paulus
691 2282 860 2374 Apostolus
870 2285 915 2350 ait
926 2284 1098 2352 Corinthiis
1112 2308 1121 2350 ε

79 2393 273 2469 «Nescitis,
290 2395 439 2482 quoniam
455 2394 488 2460 bi
511 2395 565 2482 qui
586 2395 618 2459 in
633 2395 734 2460 stadio
756 2409 902 2472 currunt,
923 2419 1033 2462 omnes
1049 2395 1123 2483 qui-

63 2533 92 2567 »
105 2503 188 2568 dem
208 2510 355 2580 currunt,
376 2502 432 2568 sed
452 2527 532 2570 unos
551 2504 666 2593 accipit
687 2505 843 2579 bravium.
865 2503 920 2572 Sic
936 2505 1068 2578 currite,
1084 2514 1122 2568 ut
1227 2569 1234 2578 ,

68 2642 92 2676 ι
110 2611 404 2701 comprehendatis.
418 2611 643 2678 Omnisoutem
653 2612 707 2700 qui
719 2613 917 2701 agonizatur,
929 2612 962 2676 in
973 2609 1122 2676 omnibus

78 2751 93 2785 ι
109 2724 281 2790 continens
295 2734 343 2788 est
361 2746 368 2786 :
387 2721 430 2788 illi
447 2719 579 2812 quidem
593 2735 628 2790 ut
643 2719 883 2811 corruptibilem
898 2719 1056 2808 accipiant
1070 2740 1122 2786 co-
1203 2765 1208 2774 -

81 2859 96 2893 ι
115 2853 242 2906 ronam,
255 2853 311 2898 nos
323 2843 430 2897 autem
446 2832 730 2922 incorruptibilem.
749 2834 817 2922 Ego
828 2844 936 2898 autem
951 2832 997 2898 sio
1012 2853 1119 2908 curro,

86 2964 183 3006 »nou
205 2942 236 3006 in
256 2942 439 3010 incertum:
458 2943 503 3011 sic
522 2967 642 3036 pugno,
665 2969 729 3010 uon
744 2942 831 3032 quusi
854 2943 1116 3045 aeremlcaedenm

85 3048 172 3114 »secl
188 3048 315 3117 lividum
330 3051 412 3117 facio
427 3073 543 3141 corpus
560 3075 681 3128 meum,
700 3063 732 3117 et
748 3051 781 3117 in
797 3051 979 3116 servitutem
997 3051 1117 3141 redigo,
1189 3109 1192 3116 .

84 3189 97 3221 ι
113 3183 154 3225 ne
169 3159 262 3237 sorte,
278 3160 346 3228 aliis
358 3162 547 3252 praedicens,
561 3163 626 3252 ipse
642 3163 795 3251 reprobus
807 3160 926 3228 efficiar
939 3159 961 3226 ².
984 3189 996 3224 o
1012 3161 1120 3227 Bonus

82 3269 179 3359 igitur
189 3272 329 3360 agonista
344 3272 385 3337 ad
399 3270 620 3360 incorruptelae
635 3293 769 3360 ugonem
785 3269 972 3337 adhortatur
984 3293 1054 3348 nos,
1071 3271 1117 3335 uti

82 3402 287 3455 coronemur,
308 3392 340 3446 et
364 3375 534 3471 pretiosam
558 3383 752 3449 arbitremur
775 3403 941 3456 coronam,
971 3380 1117 3448 videlicet

82 3514 152 3580 quae
170 3513 228 3579 per
243 3511 378 3580 ugonem
393 3491 484 3557 nobis
499 3491 686 3579 acquiritur,
703 3492 758 3557 sed
775 3513 839 3556 non
858 3489 940 3556 ultro
956 3488 1113 3588 coalitam.

82 3603 122 3668 Et
137 3614 255 3690 quanto
270 3625 328 3691 per
342 3626 476 3692 agonem
492 3603 583 3670 nobis
598 3601 738 3678 advenit,
755 3614 844 3669 tanto
859 3614 907 3667 ost
922 3601 1088 3691 pretiosior
1104 3623 1113 3665 τ

81 3723 201 3799 quanto
215 3725 323 3776 autem
335 3712 513 3800 pretiosior,
529 3723 617 3778 tanto
633 3733 703 3777 eam
720 3732 845 3798 semper
860 3708 1035 3800 diligemus.
1052 3707 1116 3774 Sed

83 3843 185 3908 neque
207 3820 352 3888 similiter
369 3821 543 3912 diliguntur
562 3844 598 3887 oo
618 3844 688 3909 quac
713 3819 795 3888 ultro
815 3820 999 3897 adveniunt,
1021 3837 1117 3904 quoru

118 3948 481 4011 ¹ttaub.n,12.-²1Cor.
497 3970 530 4012 rx,
544 3952 572 4010 ²4
584 3961 607 4000 rt
618 3967 691 4016 seqq.
