2648 4598
310 267 351 350 98
637 351 638 355 ¹
714 291 925 336 arnaracoan

310 417 379 482 queo
408 395 527 462 adscita
549 408 596 461 est
622 398 665 462 iti
695 411 875 464 constanter
896 412 1065 489 permaneat
1081 425 1131 489 qua
1147 397 1231 471 acted.

308 503 363 568 sed
374 501 506 568 multam
518 505 549 568 in
562 504 682 568 diversa
694 507 902 570 mutationem
913 506 1049 593 accipiet,
1060 528 1129 570 nunc
1137 503 1233 569 dolaalu

308 625 339 676 et
355 613 438 676 curis
453 611 612 699 dissipata,
629 631 715 678 nunc
730 614 919 678 moeraribus
930 625 962 678 et
977 613 1114 678 laboribus
1122 624 1147 677 et
1158 615 1231 682 uadit

307 732 339 784 et
353 720 467 783 exortis
479 742 516 783 ex
532 732 609 784 aestu
625 731 679 784 aut
694 721 808 808 frigore
820 721 1019 808 imtemperiis
1030 721 1165 789 tabchctu
1174 719 1232 782 laec

308 829 407 901 ribus,
424 829 566 914 quicum
582 851 677 894 carne
691 840 724 894 et
740 829 831 918 adipe
852 829 1064 902 immutantur,
1078 851 1130 892 non
1144 827 1232 912 accipia-

306 937 390 1000 tihus
405 934 590 1001 alimentum
606 949 641 1002 ut
662 939 694 1004 id
712 939 797 1026 quod
812 949 884 1002 sunt
904 947 1105 1026 permaneant
1121 934 1232 1019 Cauip'tu

308 1056 354 1109 tot
369 1067 407 1108 ac
424 1053 508 1108 tanta
531 1067 605 1111 caro
625 1049 774 1134 patiatur,
789 1043 889 1111 multo
909 1045 984 1110 haec.
995 1046 1084 1132 magis
1096 1043 1147 1132 pati
1161 1041 1232 1127 apia

306 1158 457 1222 nutritam
468 1181 507 1222 cx
522 1157 600 1222 cibis
615 1155 743 1220 minime
755 1155 1001 1244 congruentibus
1013 1175 1133 1226 carnem,
1142 1161 1233 1214 aucta·

306 1277 484 1352 gescentem
499 1276 532 1329 et
547 1265 804 1352 pinguescentcm
818 1285 857 1326 ex
871 1263 907 1327 iis
922 1283 994 1349 quae
1009 1260 1126 1347 accepit,
1136 1254 1233 1336 aunei

270 1391 273 1404 ·
306 1374 443 1438 cientem
464 1371 605 1460 quolibet
620 1370 716 1435 modo
738 1383 769 1435 ct
791 1371 989 1436 imminutam
1010 1393 1048 1433 cx
1064 1383 1233 1446 cauerauqtt

304 1483 391 1570 prius
413 1483 546 1546 diximus
568 1479 683 1568 aliqua,
705 1491 760 1543 aut
783 1481 876 1544 etiam
897 1501 935 1543 ox
953 1479 1103 1566 pluribus3
1122 1481 1233 1540 eauautu

306 1615 376 1678 quae
388 1613 405 1654 a
417 1603 528 1655 natura
544 1587 643 1653 electa
659 1598 719 1662 ost,
731 1609 863 1674 quaeque
878 1588 914 1651 iis
930 1583 1233 1670 adhaeoescit,pailaur

304 1700 400 1764 vitam
413 1710 531 1764 naturae
542 1709 769 1785 congruentem
780 1709 812 1761 et
825 1697 893 1761 vitae
905 1695 1030 1762 labores
1042 1691 1172 1780 adimplet,
1180 1687 1233 1754 salat.

303 1809 335 1872 in
355 1809 496 1897 partibus
511 1829 581 1894 quae
596 1807 637 1871 ab
654 1828 690 1870 ea
706 1803 856 1893 colligari,
874 1806 1031 1871 contineri
1051 1817 1080 1869 et
1093 1801 1165 1867 lateri
1178 1795 1232 1861 alent

301 1938 496 2004 permanere.
513 1913 559 1980 Ac
573 1913 729 2002 prolecta,
746 1935 806 1978 nec
821 1913 858 1977 iis
870 1936 939 1999 quac
955 1911 1053 1978 modo
1067 1905 1232 1994 investigatione

303 2035 339 2086 ut
356 2047 414 2112 par
436 2033 496 2098 est,
517 2021 708 2109 dijudicatis,
732 2044 791 2086 nec
808 2021 846 2084 iis
869 2043 939 2108 quae
956 2031 1067 2086 contra
1085 2017 1235 2105 disputatesut

302 2153 360 2216 per
371 2130 607 2195 concessionem
617 2129 808 2216 approbatis,
819 2151 925 2195 verum
937 2151 1008 2194 esse
1017 2122 1181 2192 demonstrari
1184 2114 1234 2203 pasl

303 2237 335 2301 id
347 2238 432 2324 quod
443 2240 481 2303 ab
495 2238 560 2302 istis
572 2238 701 2308 dicitur3
714 2259 924 2322 necunquam
936 2236 1103 2300 hominum
1110 2241 1230 2318 carpffltlffl

302 2343 369 2408 aliis
384 2344 528 2430 ejusdem
543 2356 662 2409 naturae
679 2343 864 2419 coaluerint,
881 2345 946 2408 sive
962 2329 1231 2433 imprudenedtu't*

302 2452 412 2516 fraude
424 2474 551 2516 sensum
562 2452 773 2539 praeripicnte,
783 2450 948 2538 degustent
960 2451 1000 2516 de
1013 2446 1237 2540 ejusmotupuz

303 2562 365 2626 sive
384 2583 440 2647 per
461 2583 494 2624 se
515 2561 573 2647 ipsi
594 2560 697 2646 inopia
718 2571 773 2622 aut
794 2557 912 2622 insania
931 2557 1064 2623 adducti
1084 2551 1168 2621 similis
1179 2555 1240 2610 utra

303 2669 489 2756 corporibus
513 2689 580 2732 sese
600 2666 825 2732 contaminent.
845 2665 953 2752 Neque
968 2667 1058 2732 enim
1073 2687 1124 2730 nos
1136 2662 1240 2739 lautu*

303 2778 376 2842 dam
388 2799 455 2842 esse
467 2777 499 2840 in
515 2776 652 2840 humana
666 2775 765 2839 lormu
776 2771 909 2848 belluas,
926 2787 981 2838 aut
993 2763 1244 2862 composiuahalr

303 2909 341 2949 ex
361 2885 542 2952 hominibus
563 2895 595 2948 et
609 2881 722 2947 belluis
742 2893 900 2956 naturam,
917 2879 1027 2969 quales
1049 2881 1145 2968 effingi
1160 2878 1187 2940 alt
1200 2866 1247 2932 δώ

306 2994 443 3059 claribus
458 2994 558 3079 poetis
573 2991 683 3056 solent.

344 3098 428 3164 Vlll.
448 3099 512 3164 Sed
524 3099 563 3163 dc
575 3097 759 3186 corporibus
771 3121 841 3185 qum
852 3095 930 3163 nulli
944 3097 1072 3162 animali
1087 3096 1125 3162 ad
1134 3085 1250 3160 vasoealtt

303 3207 467 3281 destinata,
489 3229 549 3272 nec
569 3205 655 3270 aliud
670 3205 849 3294 sepulcrum
870 3229 964 3292 quam
984 3219 1102 3270 terram
1122 3201 1253 3268 alanum

300 3329 421 3380 naturae
436 3317 545 3380 sortita
560 3325 645 3388 sunt,
658 3312 733 3400 quid
749 3314 860 3378 attinet
875 3315 997 3386 dicore;
1012 3337 1088 3379 cum
1099 3331 1136 3378 n'c
1146 3294 1254 3382 ultaaql

303 3424 374 3489 dam
390 3423 505 3490 animal
521 3433 644 3489 creator
658 3423 801 3510 ejusdcm
817 3422 931 3510 speciei
947 3422 1133 3488 animalibus
1145 3417 1179 3482 ad
1188 3425 1255 3478 vestrl

302 3531 379 3596 dum
395 3534 560 3607 addixerit,
577 3533 719 3619 quamvis
735 3531 766 3596 in
783 3531 971 3618 quibusdam
986 3530 1054 3596 aliis
1073 3525 1174 3594 diversi
1190 3512 1256 3609 gauri

302 3641 391 3704 cibus
406 3643 446 3706 sit
460 3642 499 3706 ad
515 3653 661 3706 naturam
675 3639 954 3706 accommodatus.l
969 3637 1002 3704 Si
1017 3661 1095 3728 ergo
1110 3639 1256 3702 demonstrat

300 3761 430 3835 possunt
453 3772 562 3816 carnes
586 3749 751 3813 hominum
772 3747 951 3814 horninibus
966 3747 1007 3811 ad
1022 3743 1197 3812 vescendum
1208 3729 1257 3798 desti

299 3864 387 3938 natas
401 3879 481 3930 csse,
507 3854 584 3921 nihil
600 3857 716 3922 vetabit
737 3857 904 3943 quominus
921 3875 988 3920 sese
1004 3854 1137 3920 invicem
1152 3839 1258 3916 comeltt'
