2630 4614
356 324 392 364 to
722 320 856 363 'i’fflssti
880 320 994 362 bimi!

348 429 506 517 genitum,
527 425 661 491 vicissim
683 427 840 491 mundum
864 436 1005 491 ausuum
1023 427 1113 512 genuit,
1128 429 1185 488 aau'

351 537 409 602 sibi
424 534 587 601 materiam
601 533 815 622 produxissets
834 535 879 600 sie
893 557 954 622 ego
970 555 1076 621 quoque
1086 532 1117 596 at
1128 533 1196 595 nus

350 645 445 712 Verbi
463 659 676 733 regeneratus,
699 654 731 710 et
749 645 889 710 veritatis
906 642 1068 709 illustratus
1082 641 1191 727 segnitiae

352 755 436 819 teriae
456 753 532 817 mihi
547 765 688 842 coguatae
705 753 923 818 confusionem
939 751 1074 817 emendo.
1088 748 1139 814 iton
1151 751 1195 812 auia

353 861 441 930 initio
453 862 595 937 materia,
610 861 877 948 quemadmodum
888 862 976 926 Deus
982 883 992 932 3
1013 881 1067 923 nee
1078 858 1139 928 Deo.
1149 865 1171 917 ut

353 991 475 1057 expers,
491 991 598 1057 parern
610 968 705 1033 babet
719 978 927 1056 potestatem:
944 989 1054 1032 verum
1067 977 1146 1029 ereata
1156 975 1189 1030 est

354 1077 414 1144 alio
429 1076 522 1152 sacta,
540 1077 625 1142 seda
641 1073 707 1140 solo
720 1076 939 1142 universorum
956 1073 1067 1162 opifice
1076 1071 1189 1160 producta

396 1183 450 1252 Vl.
468 1185 638 1274 Propterea
656 1186 752 1251 etiam
767 1207 939 1273 corporum
961 1183 1179 1249 resurrectionen
1188 1179 1201 1240 i·

356 1295 526 1370 eredimus,
543 1317 618 1360 eum
635 1293 740 1359 omnia
755 1293 872 1359 suerint
886 1293 1034 1358 absoluta
1046 1314 1054 1354 :
1068 1312 1132 1362 noa,
1141 1300 1164 1350 ut
1173 1285 1215 1348 tre»

356 1415 503 1478 oemunt,
521 1403 696 1468 seeundum
711 1402 863 1489 quosdam
879 1402 1010 1467 orbium
1021 1399 1150 1465 circuitus
1157 1393 1200 1458 ru

355 1534 413 1601 per
428 1511 628 1577 nascentibus
643 1523 675 1575 et
689 1511 906 1598 pereuntibus,
918 1509 1045 1576 nullam
1055 1509 1093 1574 ob
1104 1527 1155 1570 ren
1164 1513 1205 1564 uu

356 1620 467 1695 semel,
483 1619 603 1687 saeculis
625 1621 739 1686 uostris
760 1619 923 1696 absolutis,
940 1633 975 1685 et
991 1621 1026 1684 in
1045 1627 1195 1706 perpetuen.

357 1727 523 1796 bominum
537 1726 676 1794 solorum
690 1729 961 1803 constitutionem,
973 1725 1086 1815 judieii
1101 1744 1176 1789 eausa.
1185 1713 1214 1779 t*

359 1853 464 1906 autem
481 1838 520 1905 de
538 1841 628 1906 nobis
644 1863 703 1907 nee
714 1841 812 1907 Minos
823 1831 1189 1908 ueeRbadamantbasbti
1200 1848 1212 1862 ·’

359 1971 431 2012 rum
451 1958 524 2013 ante
546 1959 680 2014 mortem
695 1947 781 2014 nulia
795 1973 936 2039 prorsus,
954 1960 992 2014 ut
1008 1929 1177 2014 fabulantur,
1196 1967 1222 1991 ³·

360 2054 539 2128 dicabatur;
558 2056 613 2121 sed
628 2057 746 2122 arbiter
758 2067 805 2122 est
819 2058 885 2144 ipse
899 2067 1028 2122 creator
1042 2055 1134 2121 Deus.
1150 2048 1211 2112 ΕΜ

359 2164 447 2229 vobis
462 2164 590 2230 omnino
606 2177 773 2254 nugatores
783 2177 815 2230 et
825 2163 1006 2230 blaterones
1019 2163 1225 2240 videamur:

361 2272 479 2346 dimus;
499 2296 573 2339 euna
588 2273 649 2338 hau
667 2274 789 2338 ratione
810 2273 937 2337 adducti
954 2263 1233 2340 crediderim-'effi

362 2383 492 2448 modum
506 2384 591 2450 enim
605 2407 680 2450 euna
695 2409 758 2451 non
780 2408 881 2450 essem
896 2395 1070 2470 antequam
1087 2377 1234 2447 nascas*

361 2494 436 2558 bam
455 2493 525 2579 quis
543 2515 643 2557 essem
665 2517 703 2560 ae
722 2507 845 2559 tantum
864 2492 1090 2558 insubstantia
1113 2483 1241 2556 aaran&

363 2597 551 2670 existebamt
567 2600 690 2687 genitus
713 2611 818 2666 autern
836 2601 890 2687 qui
906 2598 981 2664 olim
1002 2622 1071 2663 non
1088 2593 1244 2664 cunuti:

362 2707 449 2772 tione
468 2720 680 2795 consequutus
699 2732 769 2774 sum
791 2721 826 2774 ut
846 2733 898 2774 me
917 2709 1051 2773 existere
1068 2729 1133 2772 non
1151 2695 1232 2766 dubita·

365 2813 438 2880 dem
453 2815 548 2879 modo
563 2815 686 2904 genitus
701 2839 739 2881 ae
754 2841 810 2904 per
825 2828 960 2882 mortem
978 2839 1046 2880 esse
1064 2837 1103 2879 ao
1118 2805 1196 2876 videri
1205 2799 1244 2862 itt·

365 2920 469 2986 denuo
484 2921 613 2986 existam
628 2946 635 2987 :
650 2922 915 3011 quemadmodum
931 2921 1006 2988 olim
1019 2945 1097 2989 eum
1113 2941 1169 2984 uon
1181 2923 1250 2976 essa

365 3039 415 3091 tea
431 3029 552 3115 genitus
567 3053 648 3096 sum.
671 3031 798 3097 Etiamsi
821 3054 890 3096 mea
905 3053 978 3096 earo
1000 3031 1074 3118 igne
1095 3019 1250 3093 evanescalt't'

366 3158 433 3201 sana
454 3137 552 3202 instar
569 3139 692 3226 vaporis
712 3139 874 3204 materiam
894 3138 1030 3203 mundus
1049 3134 1177 3223 excepit.
1192 3124 1250 3190 itia*

368 3243 563 3320 fluminibus,
579 3246 700 3311 etiamsi
718 3246 750 3311 in
765 3247 844 3311 mari
864 3247 1024 3320 absumar,
1039 3239 1158 3309 etiamsi
1176 3229 1243 3300 aseri·

368 3354 454 3426 nier;
474 3353 629 3418 thesauris
654 3354 810 3420 reoondor
830 3353 932 3418 divitis
946 3352 1083 3418 Domini.
1104 3349 1149 3416 Ac
1169 3346 1247 3426 noua

369 3463 442 3529 dena
458 3475 490 3528 et
504 3464 633 3530 atheum
648 3462 746 3530 latent
756 3488 826 3552 quae
841 3463 1001 3528 recondite
1013 3474 1107 3526 sunt:
1122 3462 1249 3544 regnatu?

369 3570 453 3637 Deus
468 3574 671 3661 conspicuam
686 3573 743 3638 sibi
758 3571 816 3637 soli
832 3571 1049 3644 substantiam,
1065 3570 1119 3635 ubi
1134 3555 1250 3632 volabat

371 3699 447 3743 num
462 3691 578 3746 statum
593 3681 761 3746 revocabit.

415 3785 482 3852 Vll.
497 3788 637 3855 Verbum
653 3791 737 3856 enim
752 3789 830 3854 illud
852 3789 990 3863 eoeieste,
1005 3788 1136 3877 Spiritus
1155 3780 1242 3847 epatu

373 3905 436 3969 ²¹¹⁵»
449 3908 481 3958 et
491 3896 631 3962 Verbum
643 3923 681 3962 ex
697 3899 838 3964 rationali
850 3899 1000 3985 potentia,
1013 3897 1053 3962 ad
1065 3875 1250 3963 imitationes*
