2648 4598
350 223 388 286 9²
568 259 572 268 .
748 223 955 268 aruanauone

347 339 406 403 est,
427 347 515 392 sunm
534 347 570 392 oa
594 327 631 392 de
653 348 688 392 re
709 328 893 396 sententiam
912 327 1046 416 dirigant,
1058 329 1101 394 sed
1114 331 1229 396 autoilo

347 457 439 500 causa
454 434 616 500 hominum
632 435 785 524 originem
795 448 938 524 repetant
953 437 1150 524 (quodquidam
1162 439 1229 525 perid

347 541 529 631 refellitur),
549 555 604 608 aut
623 545 690 610 Deo
711 567 817 612 rerum
840 569 966 612 cansam
985 545 1228 620 adscriberetur

347 652 460 740 dogma
474 651 569 718 veluti
583 654 625 719 ad
641 654 799 742 quoddnm
818 656 1006 744 principium
1019 654 1228 744 inspicientem

348 761 562 826 demonstrent
576 761 652 828 nihil
672 765 798 828 omnino
813 765 1065 830 resurrectionem
1076 763 1162 828 habere
1172 763 1228 846 qudi

348 867 506 934 credibile.
530 870 568 937 ld
586 881 692 938 autom
714 871 889 960 perficient,
908 874 933 938 si
950 873 1137 938 demonstrare
1151 875 1230 956 quote

349 999 412 1042 non
428 1001 517 1065 posse
531 979 632 1046 Deum
647 978 695 1044 vel
718 979 799 1047 nolle
819 993 945 1048 mortun
960 1003 1081 1069 corpora
1097 989 1138 1042 ant
1148 979 1231 1040 ruunt

350 1085 424 1150 nino
444 1085 591 1154 dissoluta
610 1089 723 1156 iterum
744 1101 977 1178 coagmentare,
996 1101 1027 1154 et
1047 1101 1076 1152 nt
1092 1085 1230 1152 iidemlu'e

350 1195 592 1272 constituantur,
609 1196 833 1286 conglutinare.
848 1199 945 1278 Quod
960 1199 984 1263 si
1000 1197 1031 1261 id
1048 1219 1102 1260 non
1114 1189 1229 1282 prointlt

351 1315 426 1368 nant
440 1303 534 1391 impie
548 1304 701 1371 increduli
717 1327 797 1380 esse,
812 1317 845 1370 et
859 1304 1058 1394 blasphemiis
1067 1325 1097 1368 ea
1109 1321 1158 1387 qna
1169 1295 1230 1360 nonu

349 1423 505 1498 appetere.
525 1410 608 1478 Nihil
622 1411 707 1478 enim
721 1412 786 1476 rori
801 1414 840 1477 ab
857 1413 901 1477 eis
916 1412 1035 1488 afferri,
1051 1411 1105 1476 sive
1119 1401 1228 1491 nonpel·

351 1532 436 1595 eunt,
452 1522 515 1586 sive
529 1517 626 1596 nolle,
637 1545 676 1586 ex
690 1520 819 1608 hisquae
835 1521 977 1587 dicemus
991 1520 1161 1610 perspicuum
1167 1509 1233 1576 citit

351 1631 390 1696 nb
403 1628 506 1718 nliquo
518 1630 625 1719 perlici
638 1654 701 1696 non
712 1653 803 1718 posse
814 1643 901 1696 certo
913 1629 1102 1720 intelligitur,
1112 1623 1147 1690 vel
1155 1616 1233 1702 unqu

353 1761 416 1804 non
430 1751 598 1828 eognoscat
612 1740 689 1826 quid
705 1739 883 1806 laciendum
898 1740 950 1814 sit,
968 1737 1018 1804 vel
1032 1761 1068 1802 ex
1080 1759 1112 1800 eo
1123 1729 1178 1820 qnod
1185 1727 1235 1790 eie-

353 1847 436 1912 rium
457 1870 520 1913 non
541 1847 655 1913 habeat
676 1846 717 1911 ad
741 1844 818 1911 illud
839 1846 924 1934 quod
946 1843 1102 1934 cognoscit
1118 1830 1233 1928 prodar-'l

354 1954 511 2020 ciendum.
530 1956 609 2022 Nom
629 1955 682 2042 qui
697 1957 820 2044 ignorat
834 1954 910 2042 quid
925 1955 1101 2021 laciendum
1113 1951 1149 2024 ait,
1158 1958 1234 2011 nent*

354 2089 414 2131 nec
427 2065 579 2153 perlicere
593 2065 721 2131 omnino
735 2066 832 2153 possit
845 2064 930 2152 quod
945 2065 1078 2153 ignorat.
1095 2059 1232 2138 Quiritupe

354 2173 438 2238 clare
449 2174 535 2239 novit
545 2175 620 2262 quid
631 2173 861 2248 laciendum,el
872 2172 997 2237 undeet
1008 2154 1235 2259 ,nmorando

355 2279 435 2343 vires
450 2292 554 2344 autem
575 2293 628 2344 nut
649 2277 748 2345 nullas
763 2281 891 2344 omnino
913 2278 1012 2344 habet
1031 2278 1072 2343 nd
1093 2252 1239 2342 lndtlttllll

355 2387 593 2475 cognominant
608 2410 671 2452 non
683 2387 757 2452 satis
769 2388 908 2461 idoneas,
924 2387 950 2452 is
967 2409 1009 2452 ne
1020 2364 1241 2475 aggmddltllllll·

357 2495 381 2560 si
397 2495 494 2581 sapiat
509 2496 639 2561 accires
655 2517 726 2560 suas
737 2495 930 2566 consideret;
948 2505 1069 2560 temero
1080 2491 1236 2568 ,mepte

356 2627 419 2670 non
439 2603 581 2692 perficiet
601 2604 633 2670 id
654 2604 738 2693 quod
758 2603 816 2670 sihi
837 2604 1012 2694 ProPosuit.
1032 2581 1242 2670 neumauonltt

357 2737 420 2778 non
438 2725 552 2802 potest,
569 2736 628 2778 nec
643 2737 711 2801 quse
727 2713 767 2778 sit
780 2736 948 2802 corporum
964 2713 1006 2778 ad
1017 2712 1109 2778 vitam
1118 2691 1244 2773 rtuttttll‘G

235 2881 242 2888 .
357 2833 480 2898 natura,
504 2823 567 2888 sive
590 2822 762 2890 secundum
786 2823 926 2888 membra
950 2822 1084 2910 integra,
1105 2818 1155 2882 siva
1173 2797 1245 2872 pesele

358 2932 572 2996 membrorum
592 2943 707 3019 partes,
723 2953 781 2998 noc
801 2954 864 3020 quo
884 2931 974 2996 abeat
996 2921 1203 3028 unumquodque
1212 2922 1245 2970 er

358 3061 427 3128 quae
443 3038 663 3114 dissolvuntur,
681 3063 740 3106 nec
754 3061 823 3127 quae
838 3061 909 3128 pars
924 3037 1141 3104 elementorum
1153 3030 1246 3106 except·

358 3149 445 3238 quod
456 3148 639 3216 dissolutum
652 3150 684 3214 in
695 3149 763 3216 loca
776 3151 833 3216 sibi
845 3150 1047 3240 congruentia
1060 3139 1190 3234 migraritt
1199 3139 1247 3216 qne·

360 3258 540 3324 hominibus
561 3257 694 3324 discerni
717 3259 844 3324 omnino
866 3279 930 3322 non
951 3279 1040 3344 posse
1059 3253 1178 3318 rideatur
1192 3231 1246 3324 tulli

300 3377 305 3394 ¹
361 3367 589 3457 compartibus
612 3367 746 3432 universi
765 3367 823 3433 sibi
845 3367 984 3456 cognatis
1003 3385 1106 3430 rursus
1119 3339 1249 3461 coaluitlt'

360 3477 445 3542 cuim
460 3500 523 3542 non
537 3475 654 3540 latebat
667 3487 739 3540 ante
757 3475 914 3564 propriam
936 3475 1086 3562 cujusque
1101 3457 1251 3573 constituunt

362 3607 422 3650 nec
432 3585 610 3650 futurorum
618 3581 844 3650 elementorum
855 3592 1026 3654 naturaei<
1036 3577 1138 3666 quibus
1147 3569 1249 3632 hunur-

363 3713 451 3778 pora,
462 3715 520 3758 nec
532 3692 715 3755 eorumdem
727 3689 953 3757 elementorum
966 3699 1078 3776 partes,
1088 3707 1123 3748 ex
1132 3659 1245 3763 qulbffill'

365 3811 476 3892 pturus
491 3815 557 3866 erat
573 3803 604 3866 id
617 3801 700 3888 quod
713 3801 769 3889 ipsi
781 3802 820 3866 ad
835 3801 961 3868 humani
975 3794 1107 3886 corporis
1117 3781 1238 3856 constituti
