2808 4688
448 263 530 306 ears
553 263 563 304 1
587 261 628 308 nr·
653 261 790 306 uanrtn.
1088 245 1130 312 bh

88 378 203 444 terior
214 371 394 458 habetur,
405 369 494 446 licet
508 393 569 450 sex
578 374 681 444 annis
692 373 795 466 prior
807 374 960 468 scripta,
972 369 1133 446 dubiavi·

89 479 203 552 detur
229 478 481 576 quibusdam,
502 475 769 574 quiavidellcet
785 481 826 550 in
848 501 891 552 ea
911 483 1136 576 reperiuntur

91 585 310 672 nonnulla,
322 585 424 679 juxta
438 585 549 680 ipsos,
558 605 602 654 ex
610 582 806 677 Evangelio
819 585 1066 680 Egyptiomm
1081 609 1138 657 ex·

95 704 236 765 tracta.
264 686 392 762 sed'si
420 702 556 762 attente
580 687 812 762 conferantur
831 691 926 760 varia
948 693 1142 786 Scriptura

98 797 211 879 loca,
231 819 254 866 e
275 793 423 868 diversis
444 793 544 868 libris
566 799 701 892 petita,
720 793 884 866 eumdem
911 795 1039 868 saltem
1060 821 1141 868 sen-

105 925 194 974 sum
215 899 402 974 evidenter
423 897 575 972 referent
596 903 656 972 cui
678 899 807 972 alludit
828 905 862 972 S.
887 899 1072 988 Clemens,
1099 903 1140 973 li·

107 1022 169 1082 cet
189 1005 288 1078 forte
306 1031 376 1078 non
398 1005 626 1080 adverbum.
648 1011 691 1081 ln
712 1029 755 1078 ea
777 1006 948 1104 epistola,
971 1006 1139 1080 hortatur

105 1111 323 1184 Corinthios
333 1109 376 1188 ad
389 1113 718 1198 vitaesanctitatem;
731 1115 871 1209 quippe
883 1113 947 1208 qui
961 1111 1137 1184 aChristo

99 1217 148 1290 ad
166 1218 295 1290 lumen
315 1217 494 1314 Evangelii
512 1219 630 1290 vocati
648 1233 753 1314 grato
771 1221 909 1304 auimo,
928 1241 1003 1290 non
1021 1216 1069 1290 ad
1085 1217 1138 1290 di·

100 1326 266 1396 vinitatis
280 1323 745 1410 confessionemduntaxat‚
758 1323 822 1398 sed
838 1323 937 1398 etad
953 1323 1139 1400 mandato

100 1456 184 1502 rum
199 1431 491 1506 observationem
510 1431 634 1506 induci
653 1431 801 1504 dehent.
818 1439 987 1506 Testante
1001 1437 1036 1504 S.
1055 1435 1140 1505 Dio·

101 1543 209 1635 nysio
218 1539 424 1625 Corinthio,
432 1542 641 1614 nonminus
650 1539 805 1614 celebris
814 1553 890 1610 erat
902 1537 1140 1635 hacepistola

103 1642 205 1741 apud
222 1659 366 1720 veteres
381 1649 524 1731 Patres,
541 1667 656 1740 quam
676 1641 930 1738 sequens3sed
950 1659 1144 1742 supersunt

108 1764 255 1824 tantum
268 1749 484 1846 fragmenta.

163 1856 306 1942 Altera,
318 1879 398 1951 quae
409 1855 474 1926 hic
486 1851 751 1939 transcribitur,
765 1853 986 1948 precipuum
995 1855 1150 1952 antiqui-

118 1965 207 2034 tatis
226 1973 525 2047 monumentum,
546 1957 674 2056 perdiu
694 1959 731 2028 in
753 1955 899 2030 ecclesia
920 1957 1086 2032 Corinthi
1111 1973 1149 2030 et

122 2063 251 2138 multis
268 2066 347 2138 aliie
363 2063 506 2161 publice
517 2077 554 2136 et
568 2061 799 2136 cathedratim
813 2060 902 2134 lecta
916 2077 984 2150 est,
998 2089 1073 2137 non
1092 2089 1145 2139 se·

122 2195 187 2244 cus
200 2195 245 2242 ac
258 2170 417 2268 epistolae
430 2169 696 2269 Apostolorum.
715 2170 947 2242 Occasionem
963 2167 1144 2244 dederunt

115 2283 195 2365 ista,
208 2292 369 2376 utsupra
380 2276 546 2367 diximus,
558 2274 712 2363 dissidia,
726 2299 809 2373 quae
818 2299 863 2346 eo
872 2301 987 2374 usque
997 2302 1141 2376 prooes-

112 2399 245 2472 serant,
259 2399 304 2454 ut
316 2382 451 2454 invidia
468 2384 613 2455 lacerati
625 2381 682 2454 vel
695 2379 865 2480 superbia
879 2382 975 2470 elati,
993 2383 1143 2479 quidam

110 2495 191 2571 laici
211 2491 444 2592 presbyteros
458 2494 535 2566 ausi
555 2505 673 2564 essent
692 2489 739 2562 de
752 2489 837 2562 sede
857 2513 922 2564 sua
937 2491 1142 2566 detrudere.

108 2607 261 2689 Interea,
274 2605 347 2700 qui
363 2599 459 2698 apud
472 2597 681 2672 Corinthios
693 2597 930 2696 prudentiore
947 2597 1145 2674 utebantur

107 2713 274 2808 ingenio,
295 2715 336 2780 S.
357 2709 534 2780 Clementi
558 2729 704 2779 causam
725 2706 947 2791 retulerunt,
969 2729 1046 2800 quo
1066 2705 1148 2777 effi·

106 2819 225 2888 carius
252 2818 475 2888 anctoritate
501 2815 603 2886 litem
628 2825 874 2912 componeret.
895 2817 938 2880 In
962 2814 1079 2909 capite
1094 2837 1148 2885 ro-

105 2927 317 3022 sponsionis
351 2921 429 3022 (an.
449 2922 517 3024 96)
550 2923 626 2994 sola
651 2921 811 2990 Ecclesia
834 2923 997 2990 ttornana
1022 2921 1146 2994 inscri-

105 3031 215 3116 bitur,
246 3039 290 3100 ut
328 3029 598 3120 obtemperaret
630 3035 755 3094 auctor
787 3022 1146 3124 consuetudini,qua

106 3137 268 3234 episcopi
285 3131 405 3226 hujus
416 3131 529 3200 aetatis
540 3126 652 3199 ferme
664 3126 755 3197 nihil
766 3129 886 3198 insciis
898 3125 1069 3206 fidelibus
1082 3147 1147 3204 aut

106 3239 346 3324 inconsultis,
362 3249 514 3308 tractare
528 3249 728 3307 sueverant.
740 3239 830 3320 Rem
841 3238 893 3305 ita
905 3231 1015 3307 fuisse
1026 3237 1063 3306 in
1076 3237 1146 3310 hac

109 3349 309 3421 occasione
326 3343 459 3417 docent
470 3343 662 3439 Dionysius
675 3337 773 3438 apud
783 3337 989 3410 Eusebium
1001 3393 1010 3425 ,
1023 3343 1057 3411 S.
1068 3343 1146 3414 Cle·

110 3480 218 3528 mens
238 3447 522 3534 Alexandrinus,
540 3449 728 3548 Origenes,
749 3446 1001 3542 et'praesertim
1021 3449 1053 3517 S.
1070 3451 1159 3520 Iro.

111 3587 228 3650 naeus,
247 3560 309 3630 his
329 3554 473 3626 verbis:
490 3584 507 3618 u
518 3553 591 3625 Sub
609 3553 681 3623 hoc
698 3550 902 3639 Clemente,
922 3549 1048 3624 seditio
1065 3579 1139 3626 non

115 3667 289 3739 »modica
313 3661 417 3764 apud
440 3659 650 3732 Corinthios
668 3671 790 3729 exorta
812 3673 866 3730 est
886 3659 980 3730 inter
1001 3655 1144 3744 fratres,

118 3779 196 3847 sita
215 3789 260 3846 ut
279 3795 326 3844 ex
346 3793 503 3870 persona
521 3773 691 3838 Romana
707 3765 861 3839 ecclesiae
877 3764 1051 3838 scriberet
1068 3769 1146 3863 ipse

122 3881 322 3953 »Clemens
336 3877 382 3952 ad
400 3875 657 3949 Corinthios.»

932 3979 964 4041 5.
