2646 4596
208 158 300 244 ¹⁸574
531 175 643 228 sarcir
664 187 781 232 snsrnu
805 189 957 234 asnrrnrs

235 297 268 350 et
292 286 407 353 sudore
429 288 485 354 tihi
511 293 676 379 contigisse
698 307 733 358 ut
754 295 823 362 hec
844 297 1020 382 acquireres
1042 317 1051 360 r
1076 315 1174 380 quare
1193 317 1249 359 nos

236 415 362 481 quoque
377 393 504 483 oportet
514 399 619 464 omnia
634 421 703 484 quae
715 411 886 468 occurrunt
896 402 1061 490 diligenter
1071 399 1249 488 explorare,

237 523 276 566 ue
290 513 358 568 tum
373 502 503 568 demum
518 506 554 570 iis
569 527 728 575 assensum
740 511 879 596 prebere
890 511 1003 598 quihus
1018 508 1191 597 Scriptura
1202 529 1251 570 co-

236 623 315 698 gunt
330 612 480 676 assentiri.
561 619 564 626 '

280 716 329 782 Ad
344 717 412 784 haec
426 739 506 806 ego:
524 720 595 785 Non
608 723 654 796 id,
669 724 810 811 inquam,
826 747 843 788 a
859 726 946 790 vohis
960 736 1047 812 peto,
1064 734 1100 786 ut
1114 744 1156 787 ne
1169 719 1251 786 omni
1320 711 1321 726 ¹

237 821 333 887 animi
352 823 554 890 contentione
571 848 641 912 quae
660 827 692 891 in
707 829 910 914 quaestionem
925 828 1054 892 veniunt
1069 823 1249 912 exploretis}

237 927 293 993 sed
303 951 345 993 na
355 927 433 994 nihii
445 929 596 996 hebentes
608 933 693 1019 quod
704 933 825 1012 dicatis,
844 957 969 1000 rursum
979 946 1090 1000 contra
1101 955 1139 1019 ea
1152 931 1252 996 vania-

236 1035 275 1100 tis
287 1036 400 1124 quihus
413 1059 467 1103 vos
478 1038 597 1104 dixistis
608 1041 758 1106 assentiri.

281 1143 328 1208 lta
343 1142 460 1220 iacere,
476 1145 578 1232 inquit
592 1145 733 1234 Trypho,
750 1149 945 1214 conabimur.

281 1249 418 1318 Rursum
439 1275 520 1340 ego:
542 1252 658 1320 Praeter
678 1279 727 1329 es,
751 1257 891 1343 inquam,
913 1278 983 1342 quse
1002 1255 1099 1320 etiam
1119 1274 1206 1318 nune
1219 1277 1256 1318 ex

238 1359 326 1424 vobis
339 1359 512 1424 sciscitatus
524 1383 607 1434 sum,
616 1361 731 1427 iterum
743 1385 797 1426 ros
806 1364 999 1450 interrogare
1011 1359 1093 1426 volo.
1108 1361 1166 1424 His
1176 1361 1255 1422 enim

238 1467 534 1556 interrogationibus
559 1469 654 1534 etism
674 1471 813 1537 breviter
833 1470 1078 1559 disputationem
1101 1467 1256 1534 absolvere

241 1580 389 1643 conabor.
509 1651 511 1658 Ι

284 1684 459 1773 Interroga,
476 1689 578 1773 inquit
592 1688 732 1776 Trypho.

284 1790 369 1858 Num
389 1815 484 1878 quem
498 1792 606 1869 alium,
625 1796 767 1881 inquam,
787 1796 982 1860 adorandum
997 1807 1030 1860 et
1043 1792 1216 1858 Dominum
1229 1803 1259 1856 et

241 1900 345 1964 Deum
357 1900 389 1964 in
401 1898 571 1986 scripturis
583 1902 644 1967 dici
655 1902 836 1967 existimatis
847 1912 961 1990 praeter
972 1900 1160 1965 Creatorem
1171 1897 1259 1982 hujus

243 2007 378 2072 universi
396 2019 428 2071 et
446 2008 619 2083 Christum,
637 2031 732 2095 quem
750 2009 836 2074 vobis
853 2019 955 2073 totos
972 2007 1145 2094 Scripturis
1162 2005 1259 2070 homi-

242 2135 316 2178 nem
332 2112 452 2176 iactum
466 2135 533 2177 esse
548 2113 781 2178 demonstrarii

287 2219 327 2282 Et
342 2217 492 2305 Trypho:
511 2219 681 2296 Quomodo
696 2219 728 2283 id
743 2220 897 2306 possimus
909 2217 1067 2292 confiteri,
1084 2239 1155 2282 cum
1169 2215 1208 2281 dc
1220 2239 1259 2279 eo

244 2325 351 2400 ctiam,
375 2347 416 2388 an
436 2337 550 2414 praeter
570 2325 673 2390 solnm
693 2325 818 2392 Patrem
838 2323 948 2413 uliquis
967 2323 1050 2388 alius
1069 2325 1118 2398 sit,
1139 2335 1256 2387 unum

243 2434 447 2523 questionem
462 2433 671 2498 moverimus?

289 2541 427 2608 Rursum
442 2563 522 2629 ego:
545 2541 679 2608 Necesse
697 2554 744 2606 est
763 2543 795 2605 id
813 2563 939 2628 quoque
954 2563 994 2604 ex
1008 2538 1100 2604 vohis
1115 2537 1260 2607 sciscitor,

246 2661 282 2718 ut
307 2652 404 2718 sciam
430 2649 585 2739 numquid
610 2648 695 2714 aliud
715 2650 854 2716 sentiatis
880 2659 992 2735 praeter
1014 2647 1047 2710 id
1068 2647 1157 2734 quod
1176 2643 1263 2708 modo

246 2760 380 2827 confessi
394 2757 490 2824 estis?
590 2784 593 2792 ¹

291 2867 376 2936 Nihil
391 2866 533 2939 omniuo,
549 2865 650 2951 inquit
665 2862 726 2928 itte.

289 2975 374 3040 Tum
397 2995 476 3063 egos
503 2973 585 3038 Cum
606 2971 702 3059 igitur
723 2969 772 3034 his
794 2991 867 3034 vere
888 2967 1115 3041 assentiamini,
1138 2987 1265 3052 cumque

248 3085 411 3174 Scriptura
430 3081 527 3155 dicat,
551 3076 798 3142 Gener-attonem
816 3079 887 3162 ejus
904 3076 975 3160 quis
994 3071 1213 3140 enarratius
1233 3095 1267 3134 an

250 3217 314 3259 non
328 3191 457 3258 tandem
472 3185 645 3274 intelligere
657 3185 777 3250 debetis
788 3207 862 3250 eum
877 3206 941 3249 non
955 3205 1023 3248 esse
1037 3182 1173 3248 humani
1185 3203 1269 3270 gene

250 3303 292 3366 ris
308 3298 437 3366 semeni
712 3362 716 3368 ,
1178 3309 1181 3314 ’

294 3410 336 3476 At
351 3406 479 3495 Trypho
495 3427 503 3467 r
522 3402 690 3483 Quomodo
702 3401 796 3489 igitur
809 3400 970 3487 Scriptura
983 3399 1060 3465 dicit
1070 3385 1199 3471 liaridi,
1211 3395 1271 3461 iore

251 3531 286 3582 ut
306 3539 345 3580 ex
365 3517 434 3604 ejus
454 3511 569 3578 lumbis
584 3508 687 3574 filium
701 3509 758 3574 sibi
777 3507 861 3573 Deus
882 3522 1032 3581 assumat,
1052 3517 1085 3570 et
1100 3528 1235 3593 regnum
1248 3501 1273 3564 ei

252 3625 367 3696 trudat,
383 3645 421 3686 uc
436 3623 468 3686 in
484 3621 557 3686 sede
573 3617 679 3708 glorios
693 3639 757 3683 suae
772 3613 926 3681 collocet?

285 3747 294 3780 ¹
304 3745 369 3794 Eaui.
381 3761 432 3802 urst,
442 3745 465 3792 8.
