2516 4636
361 373 484 422 carras
508 375 656 420 mausus.
959 355 1023 442 589

9 503 66 544 ern
86 481 297 571 generationis
316 481 434 548 habore
450 481 697 552 similitudinem.
721 483 829 564 Quare
845 483 940 576 igitur
958 506 1024 552 non

12 615 111 658 orum
121 593 254 684 sumpsit
265 590 376 660 limum
388 593 486 670 Deus,
499 594 555 661 sad
570 617 609 660 ex
620 593 715 662 Maria
727 606 875 685 operatus
886 604 934 662 est
944 592 1025 685 plas-

6 703 168 770 ationem
186 701 278 770 lieri?
300 703 341 770 Ut
360 727 425 772 non
445 703 504 770 alia
526 702 691 796 plasmatio
712 704 815 782 lieret,
838 727 942 796 neque
963 702 1023 772 alia

1 825 77 878 ‚sset
91 811 256 902 plasmatio
270 836 340 903 quae
354 811 539 889 salvaretur,
555 814 610 880 sed
625 814 737 882 eadem
750 815 817 908 ipsa
833 812 1024 904 recapitula-

9 935 95 999 tur,
112 937 232 990 servata
246 924 461 992 similitudino.

34 1035 153 1100 Errant
164 1031 276 1124 igitur-¹
289 1035 343 1123 qui
354 1033 467 1102 dicunt
483 1057 558 1103 eum
569 1031 649 1100 nihil
663 1055 702 1099 ex
711 1033 838 1124 Virgine
852 1033 1023 1123 accepisse,

11 1155 24 1210 t
50 1143 204 1231 abjiciant
216 1143 320 1210 camis
335 1143 565 1218 haereditatem,
577 1141 730 1232 abjiciant
744 1153 850 1208 autom
869 1153 902 1210 ot
919 1139 1025 1209 simili·

4 1251 150 1319 udinam.
166 1251 200 1318 Si
215 1252 302 1318 anim
312 1249 365 1318 ille
375 1251 504 1342 quidem
519 1251 559 1317 da
574 1263 672 1328 terra,
687 1261 721 1317 et
734 1271 831 1318 manu
846 1263 878 1317 et
891 1250 1026 1318 artilioio

0 1361 52 1426 toi
79 1357 320 1449 plasmationem
336 1371 369 1427 et
387 1359 595 1426 substantiam
616 1359 741 1435 habuit.
763 1359 817 1426 hic
832 1372 940 1432 autern
961 1383 1026 1428 non

9 1493 91 1536 auu
107 1482 141 1536 ot
154 1468 288 1536 artificio
304 1465 378 1543 Dei;
398 1469 466 1558 jam
483 1491 549 1536 non
564 1471 698 1536 servarit
712 1467 952 1536 similitudinem
967 1469 1027 1536 ho-

0 1610 2 1637 t
26 1580 101 1656 inis,
119 1580 173 1668 qui
189 1579 290 1646 lactus
307 1591 355 1646 est
373 1579 550 1646 monadum
564 1579 735 1670 imaginem
754 1579 852 1670 ipsias
866 1591 899 1645 et
917 1577 1028 1646 simili-

2 1689 150 1766 udinem,
173 1702 207 1755 et
224 1689 406 1758 inconstans
427 1688 599 1756 artilicinm
621 1689 793 1765 videbitur,
820 1711 887 1755 non
907 1687 1028 1758 habens

9 1801 77 1867 irca
100 1800 186 1889 quod
206 1800 351 1866 ostendat
371 1799 557 1888 sapientiam
577 1823 677 1867 suam.
703 1801 773 1868 lloc
792 1811 901 1868 aulem
921 1799 1027 1866 dicere

9 1920 54 1982 st,
76 1920 109 1974 at
129 1908 269 1998 putativa
288 1909 469 1998 apparuisse
487 1931 563 1975 eum
582 1921 735 1998 tanquam
753 1909 930 1984 hominem,
953 1931 1028 1976 cum

0 2041 60 2084 ton
85 2031 168 2086 osset
192 2019 307 2093 homor
332 2029 364 2086 et
386 2019 506 2086 factum
528 2043 604 2086 eum
631 2020 808 2095 hominem,
832 2018 912 2086 nihil
935 2042 1025 2086 assu-

10 2140 136 2194 mntem
151 2127 192 2194 de
210 2127 350 2195 homino.
372 2127 408 2193 Si
421 2128 590 2196 animnon
605 2130 729 2219 accepit
747 2129 787 2196 ab
803 2127 932 2196 homine
951 2130 1028 2197 sub-

5 2237 142 2304 tantiam
165 2237 282 2314 earnis,
304 2260 409 2326 noque
430 2237 527 2305 homo
550 2237 650 2304 sactus
665 2249 725 2314 est,
745 2259 850 2327 neque
868 2235 951 2304 iilius
967 2236 1028 2304 ho-

8 2347 104 2418 inis;
133 2357 166 2411 et
193 2346 218 2412 si
242 2346 306 2413 hcc
326 2369 392 2412 non
410 2345 511 2414 lactus
531 2346 684 2436 estquod
710 2369 768 2414 nos
795 2367 934 2424 eramus,
961 2367 1028 2414 non

0 2477 145 2543 agnum
168 2452 306 2522 faciebat
331 2453 418 2544 quod
441 2477 550 2544 passus
572 2463 620 2522 est
639 2465 671 2522 et
691 2456 848 2524 sustinuit.
880 2456 943 2524 Nos
973 2479 1027 2523 au·

2 2587 58 2630 em
74 2563 224 2651 quoniam
240 2586 356 2654 eorpus
371 2587 480 2630 sumus
499 2562 539 2630 do
559 2575 643 2630 terra
664 2577 846 2656 acceptum,
868 2577 901 2632 et
922 2565 1027 2631 anima

8 2671 151 2760 acipiens
168 2695 186 2737 a
204 2671 272 2738 Deo
290 2672 448 2761 spiritum,
477 2673 581 2740 omnis
595 2673 791 2762 quicumque
806 2671 1025 2738 confitebitur.

17 2801 60 2846 oc
77 2779 184 2870 itaque
203 2778 322 2846 sactum
343 2792 392 2846 est
414 2779 558 2847 Verbum
580 2781 652 2856 Dei,
676 2803 770 2846 suum
792 2779 912 2868 plasma
929 2781 961 2848 iu
976 2805 1028 2848 se-

20 2889 161 2979 etipsum
175 2885 385 2977 recapitulans
410 2909 419 2949 a
444 2897 477 2952 et
491 2898 622 2977 propter
635 2886 699 2952 hoc
719 2886 822 2952 lilium
843 2887 980 2955 hominis
996 2913 1031 2957 se

7 2997 176 3071 onistetur,
191 3007 224 3060 at
240 2993 402 3060 beatificat
419 2993 524 3068 mites,
545 2993 696 3078 quoniam
719 2994 778 3084 ipsi
796 2993 1033 3067 haereditabunt

21 3103 140 3170 rram¹.
155 3103 197 3166 Et
207 3099 375 3193 Apostolus
392 3111 499 3168 autam
512 3098 629 3166 Paulus
644 3101 677 3168 in
692 3123 728 3168 aa
745 3103 885 3194 Epistola
899 3131 969 3197 quae
980 3123 1028 3178 est

0 3246 3 3259 >
16 3214 38 3280 d
55 3210 188 3280 Galatas
201 3210 367 3278 manifeste
382 3211 448 3278 ait:
474 3209 582 3278 allisit
599 3211 685 3282 Deus
705 3213 731 3280 F
734 3214 823 3284 ilium
837 3241 943 3296 auum,
959 3221 1026 3290 lac-

16 3335 88 3390 tum
111 3321 151 3388 de
172 3318 338 3388 mnliore⁸.
365 3321 434 3388 »Et
450 3344 558 3390 rursus
582 3324 615 3390 in
638 3346 675 3391 ea
696 3349 768 3418 quae
791 3339 839 3394 est
859 3329 901 3396 ad
914 3328 1029 3403 Roma.

1 3458 47 3503 sos
67 3457 101 3500 :a
116 3431 164 3500 De
187 3429 268 3500 Filio
288 3443 407 3509 autam,
428 3431 542 3522 inquit,
560 3434 643 3524 ejus,
662 3435 716 3525 qui
737 3436 838 3506 lactus
856 3451 905 3506 est
924 3464 964 3508 ex
977 3467 1028 3510 so.

14 3540 211 3610 minellasid
220 3540 396 3611 secundum
407 3544 612 3632 carnem,qui
624 3545 862 3635 predestinatus
874 3551 1029 3620 estFilius

15 3651 77 3718 Dei
89 3651 123 3716 in
134 3650 262 3726 virtute,
280 3649 455 3718 secundum
467 3651 621 3742 Spiritum
638 3655 907 3738 sanctificationis,
924 3683 963 3730 ex
980 3686 1028 3730 ra-

15 3763 213 3830 surrectioue
237 3763 547 3838 monserantur
567 3763 684 3834 Christi
704 3767 831 3836 Domini
854 3771 982 3840 nostri⁴.
1003 3803 1017 3836 s

24 3919 109 3982 ¹Cap.
127 3931 185 3966 urs.

22 3999 34 4033 ²
45 4001 136 4051 narrt.
148 4017 172 4060 s,
183 3999 206 4060 l.
220 4027 248 4040 -
259 3999 268 4036 ³
279 4001 333 4054 (tat.
349 4019 384 4063 rr,
395 4001 420 4062 l.
435 4001 484 4040 ..t
496 4002 571 4062 llam,
585 4023 602 4062 ι,
614 4005 637 4066 3,
651 4005 675 4066 l.
