2816 4610
259 299 316 340 100
657 301 867 344 ATHENAGOBAE

253 417 358 492 rupto,
375 407 517 471 renovari
533 429 596 470 uon
609 419 754 493 possunt;
770 407 882 472 deinde
895 429 933 470 ex
947 404 1111 493 figulorum
1121 414 1153 466 et
1164 401 1265 466 labro·

252 535 323 578 rum
343 513 545 582 similitudine
561 515 776 582 demonstrare
793 526 959 590 conentur,
974 534 1033 578 nee
1049 513 1150 578 Deum
1172 505 1261 579 velle,

251 643 323 697 uec,
335 623 360 686 si
371 621 458 698 velit,
469 635 630 689 mortuum
641 636 695 690 aut
706 625 802 692 otium
811 623 995 690 dissolutum
1004 643 1116 710 eorpus
1125 614 1260 684 exsusci-

250 743 316 796 tare
327 753 428 819 posse.
443 732 480 798 ln
497 756 560 819 quo
573 757 638 802 non
650 735 757 800 vident
767 757 834 802 seso
850 733 1058 822 gravissimam
1068 731 1133 796 Deo
1148 738 1260 794 eontu-

250 839 375 906 meliam
395 841 511 916 locere,
528 843 604 908 dum
622 842 701 910 nihil
720 844 907 910 discriminis
923 851 1043 931 ponunt
1058 840 1137 905 inter
1154 856 1262 901 rerum

250 949 565 1037 disjunctissimarum
586 950 761 1028 facultates,
781 951 830 1018 vel
849 953 951 1040 potius
974 951 1180 1016 internorum
1204 941 1260 1030 qui

249 1058 308 1124 illis
324 1069 456 1126 utuntur
470 1073 608 1134 naturas,
624 1084 662 1127 aa
676 1061 758 1126 inter
768 1085 804 1128 ea
821 1084 889 1149 quse
904 1073 971 1126 arte
982 1071 1013 1125 et
1025 1081 1058 1124 ea
1068 1081 1134 1144 quae
1144 1063 1258 1120 natura

248 1168 458 1234 eontinentur.
485 1167 521 1236 ln
543 1168 611 1234 hee
627 1169 720 1256 igitur
742 1169 882 1234 studium
904 1170 1067 1240 insumere,
1087 1160 1257 1250 repreben-

248 1277 335 1346 sione
350 1299 413 1342 non
429 1288 524 1342 curet.
544 1276 700 1344 Stolidum
710 1278 795 1344 enim
810 1278 938 1343 omniuo
955 1290 1002 1342 est
1019 1275 1093 1340 levia
1106 1283 1138 1338 et
1151 1267 1258 1336 inania

248 1382 398 1450 refellere.
417 1382 516 1450 llulto
531 1396 636 1452 eutem
650 1383 843 1472 probabilius
859 1386 944 1452 dieta
959 1395 1018 1459 est,
1034 1406 1073 1450 ao
1083 1381 1173 1468 longe
1188 1399 1261 1444 om-

248 1493 335 1560 nium
350 1492 557 1567 verissimum,
574 1493 660 1578 quod
678 1493 762 1580 apud
778 1492 920 1560 homines
935 1492 1002 1558 fieri
1020 1514 1082 1558 non
1097 1498 1209 1576 potest,
1225 1486 1259 1550 id

247 1625 264 1664 a
280 1601 347 1666 Deo
362 1622 452 1687 posse
472 1599 551 1665 fieri.
567 1599 703 1677 Quodsi
723 1623 780 1686 per
798 1601 867 1666 hnc
881 1601 958 1688 ipsa,
974 1609 1008 1662 ut
1028 1593 1206 1687 probabilia,
1223 1604 1257 1658 et

247 1732 304 1795 per
320 1729 357 1772 eo
377 1730 447 1793 quse
461 1729 554 1794 supra
575 1707 800 1794 indagavimus,
823 1729 890 1772 rem
909 1729 999 1796 posse
1019 1705 1085 1770 lieri
1105 1705 1178 1770 ratio
1197 1702 1254 1766 de-

247 1824 414 1886 monstran
429 1811 526 1901 liquet
537 1813 671 1880 alienam
682 1837 746 1882 uon
761 1837 859 1880 ossea
875 1815 933 1880 Dei
947 1825 1107 1902 potestate.
1121 1813 1184 1878 lmo
1194 1833 1253 1876 uec

247 1948 264 1987 a
279 1922 437 1990 voluntate
453 1921 554 1990 aliene
568 1933 625 1988 est.

289 2029 330 2094 X.
347 2030 443 2108 Quod
458 2030 490 2096 in
500 2031 557 2095 Dei
573 2028 766 2098 voluntatem
777 2053 841 2096 non
852 2031 948 2106 eadit,
961 2028 1009 2097 vel
1019 2029 1089 2096 ideo
1099 2051 1162 2094 non
1174 2025 1258 2094 eadit

245 2137 330 2224 quod
345 2137 496 2223 injuntum
510 2138 561 2211 sit,
578 2137 627 2204 vel
641 2139 726 2224 qood
742 2137 914 2226 indignum.
932 2137 1050 2204 Rursus
1064 2137 1094 2202 id
1109 2135 1193 2223 quod
1207 2135 1258 2199 in-

246 2246 365 2332 justum
379 2256 438 2318 est¹
455 2242 504 2310 rel
518 2244 602 2311 eirea
618 2267 692 2312 eum
706 2246 761 2331 qui
776 2256 1008 2312 resurrecturus
1021 2256 1067 2312 ast
1085 2253 1253 2333 spectetur,

246 2349 294 2416 vel
309 2350 392 2417 oiree
404 2347 501 2416 alium
515 2341 561 2416 ab
570 2373 618 2415 oo.
636 2351 734 2416 Porro
749 2350 826 2418 nulli
840 2363 975 2420 externae
991 2352 1034 2419 rei
1047 2375 1113 2440 qne
1124 2350 1254 2438 quidem

246 2461 278 2524 in
292 2479 398 2524 rerum
412 2469 523 2524 nature
534 2473 731 2536 numeretur,
743 2461 892 2548 iujuriam
903 2462 971 2528 lieri
984 2461 1179 2551 perspicuum
1193 2470 1253 2524 est.

247 2571 326 2636 Nam
339 2591 400 2636 nee
414 2567 625 2657 spiritualibus
640 2571 759 2648 naturis
773 2583 887 2638 noeent
900 2573 1064 2640 hominum
1073 2570 1262 2638 resurreetio

251 2680 372 2767 (neque
392 2678 477 2744 enim
495 2675 555 2744 illia
578 2679 801 2767 impedimento
826 2694 873 2748 est
897 2706 960 2770 quo
982 2683 1044 2748 sint
1067 2681 1177 2754 minus,
1203 2687 1257 2740 aut

247 2789 399 2854 damnum
423 2799 455 2852 et
478 2787 625 2876 injuriam
652 2787 746 2854 infert
773 2790 937 2858 hominum
958 2791 1175 2875 resurreetio).
1197 2809 1259 2852 uae

185 2935 187 2940 ·
248 2897 342 2966 etiarn
360 2897 528 2962 brutorum
552 2906 584 2962 et
605 2897 815 2966 inenimorum
841 2909 969 2965 noturae.
991 2901 1066 2966 llaee
1088 2899 1169 2964 onim
1188 2905 1258 2983 post

247 3007 508 3073 resurrectionem
530 3019 712 3072 nonerunt.
730 3008 826 3086 Quod
841 3017 945 3074 nutam
963 3031 1027 3076 noa
1050 3007 1163 3082 existit,
1177 3005 1258 3091 inju-

247 3113 326 3179 riam
347 3135 411 3178 uon
429 3114 553 3201 accipit.
579 3113 643 3180 Sed
662 3114 711 3180 sno
730 3135 853 3202 semper
871 3116 991 3186 lutura,-
1011 3114 1115 3180 nesio
1136 3111 1261 3200 qnidam

247 3218 344 3285 ullam
364 3221 519 3308 accipient
537 3222 696 3308 injuriam,
711 3223 876 3288 hominum
895 3224 1081 3311 corporibus
1095 3220 1262 3286 renovetis

248 3328 326 3394 Nam
339 3329 363 3392 si
380 3351 464 3393 nuno
479 3328 644 3398 hominum
657 3339 775 3394 naturae
787 3351 959 3416 eorumque
972 3331 1053 3404 usui,
1070 3330 1149 3394 dum
1159 3327 1266 3392 edbue

247 3435 336 3520 egeni
348 3447 433 3510 sunt,
446 3435 647 3521 obsequentia
659 3457 697 3498 no
708 3436 766 3498 sub
777 3436 888 3522 jugum
898 3445 931 3500 et
944 3425 1125 3500 servitutem
1137 3457 1266 3499 omnem

248 3542 352 3615 missa,
368 3539 487 3608 nullam
501 3543 658 3631 occipiunt
674 3543 836 3630 injuriam:
851 3541 951 3608 multo
965 3544 1075 3630 magis,
1087 3543 1201 3608 iisdem
1213 3543 1268 3606 bo-

247 3646 384 3714 minibus
398 3662 485 3714 extra
499 3650 729 3738 perpessionem
740 3661 772 3718 et
787 3651 986 3740 indigentiam
1002 3673 1129 3716 omnem
1144 3651 1268 3739 positis,

249 3775 307 3818 neo
324 3756 388 3839 jem
406 3758 561 3843 ejusmodi
582 3781 687 3824 rerum
709 3781 767 3822 usu
788 3757 1009 3846 indigentibus,
1024 3756 1157 3822 liberata
1179 3757 1271 3822 omni

247 3861 405 3938 servitute.
422 3863 500 3929 nibil
522 3865 675 3952 accipient
699 3865 830 3951 injuriae.
855 3866 963 3952 Neque
982 3865 1106 3932 enimsi
1121 3887 1203 3930 rone
1218 3865 1271 3930 in-
