2786 4666
361 301 406 344 su
429 299 616 345 cosmruros
638 299 786 344 sorssors
809 299 913 342 ιιιιιι.
1113 273 1149 338 5ι

97 427 176 494 erge
193 407 361 472 timentes
375 429 455 474 eum
470 407 585 481 hahetr
607 407 784 496 gratiusque
798 429 871 472 sues
887 405 1023 493 benigue
1040 416 1072 470 et
1087 425 1155 468 sue-

97 513 183 578 riter
203 512 354 604 largitur
374 515 415 580 iis
435 516 489 604 qui
511 515 555 580 sd
576 515 682 603 ipsum
704 514 840 603 simplici
860 527 969 580 mente
989 513 1154 580 accedunt.

99 622 218 702 Quare
236 647 283 688 ne
299 623 395 689 dubii
414 624 523 688 enimc
541 624 656 698 simus,
673 645 777 712 neque
793 623 916 689 haesitet
933 622 1037 688 enims
1053 633 1159 687 nostru

103 755 209 822 super
225 733 357 797 eximiis
372 745 406 796 et
422 730 599 821 splendidis
613 733 682 821 ejus
697 733 893 798 muneribus.
913 731 1021 820 Longe
1035 753 1052 794 e
1069 729 1160 796 nobis

111 841 156 904 sit
175 841 346 930 Scriptura
364 839 438 916 ille,
460 843 513 907 ubi
530 841 631 906 dicit:
658 841 784 906 ‹Miseri
801 851 875 906 sunt
891 840 945 928 qui
961 841 1068 904 animo
1086 849 1161 904 sunt

117 978 133 1010 ι
149 950 298 1038 duplices
314 962 346 1014 et
363 950 497 1024 incerti,
516 951 572 1038 qui
591 950 725 1016 dicunt:
743 951 818 1016 llaee
835 949 1010 1015 audivimus
1028 948 1125 1014 etiam
1142 970 1160 1011 u

119 1087 135 1120 ι
147 1061 297 1148 putribus
306 1061 444 1132 nostris;
459 1073 493 1124 et
504 1059 826 1134 eccecousenuimus,
844 1071 877 1125 et
889 1058 967 1126 nihil
978 1059 1093 1124 horum
1105 1081 1160 1123 no-

114 1169 199 1234 ‚uis
215 1167 368 1233 accidit¹.
380 1197 395 1226 ι
410 1167 440 1232 Ο
456 1179 618 1242 amentes,
635 1179 816 1255 comparate
829 1189 891 1232 Ιιιοι
911 1167 1040 1232 arbori:
1063 1167 1159 1231 vitem

111 1276 259 1342 sumite:
282 1276 428 1364 primum
444 1275 575 1362 quidem
594 1275 722 1340 frondes
741 1273 901 1348 defluunt;
925 1275 998 1339 inde
1017 1275 1050 1339 in
1069 1297 1106 1339 ee
1124 1273 1161 1338 lit

113 1409 274 1476 germen,
287 1397 398 1474 postea
408 1383 538 1458 solium,
552 1383 669 1449 dehinc
680 1383 754 1459 llos,
767 1396 802 1449 et
814 1397 885 1472 post
896 1385 964 1451 haec
975 1387 1089 1450 acerbe
1102 1407 1161 1448 uva

114 1508 150 1560 et
162 1496 361 1568 immature,
374 1493 514 1581 denique
525 1514 585 1556 ure
599 1492 738 1580 perlecta
750 1504 783 1558 ct
796 1504 928 1558 mature.
944 1492 1065 1558 Videtis
1077 1492 1163 1581 quod

117 1604 154 1668 in
166 1603 286 1690 exiguo
297 1613 444 1689 tempore
456 1600 498 1664 ed
509 1600 724 1666 maturitatem
735 1601 877 1690 pervenit
888 1601 1010 1666 fructus
1021 1601 1141 1666 srhoris
1153 1625 1161 1666 ε

120 1713 157 1778 in
169 1712 322 1785 veritate,
337 1710 427 1775 brevi
437 1720 471 1772 et
483 1709 590 1774 subito
601 1708 784 1796 perficietur
792 1708 938 1774 veluntas
949 1709 1036 1795 eiust
1055 1709 1166 1798 Scrip-

126 1833 202 1884 tura
213 1821 313 1884 etiam
327 1817 545 1882 testimonium
560 1817 767 1905 perhibente,
783 1817 871 1904 quod
885 1817 1052 1904 «protinus
1063 1817 1166 1884 veniet

134 1957 148 1988 ι
161 1927 322 1994 Dominus
336 1926 375 1991 ed
387 1925 543 2015 templum
558 1947 669 2002 suum,
682 1937 714 1990 ct
729 1937 857 1992 sunctus
868 1949 965 2014 quem
978 1948 1034 1993 ros
1048 1949 1164 2015 expec-

143 2038 304 2104 ΛΜΝ.»

187 2148 306 2213 xxiv.
324 2149 577 2224 Consideremus,
591 2148 713 2226 dilecti,
728 2150 997 2238 quemadmodum
1009 2151 1165 2217 Dominus

140 2260 288 2326 continue
308 2261 397 2324 uobis
416 2260 566 2325 ostendat
589 2261 853 2326 resurrectionem
875 2285 945 2348 quse
967 2262 1073 2326 sutura
1097 2274 1162 2334 est:

132 2370 225 2456 cujus
239 2369 394 2456 primitius
408 2368 486 2433 lecit
500 2368 673 2434 Dominum
689 2369 800 2434 lesum
818 2370 995 2447 Christum,
1011 2372 1165 2436 suscitans

130 2499 205 2542 eum
222 2500 240 2540 e
259 2477 402 2540 mortuis.
424 2477 624 2551 lntueomur,
645 2475 766 2551 dilecti,
785 2501 854 2564 quae
870 2480 956 2545 omui
972 2491 1114 2567 tempore
1130 2477 1165 2541 fit

131 2588 410 2654 resurrectionem.
436 2585 511 2651 Dies
530 2599 563 2650 et
581 2609 644 2651 nox
663 2583 928 2654 resurrectionem
948 2591 1039 2654 nohis
1059 2587 1166 2654 decla-

130 2709 222 2760 rsut:
236 2696 336 2759 cubet
348 2694 665 2782 nox,exsurgitdies;
680 2695 746 2759 dies
759 2689 836 2771 sibit,
851 2721 914 2762 uox
923 2697 1078 2762 advenit¹.
1093 2696 1167 2762 Res·

126 2805 287 2893 piciamus
302 2802 410 2890 fruges
425 2802 576 2868 sementis
582 2827 592 2876 ς
613 2825 674 2890 quo
690 2802 787 2870 modo
803 2803 859 2869 list
873 2806 1021 2870 omnihus
1038 2804 1166 2870 obvium

128 2928 194 2978 est:
210 2935 359 3001 egressus
370 2923 419 2975 est
430 2913 614 2986 seminator,
628 2923 660 2976 et
672 2933 780 2977 semen
792 2914 825 2977 in
837 2925 954 2978 terrem
966 2914 1057 3000 jecit,·
1073 2926 1167 3004 atque

129 3024 220 3113 jectis
236 3021 428 3094 seminibus,
451 3044 521 3108 quae
532 3021 618 3085 eride
631 3033 663 3085 et
675 3021 759 3086 nude
777 3022 962 3088 ceciderunt
980 3023 1013 3088 in
1031 3035 1165 3096 terrem,
1280 3111 1283 3116 Ι

130 3145 276 3220 tempore
288 3127 520 3202 dissolvuntur;
535 3142 649 3217 etpost
661 3129 917 3207 dissolutionem,
930 3155 1044 3220 magno
1059 3133 1149 3220 provi

132 3243 245 3308 deutiae
266 3241 399 3308 Domini
421 3242 521 3305 virtus
543 3241 782 3314 resuscitatem
806 3264 844 3306 ec
866 3265 905 3308 ex
919 3265 1007 3317 uno,
1031 3241 1165 3306 multum

130 3351 271 3418 fructum
286 3350 411 3440 profert
425 3361 459 3413 et
472 3348 664 3416 accumulet.

171 3461 280 3528 XXV.
301 3459 566 3548 Contemplemur
581 3461 707 3549 signum
722 3459 883 3534 mirabile,
900 3459 987 3547 quod
1003 3461 1035 3524 in
1052 3459 1169 3526 Orien·
1230 3484 1233 3490 ·

130 3571 245 3638 talibus
261 3569 358 3645 locis,
377 3567 499 3634 scilicet
510 3569 544 3634 in
555 3569 671 3634 Arabis
683 3569 730 3634 tit.
750 3569 823 3634 Avis
840 3567 956 3656 quippe
967 3580 1015 3634 est
1029 3593 1098 3658 quae
1110 3593 1168 3634 ve·

130 3695 217 3748 cetur
234 3679 394 3746 Phoenix:
417 3677 488 3744 haec
508 3676 672 3766 singularis
690 3683 724 3742 'et
740 3677 875 3766 unigena
891 3677 1043 3754 existens,
1067 3703 1167 3744 onnes

162 3835 240 3886 ¹Jac.
254 3855 273 3896 ι,
286 3835 313 3896 8,
326 3843 354 3883 et
367 3831 446 3890 rr,8;
466 3849 478 3880 ι
496 3832 550 3882 l'et.
565 3850 604 3892 ru,
619 3833 644 3890 3,
658 3831 690 3890 ,ἐς
707 3841 733 3881 et
748 3831 782 3880 ls.
800 3849 825 3894 v,
849 3849 885 3897 ¹9·
906 3833 1167 3890 -2ttst.1u,1.-

132 3917 226 3968 'rCoc
239 3933 282 3967 xv.
