2492 4632
372 355 494 399 coarat
518 353 668 402 euersae.
970 331 1033 414 407

4 487 14 528 r
33 463 188 534 Filium
198 466 358 555 adoptive,
374 463 651 532 videbiturautem
666 474 700 530 et
719 465 750 529 in
772 485 868 553 reguo
881 461 1036 531 cetorum

4 575 221 650 tornantem
240 575 359 666 Spiritu
375 575 506 663 quidem
517 585 715 664 praeparante
730 573 893 640 bominem
907 574 941 640 in
955 571 1036 640 Filio

4 685 37 760 εἰ,
57 685 168 754 Filio
183 699 291 754 autem
306 684 486 752 adducente
501 684 542 750 ed
553 683 691 760 Patrem,
708 683 801 780 Retro
815 693 923 751 autem
934 685 1037 752 ineer-

3 793 155 884 ptelam
173 797 312 863 donante
324 796 356 861 in
368 806 519 862 uternam
537 796 646 871 uitam,
662 819 734 885 quaa
746 790 918 884 uuicuique
931 796 1038 860 evenit

14 929 62 972 eo
76 908 188 996 quod
200 907 303 972 videat
314 905 429 975 Deum.
448 905 731 985 Quemadmodum
740 905 828 974 anim
839 905 981 972 videntes
992 903 1038 970 iu»

2 1040 65 1094 en,
90 1017 191 1084 intra
210 1015 318 1084 iumen
334 1027 421 1093 aaut,
438 1027 471 1082 et
489 1015 666 1084 claritatem
682 1017 752 1104 ejus
766 1017 946 1106 pereipiuat
963 1039 972 1080 a
992 1015 1039 1080 eie
1073 1067 1077 1078 .

12 1129 78 1218 qui
92 1129 219 1195 vident
229 1127 346 1203 Deum,
363 1126 444 1192 intra
457 1127 562 1194 Deum
573 1139 660 1203 aunt,
673 1128 884 1217 pereipientes
896 1128 966 1216 ejus
977 1125 1040 1192 ela·

2 1248 130 1303 tatem.
148 1235 301 1304 vivificat
311 1247 419 1302 autem
426 1234 615 1303 eoaeiaritaa
628 1260 636 1301 τ
651 1237 830 1326 percipiunt
840 1257 916 1327 ergo
926 1239 1037 1312 vitam,

2 1347 29 1412 ai
43 1345 176 1412 vident
190 1347 306 1413 Derim.
325 1347 366 1411 Et
380 1344 585 1435 prepterboe
595 1344 794 1434 inoapobiiia,
809 1359 842 1412 et
857 1347 1041 1438 iaeompre

1 1453 166 1523 ensibiiie
190 1455 239 1543 (et
259 1452 457 1544 invisibilis),
478 1453 632 1524 visibitem
646 1479 694 1532 ae,
716 1468 749 1522 et
767 1458 1040 1546 eomprehenaibi»

1 1589 61 1643 tm.
78 1579 118 1634 et
131 1587 295 1657 ¹capacem
307 1565 493 1636 bominibus
507 1577 648 1655 prestet,
665 1577 700 1632 ut
714 1565 852 1634 vivitioet
863 1569 1042 1660 percipient,

2 1701 29 1742 ts
52 1689 90 1743 et
107 1677 262 1744 videntes
283 1699 326 1742 se.
351 1675 637 1756 'Quemadmodum
657 1677 744 1744 euim
764 1677 951 1768 magnitudo
971 1681 1041 1770 ejna

1 1785 228 1878 evestigebiiis
241 1799 302 1862 est,
320 1786 366 1852 sie
384 1799 418 1852 et
436 1787 615 1876 benignitas
633 1787 703 1875 ejus
723 1788 941 1856 inenarrabilia
957 1814 966 1857 a
984 1812 1042 1881 per

1 1923 89 1986 [uam
108 1899 200 1970 visua
216 1899 312 1966 vitam
328 1909 455 1988 prestet
469 1899 508 1964 iia
522 1899 577 1986 qui
592 1898 702 1965 vident
716 1919 800 1966 eum.
824 1899 985 1980 Quoniam
999 1902 1044 1968 vi·

1 2034 66 2076 rere
82 2009 160 2077 sine
176 2009 238 2074 vite
258 2005 452 2098 impossibiie
469 2017 518 2074 eet
535 2031 544 2073 :
566 2008 767 2075 subsistentia
787 2022 895 2076 autem
912 2011 984 2077 vitae
1003 2009 1044 2077 de

1 2121 51 2186 net
64 2117 316 2210 participatione
328 2117 434 2183 evenit
446 2140 456 2182 ε
473 2117 675 2207 partieipatio
687 2131 795 2184 autern
807 2118 866 2186 Dei
876 2129 925 2186 est
936 2120 1043 2186 videre

7 2235 120 2306 teum,
139 2239 173 2293 et
187 2225 249 2291 frui
267 2225 462 2315 benignitate
476 2225 556 2314 ejus.

41 2337 101 2404 Vt.
122 2335 275 2404 Homines
289 2335 386 2426 igitur
399 2333 554 2400 videbunt
565 2333 682 2412 Deum,
697 2345 732 2403 ut
745 2335 865 2413 vivant.
880 2359 938 2427 per
953 2335 1044 2404 visio.-
1157 2353 1162 2362 ·

1 2469 78 2512 nam
103 2443 298 2512 immortales
321 2444 411 2520 aeut,
437 2455 471 2510 et
496 2445 711 2535 pertingentes
738 2469 837 2535 usque
862 2448 896 2515 in
925 2447 1039 2520 Deum,

4 2557 120 2636 Quod.
140 2559 218 2625 aient
235 2556 380 2647 predixi,
396 2579 459 2646 per
477 2555 651 2646 Prophetae
670 2553 844 2646 figuraliter
861 2559 1044 2626 manifesta-

6 2667 119 2741 batur,
135 2665 279 2755 quoniam
294 2663 455 2730 videbitur
474 2663 560 2729 Deus
573 2665 613 2730 ab
635 2663 819 2733 bominibus
839 2665 893 2752 qui
914 2677 1044 2754 portant

5 2775 160 2865 Spiritum
175 2778 257 2866 ejus,
272 2787 307 2842 et
322 2795 448 2865 semper
459 2775 631 2844 adventurn
644 2777 715 2863 eius
730 2775 897 2841 sustinent.
917 2773 1043 2856 Quern-

6 2886 179 2952 edmodum
195 2899 227 2951 et
242 2887 276 2952 iu
287 2886 537 2953 Deuteronomio
552 2883 655 2952 Muses
666 2885 710 2951 uit
724 2907 732 2949 ε
745 2885 806 2952 «in
823 2884 874 2951 die
885 2885 944 2954 iata
959 2885 1045 2952 vide-

9 2995 152 3071 »bimue
167 2995 319 3084 quoniam
334 2994 484 3086 loquetur
498 2995 583 3060 Deua
599 2994 640 3061 ed
654 2995 829 3080 bominem,
842 3006 879 3060 et
894 2996 1009 3062 view.
1025 3025 1037 3056 u

10 3103 146 3184 Quidam
164 3105 253 3172 enim
273 3127 386 3172 eorum
407 3105 558 3172 videbant
578 3103 734 3194 Spiritum
754 3105 990 3196 propheticum„
1014 3119 1048 3175 et

9 3217 205 3303 operationes
220 3216 290 3303 ejus
301 3215 335 3281 in
346 3216 452 3282 omnia
465 3209 580 3306 genera
597 3215 826 3282 charismatum
841 3215 974 3290 effuaaar
993 3215 1047 3282 eiii

10 3347 80 3391 vero
95 3325 269 3392 adventurn
283 3325 424 3400 Domini,
444 3338 476 3390 et
495 3347 565 3391 eam
581 3349 652 3413 qum
666 3337 714 3391 eat
729 3327 769 3396 ab
789 3325 879 3392 initio
893 3325 1046 3392 adminiev

11 3438 189 3514 tentionem,
211 3459 268 3526 per
289 3461 385 3526 quam
404 3435 483 3503 fecit
498 3435 696 3502 voluntatem
718 3433 831 3514 Petris,
854 3459 925 3527 quae
946 3449 994 3503 est
1013 3427 1059 3504 ie'

11 3547 107 3624 coiis,
131 3556 163 3614 et
191 3553 330 3636 quaeest
355 3548 387 3613 in
408 3546 517 3622 terrim
541 3545 594 3618 ,atti
616 3559 744 3614 vernet
764 3547 879 3637 glorias
899 3559 1046 3637 paternae

13 3659 318 3749 temporetempore
335 3671 366 3725 et
389 3659 462 3748 ipsis
475 3659 533 3748 qui
549 3658 698 3724 videbant
713 3669 745 3722 et
761 3667 838 3725 tune
859 3659 1044 3734 audiebant

13 3779 44 3830 et
56 3767 239 3834 hominibus
251 3769 305 3857 qui
322 3767 471 3856 deinceps
487 3765 626 3834 audituri
642 3776 742 3832 erant.
758 3765 817 3834 'Sie
832 3767 929 3858 igitur
943 3770 1048 3836 inani-

12 3874 182 3946 seatabatar
197 3877 306 3946 Deua:
321 3901 381 3968 per
394 3878 501 3950 omniu
516 3877 603 3947 enim
619 3877 688 3944 haee
703 3877 789 3944 Deua
804 3877 898 3954 Pater
912 3879 1048 3947 ostendi

45 4007 136 4062 *aaut
149 4023 175 4068 a,
189 4009 226 4068 ad.

811 4097 862 4164 50.
