2688 4626
223 245 280 308 179
519 243 632 286 ὅᾸΝΕΤΙ
655 241 775 286 Jus'rtttt
798 239 956 284 nurture
1073 237 1081 251 “

217 350 456 442 genitalem.·llc
464 351 595 418 omnino
604 352 766 420 incondite
774 351 861 439 opud
872 373 927 416 eos
938 358 973 414 et
982 347 1116 412 discors
1131 342 1290 432 quachm

217 461 403 528 inveteravit
417 461 588 536 sententis,
605 481 675 549 quse
691 460 753 526 hec
772 481 834 526 uos
847 480 889 534 re,
899 459 999 547 :equis
1015 455 1210 545 judicibus
1225 451 1290 516 lau

217 571 322 636 danda
345 569 503 646 rideatur,
525 570 612 660 quod
630 593 699 637 sese
721 570 859 636 invicem
882 568 990 634 consti
1015 567 1085 668 sint
1103 565 1244 630 erroris
1264 577 1291 624 rt

220 681 371 768 ignoratae
387 680 527 746 veritatis
541 681 674 746 crimine
689 701 844 768 premere.

259 787 345 854 Vlll.
367 784 469 876 lgitur
487 811 563 855 cum
577 789 643 855 veri
665 787 744 856 nihil
761 811 802 854 ex
822 784 982 880 magistris
998 784 1122 850 vostris
1144 779 1197 848 de
1219 779 1289 844 reli-

217 897 310 986 giono
327 896 405 962 disci
426 899 537 986 possit,
555 910 590 964 ut
609 899 663 987 qui
682 898 770 964 vobis
789 896 903 965 idonee
920 915 987 960 suas
1010 913 1134 958 rerum
1152 893 1287 980 ignoro

218 1005 313 1071 tionis
329 1003 521 1074 documenta
537 1008 657 1074 mutuis
674 1005 923 1072 dissensionibus
937 1002 1172 1092 prebuerints
1194 1001 1286 1086 seqru'

221 1113 299 1179 mihi
321 1112 463 1192 videtur,
485 1127 521 1181 ut
542 1115 583 1180 sd
598 1117 736 1204 majores
763 1124 886 1180 nostros
907 1133 1143 1186 recurramus,
1168 1109 1228 1197 qui
1249 1123 1281 1172 et

159 1271 163 1286 .
219 1217 320 1286 multo
332 1221 526 1308 antiquiores
535 1221 756 1298 vestrisluere,
766 1244 826 1288 nec
837 1221 1015 1310 quidquam
1023 1219 1279 1307 propriomarte

218 1325 434 1416 excogitatum
445 1351 504 1395 nos
516 1329 717 1396 docuerunt:
732 1351 794 1394 uec
805 1328 887 1394 iuter
899 1351 933 1393 se
943 1325 1120 1415 digladiati
1133 1335 1193 1390 sut
1204 1347 1273 1390 sues

219 1435 534 1526 invicem'opiniones
545 1448 690 1506 evertere
707 1439 815 1506 consti
830 1447 921 1512 sunt,
936 1437 996 1502 sed
1013 1436 1091 1502 sino
1109 1435 1178 1500 ullo
1196 1457 1269 1502 mu

220 1547 370 1614 tentionis
387 1559 421 1614 et
439 1551 579 1640 portium
596 1549 704 1616 studio
726 1550 893 1617 scientium
918 1569 936 1612 s
954 1547 1026 1614 Deo
1053 1555 1264 1634 recepe-nl,

221 1679 357 1745 eumque
373 1680 430 1724 nos
455 1658 645 1726 docuerunt.
666 1659 777 1749 Neque
795 1659 881 1724 enim
900 1667 1034 1731 ustura,
1057 1665 1120 1720 aut
1140 1651 1260 1720 burm·

223 1765 340 1854 ingenii
351 1767 420 1834 ecio
432 1789 482 1834 res
497 1777 564 1834 tem
578 1791 701 1858 megnae
719 1791 758 1836 ue
774 1769 887 1834 divino
901 1765 1056 1854 cognosci
1068 1766 1115 1830 ab
1133 1761 1248 1828 bonini

222 1873 284 1940 bus
299 1887 449 1962 possuntt
468 1877 589 1954 sedeo,
600 1877 688 1966 quod
701 1889 769 1943 tum
785 1879 817 1942 in
829 1889 954 1943 sanctos
967 1875 1124 1952 homines
1136 1873 1251 1938 «hecar

225 1985 333 2060 (lebet,
354 1985 451 2059 douo,
467 1985 583 2072 quibus
602 1985 733 2070 quidem
754 2007 816 2050 nec
830 1985 1002 2050 verborum
1026 1982 1169 2048 artificio
1185 2001 1260 2067 opus

224 2090 298 2166 luit,
315 2115 375 2158 nec
388 2091 576 2181 pugnaciter
591 2091 766 2178 quidquam
777 2106 809 2156 et
821 2091 943 2156 rixandi
959 2091 1067 2155 studio
1079 2091 1194 2164 diocle,
1204 2085 1259 2152 sesi

225 2225 324 2292 puros
342 2202 461 2290 seipsos
479 2201 578 2268 divini
598 2182 734 2288 Spiritus
754 2203 930 2290 operationi
951 2203 1106 2290 prrebere
1121 2211 1151 2264 ut
1171 2198 1254 2262 sliri-

227 2333 306 2378 num
330 2310 407 2378 illud
428 2309 594 2399 delapsum
612 2334 631 2376 e
653 2309 742 2376 coelis
757 2309 933 2399 plectrum,
954 2309 1045 2375 velut
1061 2307 1183 2396 quodm
1196 2307 1244 2370 ci-
1327 2318 1328 2335 ¹

226 2420 326 2486 therae
344 2417 486 2505 outlyrae
502 2418 727 2492 instrumento,
745 2419 787 2484 its
798 2419 890 2506 justis
901 2417 1088 2484 hominihus
1102 2414 1252 2489 utensis-
1327 2503 1328 2510 ἵ

229 2528 374 2594 vinorum
388 2527 480 2592 nobis
491 2536 524 2590 et
534 2524 713 2592 coelestium
726 2547 833 2592 rerum
845 2525 1063 2618 cognitionem
1074 2524 1249 2592 redudemt
1327 2513 1329 2542 ²

231 2635 400 2723 Propterea
417 2658 494 2724 ergo
509 2632 595 2700 velut
610 2657 666 2699 ore
682 2657 746 2698 uno
760 2647 793 2700 et
808 2633 913 2723 lingue
932 2655 995 2699 unu
1013 2647 1083 2701 tum
1099 2635 1142 2699 de
1154 2633 1246 2701 uso
1328 2705 1329 2716 χ

230 2744 342 2811 mundi
358 2745 492 2834 origiue,
508 2756 578 2810 tum
592 2744 633 2810 de
647 2743 785 2811 hominis
801 2735 960 2811 creatione
975 2757 1009 2810 et
1021 2743 1143 2811 enimse
1157 2743 1263 2834 hume

231 2877 280 2918 uae
296 2851 545 2927 immortalitate,
562 2873 601 2917 ee
616 2850 724 2918 futuro
738 2863 811 2940 post
825 2850 909 2916 hunc
927 2850 1024 2916 vitum
1043 2847 1182 2940 judicio,
1201 2863 1256 2914 um

232 2962 272 3027 de
291 2961 437 3026 omnihus
457 2963 566 3037 rebus,
586 2983 721 3050 qsmrum
740 2961 833 3027 nohis
850 2943 1027 3028 necessarie
1046 2963 1191 3050 cognitio
1209 2973 1259 3027 est.

232 3091 356 3138 summe
376 3081 408 3135 et
427 3093 536 3137 secum
554 3071 629 3160 ipsis
648 3071 824 3138 constantia
847 3083 880 3136 et
900 3071 984 3138 inter
1003 3092 1038 3136 se
1059 3067 1263 3138 comensium

231 3205 289 3248 nos
304 3180 497 3252 docuerunt;
520 3179 616 3267 idque
631 3201 706 3246 cum
721 3179 815 3244 variis
833 3177 911 3245 locis
926 3191 959 3244 ot
974 3169 1175 3268 temporibus
1191 3179 1266 3243 diri·

234 3311 309 3356 nem
324 3288 417 3356 nobis
432 3285 611 3354 <lectricem
625 3288 796 3356 traderent.

276 3397 334 3464 lX.
354 3399 478 3466 Ducem
494 3397 590 3486 igitur
603 3397 729 3464 initium
745 3422 762 3463 ιι
778 3398 882 3487 primo
897 3397 982 3486 opud
995 3419 1054 3462 nos
1065 3397 1225 3487 prophete
1239 3413 1268 3464 et

233 3505 410 3595 legislatore
421 3507 524 3583 lllose;
536 3531 574 3574 uc
585 3508 672 3596 prius
680 3507 810 3596 quidem
823 3497 939 3596 quibus
950 3510 1150 3596 temporibus
1162 3510 1268 3582 luerit,

235 3639 273 3682 ex
298 3618 487 3704 gravissimis
508 3619 595 3708 apud
617 3642 672 3686 vos
696 3620 882 3686 testimoniis
906 3639 1071 3708 exponam.
1099 3619 1182 3688 Num
1206 3645 1268 3686 non

234 3725 330 3792 modo
344 3748 383 3790 ex
398 3726 509 3793 divinis
525 3730 610 3822 apud
622 3750 680 3794 nos
696 3729 847 3804 historiis,
866 3729 980 3818 quibus
994 3727 1139 3796 noudum
1156 3731 1198 3796 ob
1215 3753 1268 3795 se-

236 3846 337 3902 torem
353 3837 511 3926 majorum
528 3861 669 3906 errorem
683 3841 826 3908 assentiri
844 3839 948 3915 vultis,
966 3842 1034 3908 hec
1049 3841 1266 3908 demonstrato
