2738 4632
478 347 600 394 corrue
624 347 774 392 uerrere.
810 357 815 370 ·
1079 327 1142 407 245

3 469 18 532 τὲ
105 460 203 527 etium
213 457 353 525 veritatis
366 455 550 548 predicatio
565 458 682 548 passim
695 455 796 531 iuuet,
812 479 986 546 omnesque
997 457 1144 526 homines

104 571 162 660 qni
182 569 225 636 etl
244 566 386 635 veritatis
407 567 603 656 agnitionem
617 568 725 634 venire
744 567 892 655 cupiunt,
908 564 1054 635 illustret.
1076 569 1145 636 Nec

1 716 20 756 o
107 703 184 748 uero
203 689 260 744 uut
276 678 303 744 is
326 697 366 743 ex
385 676 536 744 Eccleeiae
554 677 747 744 antistitibus
766 678 821 765 qui
844 677 971 746 dicendi
993 677 1145 747 facultate

5 854 12 865 ,
107 788 220 880 pollet,
238 790 278 855 ab
293 787 342 854 bis
357 786 479 853 diverse
499 786 643 854 dicturus
658 798 708 853 est
727 785 845 873 (nemo
857 788 943 854 enim
962 811 1058 880 supra
1075 813 1146 856 me-

2 973 3 976 *
109 900 244 989 gistrum
262 898 434 987 assurgitlr
452 909 509 962 eut
524 897 553 962 is
569 920 679 963 rursus
698 897 753 986 qui
768 919 882 985 perum
898 897 1034 965 dicendo
1049 898 1146 975 velet,

110 1007 272 1074 traditioni
283 1007 512 1074 detrimentum
524 1005 646 1072 efferet.
659 1005 740 1073 Nam
756 1028 833 1074 cum
845 1029 907 1074 unu
919 1017 1015 1096 utque
1033 1007 1148 1075 eedem

2 1164 18 1204 μ,
111 1117 190 1185 fides
201 1117 254 1194 sit,
263 1139 325 1184 neo
335 1115 390 1204 qui
403 1115 442 1182 de
453 1137 491 1182 ee
504 1114 698 1182 uberrimam
710 1116 888 1182 orationem
899 1116 1018 1184 hebere
1029 1129 1148 1207 potest,

2 1273 15 1323 3
110 1230 281 1302 exuberat,
300 1249 361 1294 neo
379 1226 433 1314 qui
447 1247 549 1314 peuce
564 1225 662 1292 babet
676 1249 748 1314 qum
763 1226 862 1302 dicet,
883 1249 956 1294 enm
973 1227 1145 1296 imminuit.

159 1337 257 1417 Quod
276 1347 384 1402 nutem
405 1334 533 1423 quidem
556 1333 683 1424 ingenio
697 1356 736 1402 ac
758 1334 889 1400 scientie
908 1347 1071 1425 prestere,
1094 1347 1150 1402 eut

113 1449 278 1516 inferiores
292 1470 360 1514 esso
375 1446 536 1522 dicuntur,
553 1468 619 1511 non
633 1468 673 1510 eo
691 1443 742 1520 lit,
755 1443 843 1533 quod
859 1457 1084 1534 argumentum
1099 1448 1150 1536 ip-

113 1583 186 1628 sum
201 1569 338 1634 mutent,
356 1581 395 1624 ec
416 1568 532 1646 praeter
552 1579 628 1624 oum
648 1555 703 1644 qui
718 1555 855 1644 hujusce
870 1556 1083 1624 universitatis
1097 1581 1152 1624 tu·-

1 1752 3 1761 .
114 1668 270 1736 chitectus
292 1679 324 1732 et
345 1679 549 1734 conservator
563 1678 611 1734 ert
635 1664 742 1752 (quusi
763 1687 828 1731 non
851 1665 883 1732 in
904 1689 944 1731 eo
964 1667 1056 1734 nobis
1076 1669 1151 1736 sutis

1 1814 14 1870 ¹:
113 1777 251 1868 praesidii
268 1777 342 1865 sit),
359 1774 457 1843 alium
468 1774 640 1862 quemdum
655 1775 774 1851 Deum,
790 1786 847 1840 eut
862 1771 959 1840 elium
975 1776 1152 1854 Christum,

115 1901 172 1954 nut
182 1885 280 1954 ulium
292 1885 492 1974 unigenitum
503 1884 704 1972 excogitent:
719 1905 830 1952 verum
841 1883 875 1949 in
886 1906 925 1949 eo
937 1883 1067 1952 demum
1079 1909 1154 1952 con·

117 1998 212 2072 sistit,
231 2008 268 2061 ut
287 1994 356 2083 quis
377 2017 415 2058 en
430 1992 536 2059 omnin
558 2014 627 2082 qum
642 1992 674 2060 in
694 1992 853 2083 parabolis
868 1993 953 2060 dicte
969 2007 1045 2062 eunt
1062 2017 1158 2062 eccu-

119 2107 218 2188 retius
226 2114 412 2194 pertractet,
423 2101 561 2192 fideique
569 2116 756 2192 argumento
764 2104 1000 2181 accommodet,
1009 2106 1042 2170 in
1053 2128 1156 2194 eoque

7 2281 10 2300 ,
118 2217 228 2291 etiem,
242 2227 278 2282 ut
287 2214 348 2280 Dei
359 2212 570 2289 molitionem,
580 2235 618 2280 nc
629 2214 896 2304 dispensationem
908 2216 950 2280 ob
962 2215 1094 2281 humani
1107 2239 1158 2306 ge-

116 2325 204 2394 neris
219 2322 353 2390 salutem
367 2322 486 2388 sactum
501 2333 651 2410 exponat,
667 2322 818 2411 quodque
837 2321 987 2388 diuturne
1002 2324 1100 2390 enimi
1115 2323 1160 2390 le·

119 2437 220 2506 nitate
238 2447 308 2500 tum
325 2429 521 2524 Angelorum
536 2431 591 2522 qui
607 2433 647 2497 ub
663 2453 702 2497 eo
718 2443 917 2498 recesserunt
932 2433 1157 2512 desectionem,

121 2558 192 2611 turn
213 2543 381 2612 bominum
401 2540 652 2609 inobedientium
675 2540 804 2618 tulerit,
827 2542 993 2632 explanet;
1017 2545 1158 2634 quidque

122 2677 226 2722 ouusae
242 2653 298 2726 sit;
313 2674 373 2717 cur
386 2649 446 2716 eliu
462 2650 597 2726 caduce,
609 2659 641 2716 et
656 2647 717 2716 elin
733 2663 865 2728 aeternu,
881 2651 941 2718 olio
956 2651 1109 2731 coelcstiu,
1126 2666 1161 2721 et

121 2763 181 2832 eliu
202 2778 341 2839 terrene,
356 2785 438 2828 unus
452 2773 485 2827 et
501 2761 587 2828 idern
601 2761 687 2827 Deus
703 2762 892 2850 procrearit,
909 2774 1034 2829 enarret
1040 2789 1050 2840 r
1078 2790 1159 2854 quu-

1 2946 3 2958 ,
120 2901 184 2966 que
196 2875 235 2941 de
252 2897 347 2941 ceusu
358 2873 457 2948 Deus,
473 2895 549 2938 cum
567 2869 731 2938 invisibilis
749 2883 844 2946 esset,
864 2872 1030 2964 Prophetis
1051 2886 1159 2943 tumen

122 2986 235 3054 nonin
250 3008 313 3051 une
329 2982 443 3057 sormn,
457 2981 512 3048 sed
527 2979 619 3047 aliter
633 2979 701 3047 aliis
713 2991 809 3070 utque
824 2979 892 3047 nliis
909 2984 1161 3074 conspicnndum

123 3123 159 3166 se
174 3095 357 3187 prebuerit,
371 3091 541 3182 iutelligett
556 3093 612 3182 qui
626 3092 724 3158 etiem
739 3091 860 3158 sectum
876 3091 916 3158 sit
931 3103 966 3157 ut
981 3091 1073 3182 plura
1087 3094 1162 3162 Tes-

1 3281 2 3290 χ
125 3219 265 3276 tamenta
279 3204 446 3273 hominum
458 3201 566 3292 generi
582 3200 786 3290 contigerint,
804 3199 936 3276 indicet,
955 3201 1089 3290 quisque
1100 3227 1161 3270 cu·
1270 3256 1275 3267 .

1 3305 2 3310 ἵ
125 3319 240 3408 jusque
251 3313 444 3382 Testamenti
456 3311 624 3378 character
634 3310 686 3386 sit,
700 3311 847 3382 edoceetr
868 3310 944 3398 quid
964 3311 1040 3377 item
1058 3335 1161 3380 cuusae

122 3428 233 3503 suerit,
254 3426 463 3514 quemobrem
487 3421 602 3487 «Deus
617 3420 721 3486 omnia
738 3421 771 3486 in
791 3419 1013 3487 incredulitate
1031 3421 1161 3489 conclu·

124 3569 138 3602 ι
155 3539 244 3613 serit,
253 3547 288 3602 ut
298 3535 442 3602 omnium
452 3531 692 3608 misereatur¹,r
702 3532 889 3621 investigetr
904 3555 1001 3622 qnam
1011 3534 1108 3600 etiem
1120 3538 1161 3601 ob

125 3672 255 3718 causum
265 3647 413 3712 Verbum
422 3644 480 3712 Dei
490 3665 568 3708 euro
578 3643 705 3730 sectum
716 3643 769 3718 sit,
781 3643 1003 3732 cruciatusque
1018 3644 1163 3722 subierit,

126 3774 215 3852 grute
236 3759 378 3824 orntione
399 3753 646 3844 complectetur3
664 3775 723 3820 cur
736 3765 889 3841 praetereu
909 3755 1058 3820 extremis
1078 3767 1163 3826 tem-

127 3871 270 3962 poribus,
287 3868 350 3936 boc
365 3879 427 3945 est,
449 3868 482 3934 in
504 3863 569 3932 fine
588 3863 694 3954 potius
713 3887 810 3952 quum
831 3865 865 3930 in
886 3864 990 3941 initio,
1009 3865 1164 3936 adventus

161 4001 256 4052 ¹Joru.
270 4017 304 4060 rr,
317 3999 358 4048 52.

935 4079 982 4145 rb.
