<?xml version="1.0" encoding="UTF-8"?>
<!DOCTYPE html PUBLIC "-//W3C//DTD XHTML 1.0 Transitional//EN"
    "http://www.w3.org/TR/xhtml1/DTD/xhtml1-transitional.dtd">
<html xmlns="http://www.w3.org/1999/xhtml" xml:lang="en" lang="en">
 <head>
  <title>
</title>
<meta http-equiv="Content-Type" content="text/html;charset=utf-8" />
  <meta name='ocr-system' content='tesseract 3.04.00' />
  <meta name='ocr-capabilities' content='ocr_page ocr_carea ocr_par ocr_line ocrx_word'/>
</head>
<body>
  <div class='ocr_page' id='page_1' title='image "./collectioselect02guilgoog_0656.png"; bbox 0 0 2616 4620; ppageno 0'>
   <div class='ocr_carea' id='block_1_1' title="bbox 369 265 1091 342">
    <p class='ocr_par' dir='ltr' id='par_1_1' title="bbox 369 265 1091 342">
     <span class='ocr_line' id='line_1_1' title="bbox 369 265 1091 342; baseline -0.008 -10"><span class='ocrx_word' id='word_1_1' title='bbox 369 289 408 332; x_wconf 85' lang='lat' dir='ltr'><strong>an</strong></span> <span class='ocrx_word' id='word_1_2' title='bbox 436 287 633 342; x_wconf 79' lang='lat' dir='ltr'><strong>auroarcuu,</strong></span> <span class='ocrx_word' id='word_1_3' title='bbox 659 283 729 330; x_wconf 66' lang='lat' dir='ltr'><strong>nans·</strong></span> <span class='ocrx_word' id='word_1_4' title='bbox 748 289 781 330; x_wconf 84' lang='grc' dir='ltr'><strong>ιι.</strong></span> <span class='ocrx_word' id='word_1_5' title='bbox 1037 265 1091 328; x_wconf 77' lang='lat' dir='ltr'><strong>adr</strong></span> 
     </span>
    </p>
   </div>
   <div class='ocr_carea' id='block_1_2' title="bbox 0 392 1157 2554">
    <p class='ocr_par' dir='ltr' id='par_1_2' title="bbox 0 392 1157 2554">
     <span class='ocr_line' id='line_1_2' title="bbox 58 392 1093 482; baseline -0.002 -26"><span class='ocrx_word' id='word_1_6' title='bbox 58 395 118 481; x_wconf 91' lang='lat' dir='ltr'><strong>qui</strong></span> <span class='ocrx_word' id='word_1_7' title='bbox 137 415 195 482; x_wconf 90' lang='lat' dir='ltr'><strong>pro</strong></span> <span class='ocrx_word' id='word_1_8' title='bbox 214 395 260 458; x_wconf 89' lang='lat' dir='ltr'><strong>rei</strong></span> <span class='ocrx_word' id='word_1_9' title='bbox 279 394 430 482; x_wconf 79' lang='lat' dir='ltr'><strong>dignitate</strong></span> <span class='ocrx_word' id='word_1_10' title='bbox 449 395 682 460; x_wconf 71' lang='lat' dir='ltr'><strong>enarrationem</strong></span> <span class='ocrx_word' id='word_1_11' title='bbox 703 406 736 458; x_wconf 92' lang='lat' dir='ltr'><strong>et</strong></span> <span class='ocrx_word' id='word_1_12' title='bbox 757 392 1003 482; x_wconf 73' lang='lat' dir='ltr'><strong>descriptionem</strong></span> <span class='ocrx_word' id='word_1_13' title='bbox 1022 412 1093 456; x_wconf 87' lang='lat' dir='ltr'><strong>om-</strong></span> 
     </span>
     <span class='ocr_line' id='line_1_3' title="bbox 54 500 1086 592; baseline -0.002 -24"><span class='ocrx_word' id='word_1_14' title='bbox 54 527 135 568; x_wconf 85' lang='lat' dir='ltr'><strong>nem</strong></span> <span class='ocrx_word' id='word_1_15' title='bbox 158 501 313 591; x_wconf 86' lang='lat' dir='ltr'><strong>explicare</strong></span> <span class='ocrx_word' id='word_1_16' title='bbox 332 504 442 592; x_wconf 88' lang='lat' dir='ltr'><strong>possit,</strong></span> <span class='ocrx_word' id='word_1_17' title='bbox 468 504 589 570; x_wconf 85' lang='lat' dir='ltr'><strong>etiamsi</strong></span> <span class='ocrx_word' id='word_1_18' title='bbox 609 504 719 570; x_wconf 89' lang='lat' dir='ltr'><strong>decem</strong></span> <span class='ocrx_word' id='word_1_19' title='bbox 737 501 823 570; x_wconf 83' lang='lat' dir='ltr'><strong>mille</strong></span> <span class='ocrx_word' id='word_1_20' title='bbox 845 524 900 569; x_wconf 88' lang='lat' dir='ltr'><strong>ora</strong></span> <span class='ocrx_word' id='word_1_21' title='bbox 918 500 1034 568; x_wconf 82' lang='lat' dir='ltr'><strong>haheat</strong></span> <span class='ocrx_word' id='word_1_22' title='bbox 1054 511 1086 566; x_wconf 88' lang='lat' dir='ltr'><strong>et</strong></span> 
     </span>
     <span class='ocr_line' id='line_1_4' title="bbox 1 607 1094 701; baseline -0.004 -25"><span class='ocrx_word' id='word_1_23' title='bbox 1 665 2 669; x_wconf 65' lang='lat'>,</span> <span class='ocrx_word' id='word_1_24' title='bbox 61 611 178 678; x_wconf 87' lang='lat' dir='ltr'><strong>‹leosm</strong></span> <span class='ocrx_word' id='word_1_25' title='bbox 189 610 275 678; x_wconf 90' lang='lat' dir='ltr'><strong>mille</strong></span> <span class='ocrx_word' id='word_1_26' title='bbox 289 611 419 701; x_wconf 80' lang='lat' dir='ltr'><strong>linguas.</strong></span> <span class='ocrx_word' id='word_1_27' title='bbox 438 612 542 700; x_wconf 83' lang='lat' dir='ltr'><strong>Atque</strong></span> <span class='ocrx_word' id='word_1_28' title='bbox 556 611 763 699; x_wconf 21' lang='lat' dir='ltr'><strong>etiamsi-quis</strong></span> <span class='ocrx_word' id='word_1_29' title='bbox 774 611 885 678; x_wconf 83' lang='lat' dir='ltr'><strong>decem</strong></span> <span class='ocrx_word' id='word_1_30' title='bbox 897 607 982 676; x_wconf 90' lang='lat' dir='ltr'><strong>mille</strong></span> <span class='ocrx_word' id='word_1_31' title='bbox 994 630 1094 674; x_wconf 87' lang='lat' dir='ltr'><strong>annos</strong></span> 
     </span>
     <span class='ocr_line' id='line_1_5' title="bbox 0 718 1094 811; baseline 0.001 -31"><span class='ocrx_word' id='word_1_32' title='bbox 0 777 1 780; x_wconf 74' lang='grc'>,</span> <span class='ocrx_word' id='word_1_33' title='bbox 53 721 144 786; x_wconf 87' lang='lat' dir='ltr'><strong>vivat</strong></span> <span class='ocrx_word' id='word_1_34' title='bbox 157 721 193 786; x_wconf 89' lang='lat' dir='ltr'><strong>in</strong></span> <span class='ocrx_word' id='word_1_35' title='bbox 209 721 269 787; x_wconf 87' lang='lat' dir='ltr'><strong>hac</strong></span> <span class='ocrx_word' id='word_1_36' title='bbox 286 734 368 786; x_wconf 85' lang='lat' dir='ltr'><strong>terra</strong></span> <span class='ocrx_word' id='word_1_37' title='bbox 385 723 582 811; x_wconf 80' lang='lat' dir='ltr'><strong>peregrinus,</strong></span> <span class='ocrx_word' id='word_1_38' title='bbox 601 732 725 790; x_wconf 85' lang='lat' dir='ltr'><strong>netum</strong></span> <span class='ocrx_word' id='word_1_39' title='bbox 741 720 870 808; x_wconf 84' lang='lat' dir='ltr'><strong>quidem</strong></span> <span class='ocrx_word' id='word_1_40' title='bbox 887 720 946 786; x_wconf 86' lang='lat' dir='ltr'><strong>erit</strong></span> <span class='ocrx_word' id='word_1_41' title='bbox 963 718 1094 784; x_wconf 91' lang='lat' dir='ltr'><strong>idoneus</strong></span> 
     </span>
     <span class='ocr_line' id='line_1_6' title="bbox 54 830 1093 921; baseline -0.001 -26"><span class='ocrx_word' id='word_1_42' title='bbox 54 831 118 919; x_wconf 91' lang='lat' dir='ltr'><strong>qui</strong></span> <span class='ocrx_word' id='word_1_43' title='bbox 132 831 171 896; x_wconf 92' lang='lat' dir='ltr'><strong>de</strong></span> <span class='ocrx_word' id='word_1_44' title='bbox 183 830 232 896; x_wconf 87' lang='lat' dir='ltr'><strong>his</strong></span> <span class='ocrx_word' id='word_1_45' title='bbox 243 831 336 920; x_wconf 80' lang='lat' dir='ltr'><strong>digne</strong></span> <span class='ocrx_word' id='word_1_46' title='bbox 349 833 510 921; x_wconf 78' lang='lat' dir='ltr'><strong>quidpiam</strong></span> <span class='ocrx_word' id='word_1_47' title='bbox 523 833 620 909; x_wconf 83' lang='lat' dir='ltr'><strong>dieat,</strong></span> <span class='ocrx_word' id='word_1_48' title='bbox 636 845 765 920; x_wconf 86' lang='lat' dir='ltr'><strong>propter</strong></span> <span class='ocrx_word' id='word_1_49' title='bbox 776 841 1017 920; x_wconf 78' lang='lat' dir='ltr'><strong>exsuperantem</strong></span> <span class='ocrx_word' id='word_1_50' title='bbox 1028 849 1093 894; x_wconf 86' lang='lat' dir='ltr'><strong>ma-</strong></span> 
     </span>
     <span class='ocr_line' id='line_1_7' title="bbox 1 939 1093 1031; baseline -0.005 -22"><span class='ocrx_word' id='word_1_51' title='bbox 1 971 3 1009; x_wconf 71' lang='lat' dir='ltr'>a</span> <span class='ocrx_word' id='word_1_52' title='bbox 55 940 261 1027; x_wconf 82' lang='lat' dir='ltr'><strong>gnitudinem</strong></span> <span class='ocrx_word' id='word_1_53' title='bbox 277 952 309 1005; x_wconf 90' lang='lat' dir='ltr'><strong>et</strong></span> <span class='ocrx_word' id='word_1_54' title='bbox 324 941 445 1008; x_wconf 79' lang='lat' dir='ltr'><strong>divitias</strong></span> <span class='ocrx_word' id='word_1_55' title='bbox 457 942 615 1030; x_wconf 72' lang='lat' dir='ltr'><strong>sapientie</strong></span> <span class='ocrx_word' id='word_1_56' title='bbox 627 941 700 1016; x_wconf 85' lang='lat' dir='ltr'><strong>Dei,</strong></span> <span class='ocrx_word' id='word_1_57' title='bbox 717 964 787 1028; x_wconf 83' lang='lat' dir='ltr'><strong>quae</strong></span> <span class='ocrx_word' id='word_1_58' title='bbox 799 941 885 1031; x_wconf 91' lang='lat' dir='ltr'><strong>operi</strong></span> <span class='ocrx_word' id='word_1_59' title='bbox 900 961 954 1008; x_wconf 85' lang='lat' dir='ltr'><strong>sex</strong></span> <span class='ocrx_word' id='word_1_60' title='bbox 969 939 1093 1006; x_wconf 85' lang='lat' dir='ltr'><strong>dierum</strong></span> 
     </span>
     <span class='ocr_line' id='line_1_8' title="bbox 53 1047 1091 1139; baseline 0.001 -26"><span class='ocrx_word' id='word_1_61' title='bbox 53 1071 154 1136; x_wconf 84' lang='lat' dir='ltr'><strong>supra</strong></span> <span class='ocrx_word' id='word_1_62' title='bbox 167 1049 329 1139; x_wconf 87' lang='lat' dir='ltr'><strong>descripto</strong></span> <span class='ocrx_word' id='word_1_63' title='bbox 341 1051 432 1118; x_wconf 87' lang='lat' dir='ltr'><strong>inest.</strong></span> <span class='ocrx_word' id='word_1_64' title='bbox 447 1053 494 1119; x_wconf 79' lang='lat' dir='ltr'><strong>Ac</strong></span> <span class='ocrx_word' id='word_1_65' title='bbox 505 1051 597 1118; x_wconf 91' lang='lat' dir='ltr'><strong>multi</strong></span> <span class='ocrx_word' id='word_1_66' title='bbox 609 1050 738 1138; x_wconf 88' lang='lat' dir='ltr'><strong>quidem</strong></span> <span class='ocrx_word' id='word_1_67' title='bbox 751 1051 918 1139; x_wconf 77' lang='lat' dir='ltr'><strong>scriptores</strong></span> <span class='ocrx_word' id='word_1_68' title='bbox 927 1047 1008 1114; x_wconf 93' lang='lat' dir='ltr'><strong>illud</strong></span> <span class='ocrx_word' id='word_1_69' title='bbox 1018 1048 1091 1114; x_wconf 90' lang='lat' dir='ltr'><strong>imi-</strong></span> 
     </span>
     <span class='ocr_line' id='line_1_9' title="bbox 1 1151 1091 1248; baseline 0.003 -28"><span class='ocrx_word' id='word_1_70' title='bbox 1 1196 2 1232; x_wconf 65' lang='lat'>3</span> <span class='ocrx_word' id='word_1_71' title='bbox 52 1157 115 1221; x_wconf 89' lang='lat' dir='ltr'><strong>tati</strong></span> <span class='ocrx_word' id='word_1_72' title='bbox 127 1169 213 1232; x_wconf 87' lang='lat' dir='ltr'><strong>sunt,</strong></span> <span class='ocrx_word' id='word_1_73' title='bbox 225 1171 257 1222; x_wconf 90' lang='lat' dir='ltr'><strong>at</strong></span> <span class='ocrx_word' id='word_1_74' title='bbox 268 1157 308 1224; x_wconf 90' lang='lat' dir='ltr'><strong>de</strong></span> <span class='ocrx_word' id='word_1_75' title='bbox 319 1158 367 1224; x_wconf 90' lang='lat' dir='ltr'><strong>his</strong></span> <span class='ocrx_word' id='word_1_76' title='bbox 378 1161 614 1225; x_wconf 87' lang='lat' dir='ltr'><strong>rehusnarrare</strong></span> <span class='ocrx_word' id='word_1_77' title='bbox 625 1151 781 1248; x_wconf 67' lang='lat' dir='ltr'><strong>aggressis</strong></span> <span class='ocrx_word' id='word_1_78' title='bbox 797 1158 853 1224; x_wconf 89' lang='lat' dir='ltr'><strong>sed</strong></span> <span class='ocrx_word' id='word_1_79' title='bbox 864 1158 1006 1245; x_wconf 72' lang='lat' dir='ltr'><strong>quamuis</strong></span> <span class='ocrx_word' id='word_1_80' title='bbox 1017 1157 1091 1223; x_wconf 89' lang='lat' dir='ltr'><strong>inde</strong></span> 
     </span>
     <span class='ocr_line' id='line_1_10' title="bbox 54 1265 1090 1353; baseline 0.002 -23"><span class='ocrx_word' id='word_1_81' title='bbox 54 1267 244 1353; x_wconf 85' lang='lat' dir='ltr'><strong>adjumenta</strong></span> <span class='ocrx_word' id='word_1_82' title='bbox 260 1267 319 1332; x_wconf 89' lang='lat' dir='ltr'><strong>sibi</strong></span> <span class='ocrx_word' id='word_1_83' title='bbox 335 1277 496 1333; x_wconf 87' lang='lat' dir='ltr'><strong>sumerent</strong></span> <span class='ocrx_word' id='word_1_84' title='bbox 512 1267 622 1334; x_wconf 90' lang='lat' dir='ltr'><strong>mundi</strong></span> <span class='ocrx_word' id='word_1_85' title='bbox 634 1267 802 1334; x_wconf 81' lang='lat' dir='ltr'><strong>creationis</strong></span> <span class='ocrx_word' id='word_1_86' title='bbox 812 1277 846 1332; x_wconf 84' lang='lat' dir='ltr'><strong>et</strong></span> <span class='ocrx_word' id='word_1_87' title='bbox 857 1279 975 1333; x_wconf 86' lang='lat' dir='ltr'><strong>naturae</strong></span> <span class='ocrx_word' id='word_1_88' title='bbox 986 1265 1090 1336; x_wconf 88' lang='lat' dir='ltr'><strong>homi-</strong></span> 
     </span>
     <span class='ocr_line' id='line_1_11' title="bbox 1 1368 1094 1463; baseline 0.001 -24"><span class='ocrx_word' id='word_1_89' title='bbox 1 1452 2 1460; x_wconf 13' lang='lat'><em>*</em></span> <span class='ocrx_word' id='word_1_90' title='bbox 54 1375 108 1440; x_wconf 85' lang='lat' dir='ltr'><strong>mis</strong></span> <span class='ocrx_word' id='word_1_91' title='bbox 123 1375 328 1463; x_wconf 77' lang='lat' dir='ltr'><strong>explicandae,</strong></span> <span class='ocrx_word' id='word_1_92' title='bbox 353 1373 460 1442; x_wconf 82' lang='lat' dir='ltr'><strong>tumen</strong></span> <span class='ocrx_word' id='word_1_93' title='bbox 476 1399 516 1440; x_wconf 90' lang='lat' dir='ltr'><strong>ne</strong></span> <span class='ocrx_word' id='word_1_94' title='bbox 533 1387 662 1440; x_wconf 84' lang='lat' dir='ltr'><strong>tenuem</strong></span> <span class='ocrx_word' id='word_1_95' title='bbox 677 1375 806 1462; x_wconf 88' lang='lat' dir='ltr'><strong>quidem</strong></span> <span class='ocrx_word' id='word_1_96' title='bbox 822 1368 961 1440; x_wconf 79' lang='lat' dir='ltr'><strong>raritatis</strong></span> <span class='ocrx_word' id='word_1_97' title='bbox 976 1373 1094 1440; x_wconf 89' lang='lat' dir='ltr'><strong>scintil-</strong></span> 
     </span>
     <span class='ocr_line' id='line_1_12' title="bbox 55 1482 1090 1572; baseline 0 -24"><span class='ocrx_word' id='word_1_98' title='bbox 55 1483 123 1548; x_wconf 89' lang='lat' dir='ltr'><strong>lam</strong></span> <span class='ocrx_word' id='word_1_99' title='bbox 137 1484 259 1571; x_wconf 89' lang='lat' dir='ltr'><strong>assequi</strong></span> <span class='ocrx_word' id='word_1_100' title='bbox 274 1495 456 1571; x_wconf 86' lang='lat' dir='ltr'><strong>potuerunt.</strong></span> <span class='ocrx_word' id='word_1_101' title='bbox 478 1483 636 1549; x_wconf 86' lang='lat' dir='ltr'><strong>Videntur·</strong></span> <span class='ocrx_word' id='word_1_102' title='bbox 651 1494 759 1548; x_wconf 89' lang='lat' dir='ltr'><strong>autem</strong></span> <span class='ocrx_word' id='word_1_103' title='bbox 775 1507 846 1570; x_wconf 82' lang='lat' dir='ltr'><strong>quae</strong></span> <span class='ocrx_word' id='word_1_104' title='bbox 860 1507 878 1547; x_wconf 87' lang='lat' dir='ltr'><strong>a</strong></span> <span class='ocrx_word' id='word_1_105' title='bbox 894 1482 1090 1572; x_wconf 86' lang='lat' dir='ltr'><strong>philosophia</strong></span> 
     </span>
     <span class='ocr_line' id='line_1_13' title="bbox 55 1592 1092 1682; baseline 0 -24"><span class='ocrx_word' id='word_1_106' title='bbox 55 1605 92 1658; x_wconf 90' lang='lat' dir='ltr'><strong>et</strong></span> <span class='ocrx_word' id='word_1_107' title='bbox 104 1593 311 1682; x_wconf 86' lang='lat' dir='ltr'><strong>scriptoribus</strong></span> <span class='ocrx_word' id='word_1_108' title='bbox 322 1605 355 1657; x_wconf 92' lang='lat' dir='ltr'><strong>et</strong></span> <span class='ocrx_word' id='word_1_109' title='bbox 365 1593 467 1682; x_wconf 84' lang='lat' dir='ltr'><strong>poetis</strong></span> <span class='ocrx_word' id='word_1_110' title='bbox 478 1592 562 1658; x_wconf 83' lang='lat' dir='ltr'><strong>dicta</strong></span> <span class='ocrx_word' id='word_1_111' title='bbox 574 1593 736 1669; x_wconf 79' lang='lat' dir='ltr'><strong>sunt‚lide</strong></span> <span class='ocrx_word' id='word_1_112' title='bbox 748 1593 840 1682; x_wconf 83' lang='lat' dir='ltr'><strong>digna</strong></span> <span class='ocrx_word' id='word_1_113' title='bbox 852 1616 932 1668; x_wconf 87' lang='lat' dir='ltr'><strong>esse,</strong></span> <span class='ocrx_word' id='word_1_114' title='bbox 945 1593 1017 1680; x_wconf 87' lang='lat' dir='ltr'><strong>quia</strong></span> <span class='ocrx_word' id='word_1_115' title='bbox 1029 1617 1092 1659; x_wconf 85' lang='lat' dir='ltr'><strong>ser-</strong></span> 
     </span>
     <span class='ocr_line' id='line_1_14' title="bbox 1 1689 1091 1790; baseline 0.002 -24"><span class='ocrx_word' id='word_1_116' title='bbox 1 1759 2 1766; x_wconf 71' lang='grc'>,</span> <span class='ocrx_word' id='word_1_117' title='bbox 55 1703 162 1768; x_wconf 91' lang='lat' dir='ltr'><strong>monis</strong></span> <span class='ocrx_word' id='word_1_118' title='bbox 172 1700 338 1790; x_wconf 88' lang='lat' dir='ltr'><strong>splendore</strong></span> <span class='ocrx_word' id='word_1_119' title='bbox 352 1699 564 1774; x_wconf 83' lang='lat' dir='ltr'><strong>illustrantur;</strong></span> <span class='ocrx_word' id='word_1_120' title='bbox 583 1695 683 1766; x_wconf 88' lang='lat' dir='ltr'><strong>inanis</strong></span> <span class='ocrx_word' id='word_1_121' title='bbox 695 1715 800 1768; x_wconf 85' lang='lat' dir='ltr'><strong>tamen</strong></span> <span class='ocrx_word' id='word_1_122' title='bbox 810 1689 843 1767; x_wconf 83' lang='lat' dir='ltr'><strong>et</strong></span> <span class='ocrx_word' id='word_1_123' title='bbox 854 1700 970 1768; x_wconf 89' lang='lat' dir='ltr'><strong>insulsa</strong></span> <span class='ocrx_word' id='word_1_124' title='bbox 980 1724 1091 1768; x_wconf 89' lang='lat' dir='ltr'><strong>eorum</strong></span> 
     </span>
     <span class='ocr_line' id='line_1_15' title="bbox 1 1810 1090 1902; baseline 0 -26"><span class='ocrx_word' id='word_1_125' title='bbox 1 1873 2 1902; x_wconf 20' lang='lat' dir='ltr'><strong>p</strong></span> <span class='ocrx_word' id='word_1_126' title='bbox 56 1812 161 1876; x_wconf 86' lang='lat' dir='ltr'><strong>oratio</strong></span> <span class='ocrx_word' id='word_1_127' title='bbox 177 1835 216 1876; x_wconf 84' lang='lat' dir='ltr'><strong>ex</strong></span> <span class='ocrx_word' id='word_1_128' title='bbox 230 1835 269 1875; x_wconf 91' lang='lat' dir='ltr'><strong>eo</strong></span> <span class='ocrx_word' id='word_1_129' title='bbox 285 1810 476 1886; x_wconf 88' lang='lat' dir='ltr'><strong>declaratur,</strong></span> <span class='ocrx_word' id='word_1_130' title='bbox 493 1811 579 1900; x_wconf 91' lang='lat' dir='ltr'><strong>quod</strong></span> <span class='ocrx_word' id='word_1_131' title='bbox 594 1811 752 1878; x_wconf 82' lang='lat' dir='ltr'><strong>luxurient</strong></span> <span class='ocrx_word' id='word_1_132' title='bbox 768 1813 853 1901; x_wconf 89' lang='lat' dir='ltr'><strong>apud</strong></span> <span class='ocrx_word' id='word_1_133' title='bbox 867 1835 921 1878; x_wconf 85' lang='lat' dir='ltr'><strong>eos</strong></span> <span class='ocrx_word' id='word_1_134' title='bbox 932 1827 1042 1901; x_wconf 82' lang='lat' dir='ltr'><strong>nugae,&#39;</strong></span> <span class='ocrx_word' id='word_1_135' title='bbox 1052 1823 1090 1877; x_wconf 84' lang='lat' dir='ltr'><strong>&#39;ac</strong></span> 
     </span>
     <span class='ocr_line' id='line_1_16' title="bbox 1 1916 1089 2008; baseline -0.001 -24"><span class='ocrx_word' id='word_1_136' title='bbox 1 1988 2 2004; x_wconf 23' lang='lat' dir='ltr'><strong>p</strong></span> <span class='ocrx_word' id='word_1_137' title='bbox 58 1920 198 1984; x_wconf 85' lang='lat' dir='ltr'><strong>veritatis</strong></span> <span class='ocrx_word' id='word_1_138' title='bbox 219 1942 258 1984; x_wconf 89' lang='lat' dir='ltr'><strong>ne</strong></span> <span class='ocrx_word' id='word_1_139' title='bbox 274 1916 336 1983; x_wconf 90' lang='lat' dir='ltr'><strong>ulla</strong></span> <span class='ocrx_word' id='word_1_140' title='bbox 352 1919 481 2006; x_wconf 87' lang='lat' dir='ltr'><strong>quidem</strong></span> <span class='ocrx_word' id='word_1_141' title='bbox 496 1918 650 2008; x_wconf 85' lang='lat' dir='ltr'><strong>particula</strong></span> <span class='ocrx_word' id='word_1_142' title='bbox 666 1920 853 1986; x_wconf 86' lang='lat' dir='ltr'><strong>inveniatur.</strong></span> <span class='ocrx_word' id='word_1_143' title='bbox 877 1921 956 1986; x_wconf 89' lang='lat' dir='ltr'><strong>Nam</strong></span> <span class='ocrx_word' id='word_1_144' title='bbox 972 1921 997 1985; x_wconf 87' lang='lat' dir='ltr'><strong>si</strong></span> <span class='ocrx_word' id='word_1_145' title='bbox 1012 1920 1089 2007; x_wconf 93' lang='lat' dir='ltr'><strong>quid</strong></span> 
     </span>
     <span class='ocr_line' id='line_1_17' title="bbox 1 2027 1157 2116; baseline 0.003 -25"><span class='ocrx_word' id='word_1_146' title='bbox 1 2095 3 2107; x_wconf 20' lang='lat' dir='ltr'><strong>q</strong></span> <span class='ocrx_word' id='word_1_147' title='bbox 57 2028 125 2092; x_wconf 87' lang='lat' dir='ltr'><strong>veri</strong></span> <span class='ocrx_word' id='word_1_148' title='bbox 142 2028 180 2092; x_wconf 90' lang='lat' dir='ltr'><strong>ab</strong></span> <span class='ocrx_word' id='word_1_149' title='bbox 198 2027 233 2093; x_wconf 93' lang='lat' dir='ltr'><strong>iis</strong></span> <span class='ocrx_word' id='word_1_150' title='bbox 248 2027 455 2115; x_wconf 68' lang='lat' dir='ltr'><strong>predicatum</strong></span> <span class='ocrx_word' id='word_1_151' title='bbox 474 2028 824 2116; x_wconf 78' lang='lat' dir='ltr'><strong>videtur,·permixtum</strong></span> <span class='ocrx_word' id='word_1_152' title='bbox 840 2041 887 2094; x_wconf 90' lang='lat' dir='ltr'><strong>est</strong></span> <span class='ocrx_word' id='word_1_153' title='bbox 902 2052 1019 2094; x_wconf 88' lang='lat' dir='ltr'><strong>errore.</strong></span> <span class='ocrx_word' id='word_1_154' title='bbox 1042 2031 1090 2094; x_wconf 81' lang='lat' dir='ltr'><strong>Ac</strong></span> <span class='ocrx_word' id='word_1_155' title='bbox 1155 2087 1157 2094; x_wconf 17' lang='grc' dir='ltr'><em>Α</em></span> 
     </span>
     <span class='ocr_line' id='line_1_18' title="bbox 1 2126 1088 2226; baseline 0 -24"><span class='ocrx_word' id='word_1_156' title='bbox 1 2126 2 2129; x_wconf 26' lang='grc'><strong>“</strong></span> <span class='ocrx_word' id='word_1_157' title='bbox 58 2139 328 2226; x_wconf 91' lang='lat' dir='ltr'><strong>quemadmodum</strong></span> <span class='ocrx_word' id='word_1_158' title='bbox 349 2136 556 2226; x_wconf 87' lang='lat' dir='ltr'><strong>pharmacum</strong></span> <span class='ocrx_word' id='word_1_159' title='bbox 574 2137 702 2226; x_wconf 88' lang='lat' dir='ltr'><strong>aliquod</strong></span> <span class='ocrx_word' id='word_1_160' title='bbox 718 2138 930 2213; x_wconf 79' lang='lat' dir='ltr'><strong>mortiferum,</strong></span> <span class='ocrx_word' id='word_1_161' title='bbox 951 2138 976 2203; x_wconf 91' lang='lat' dir='ltr'><strong>si</strong></span> <span class='ocrx_word' id='word_1_162' title='bbox 994 2136 1088 2204; x_wconf 83' lang='lat' dir='ltr'><strong>mede</strong></span> 
     </span>
     <span class='ocr_line' id='line_1_19' title="bbox 58 2245 1087 2337; baseline 0.001 -25"><span class='ocrx_word' id='word_1_163' title='bbox 58 2259 116 2312; x_wconf 89' lang='lat' dir='ltr'><strong>aut</strong></span> <span class='ocrx_word' id='word_1_164' title='bbox 128 2249 202 2313; x_wconf 80' lang='lat' dir='ltr'><strong>vino</strong></span> <span class='ocrx_word' id='word_1_165' title='bbox 217 2259 272 2312; x_wconf 85' lang='lat' dir='ltr'><strong>aut</strong></span> <span class='ocrx_word' id='word_1_166' title='bbox 283 2245 342 2313; x_wconf 85' lang='lat' dir='ltr'><strong>alia</strong></span> <span class='ocrx_word' id='word_1_167' title='bbox 359 2271 393 2312; x_wconf 92' lang='lat' dir='ltr'><strong>re</strong></span> <span class='ocrx_word' id='word_1_168' title='bbox 404 2249 588 2337; x_wconf 88' lang='lat' dir='ltr'><strong>hujusmodi</strong></span> <span class='ocrx_word' id='word_1_169' title='bbox 602 2249 843 2337; x_wconf 85' lang='lat' dir='ltr'><strong>permisceatnr‚</strong></span> <span class='ocrx_word' id='word_1_170' title='bbox 859 2261 963 2314; x_wconf 87' lang='lat' dir='ltr'><strong>totum</strong></span> <span class='ocrx_word' id='word_1_171' title='bbox 977 2246 1087 2313; x_wconf 86' lang='lat' dir='ltr'><strong>inutile</strong></span> 
     </span>
     <span class='ocr_line' id='line_1_20' title="bbox 57 2353 1085 2444; baseline -0.003 -22"><span class='ocrx_word' id='word_1_172' title='bbox 57 2369 93 2422; x_wconf 88' lang='lat' dir='ltr'><strong>et</strong></span> <span class='ocrx_word' id='word_1_173' title='bbox 110 2357 293 2444; x_wconf 85' lang='lat' dir='ltr'><strong>pestiferum</strong></span> <span class='ocrx_word' id='word_1_174' title='bbox 312 2357 424 2431; x_wconf 63' lang='lat' dir='ltr'><strong>efficia</strong></span> <span class='ocrx_word' id='word_1_175' title='bbox 450 2357 491 2421; x_wconf 88' lang='lat' dir='ltr'><strong>ita</strong></span> <span class='ocrx_word' id='word_1_176' title='bbox 510 2379 621 2421; x_wconf 91' lang='lat' dir='ltr'><strong>eorum</strong></span> <span class='ocrx_word' id='word_1_177' title='bbox 645 2355 770 2422; x_wconf 90' lang='lat' dir='ltr'><strong>dicendi</strong></span> <span class='ocrx_word' id='word_1_178' title='bbox 789 2356 879 2444; x_wconf 89' lang='lat' dir='ltr'><strong>copia</strong></span> <span class='ocrx_word' id='word_1_179' title='bbox 902 2353 979 2421; x_wconf 92' lang='lat' dir='ltr'><strong>nihil</strong></span> <span class='ocrx_word' id='word_1_180' title='bbox 999 2353 1085 2420; x_wconf 88' lang='lat' dir='ltr'><strong>aliud</strong></span> 
     </span>
     <span class='ocr_line' id='line_1_21' title="bbox 56 2463 1087 2554; baseline -0.002 -23"><span class='ocrx_word' id='word_1_181' title='bbox 56 2489 128 2531; x_wconf 84' lang='lat' dir='ltr'><strong>esse</strong></span> <span class='ocrx_word' id='word_1_182' title='bbox 147 2467 317 2542; x_wconf 86' lang='lat' dir='ltr'><strong>invenitur,</strong></span> <span class='ocrx_word' id='word_1_183' title='bbox 337 2488 432 2554; x_wconf 89' lang='lat' dir='ltr'><strong>quam</strong></span> <span class='ocrx_word' id='word_1_184' title='bbox 451 2463 614 2531; x_wconf 77' lang='lat' dir='ltr'><strong>laboriosae</strong></span> <span class='ocrx_word' id='word_1_185' title='bbox 632 2488 736 2554; x_wconf 80' lang='lat' dir='ltr'><strong>nugae,</strong></span> <span class='ocrx_word' id='word_1_186' title='bbox 755 2465 916 2554; x_wconf 80' lang='lat' dir='ltr'><strong>magisque</strong></span> <span class='ocrx_word' id='word_1_187' title='bbox 933 2465 1087 2553; x_wconf 87' lang='lat' dir='ltr'><strong>pernicies</strong></span> 
     </span>
    </p>
   </div>
   <div class='ocr_carea' id='block_1_3' title="bbox 56 2574 1188 2662">
    <p class='ocr_par' dir='ltr' id='par_1_3' title="bbox 56 2574 1188 2662">
     <span class='ocr_line' id='line_1_22' title="bbox 56 2574 1188 2662; baseline -0.002 -22"><span class='ocrx_word' id='word_1_188' title='bbox 56 2597 127 2640; x_wconf 87' lang='lat' dir='ltr'><strong>esse</strong></span> <span class='ocrx_word' id='word_1_189' title='bbox 146 2599 257 2640; x_wconf 90' lang='lat' dir='ltr'><strong>eorum</strong></span> <span class='ocrx_word' id='word_1_190' title='bbox 276 2575 330 2662; x_wconf 92' lang='lat' dir='ltr'><strong>qui</strong></span> <span class='ocrx_word' id='word_1_191' title='bbox 350 2576 378 2640; x_wconf 90' lang='lat' dir='ltr'><strong>ei</strong></span> <span class='ocrx_word' id='word_1_192' title='bbox 397 2576 619 2644; x_wconf 84' lang='lat' dir='ltr'><strong>assentiuntur.</strong></span> <span class='ocrx_word' id='word_1_193' title='bbox 647 2577 694 2642; x_wconf 87' lang='lat' dir='ltr'><strong>Ac</strong></span> <span class='ocrx_word' id='word_1_194' title='bbox 714 2574 819 2640; x_wconf 83' lang='lat' dir='ltr'><strong>dedie</strong></span> <span class='ocrx_word' id='word_1_195' title='bbox 840 2575 936 2638; x_wconf 87' lang='lat' dir='ltr'><strong>etiarn</strong></span> <span class='ocrx_word' id='word_1_196' title='bbox 952 2575 1085 2662; x_wconf 91' lang='lat' dir='ltr'><strong>septimo</strong></span> <span class='ocrx_word' id='word_1_197' title='bbox 1183 2643 1188 2652; x_wconf 60' lang='grc'><strong>,</strong></span> 
     </span>
    </p>
   </div>
   <div class='ocr_carea' id='block_1_4' title="bbox 1 2680 1087 3316">
    <p class='ocr_par' dir='ltr' id='par_1_4' title="bbox 1 2680 1087 3316">
     <span class='ocr_line' id='line_1_23' title="bbox 1 2680 1087 2772; baseline 0 -24"><span class='ocrx_word' id='word_1_198' title='bbox 1 2680 2 2685; x_wconf 59' lang='grc'>’</span> <span class='ocrx_word' id='word_1_199' title='bbox 56 2683 180 2770; x_wconf 90' lang='lat' dir='ltr'><strong>loquuti</strong></span> <span class='ocrx_word' id='word_1_200' title='bbox 200 2697 285 2760; x_wconf 89' lang='lat' dir='ltr'><strong>sunt,</strong></span> <span class='ocrx_word' id='word_1_201' title='bbox 306 2685 399 2772; x_wconf 88' lang='lat' dir='ltr'><strong>cujus</strong></span> <span class='ocrx_word' id='word_1_202' title='bbox 419 2708 536 2751; x_wconf 91' lang='lat' dir='ltr'><strong>nomen</strong></span> <span class='ocrx_word' id='word_1_203' title='bbox 555 2707 664 2750; x_wconf 90' lang='lat' dir='ltr'><strong>omnes</strong></span> <span class='ocrx_word' id='word_1_204' title='bbox 683 2685 827 2750; x_wconf 88' lang='lat' dir='ltr'><strong>homines</strong></span> <span class='ocrx_word' id='word_1_205' title='bbox 847 2696 1010 2771; x_wconf 86' lang='lat' dir='ltr'><strong>usurpant,</strong></span> <span class='ocrx_word' id='word_1_206' title='bbox 1031 2685 1087 2748; x_wconf 89' lang='lat' dir='ltr'><strong>scd</strong></span> 
     </span>
     <span class='ocr_line' id='line_1_24' title="bbox 55 2791 1087 2882; baseline 0.002 -26"><span class='ocrx_word' id='word_1_207' title='bbox 55 2791 200 2882; x_wconf 89' lang='lat' dir='ltr'><strong>plerique</strong></span> <span class='ocrx_word' id='word_1_208' title='bbox 215 2817 311 2881; x_wconf 86' lang='lat' dir='ltr'><strong>quam</strong></span> <span class='ocrx_word' id='word_1_209' title='bbox 325 2795 388 2858; x_wconf 85' lang='lat' dir='ltr'><strong>vim</strong></span> <span class='ocrx_word' id='word_1_210' title='bbox 407 2795 523 2860; x_wconf 88' lang='lat' dir='ltr'><strong>habeat</strong></span> <span class='ocrx_word' id='word_1_211' title='bbox 537 2795 694 2882; x_wconf 86' lang='lat' dir='ltr'><strong>ignorant.</strong></span> <span class='ocrx_word' id='word_1_212' title='bbox 714 2793 810 2871; x_wconf 84' lang='lat' dir='ltr'><strong>Quod</strong></span> <span class='ocrx_word' id='word_1_213' title='bbox 826 2793 911 2857; x_wconf 90' lang='lat' dir='ltr'><strong>enim</strong></span> <span class='ocrx_word' id='word_1_214' title='bbox 928 2793 1012 2879; x_wconf 87' lang='lat' dir='ltr'><strong>apud</strong></span> <span class='ocrx_word' id='word_1_215' title='bbox 1027 2793 1087 2858; x_wconf 86' lang='lat' dir='ltr'><strong>lle-</strong></span> 
     </span>
     <span class='ocr_line' id='line_1_25' title="bbox 56 2899 1086 2988; baseline 0 -22"><span class='ocrx_word' id='word_1_216' title='bbox 56 2905 160 2967; x_wconf 85' lang='lat' dir='ltr'><strong>braeos</strong></span> <span class='ocrx_word' id='word_1_217' title='bbox 178 2905 346 2967; x_wconf 87' lang='lat' dir='ltr'><strong>sabbatum</strong></span> <span class='ocrx_word' id='word_1_218' title='bbox 368 2901 497 2978; x_wconf 87' lang='lat' dir='ltr'><strong>dicitur,</strong></span> <span class='ocrx_word' id='word_1_219' title='bbox 524 2901 634 2968; x_wconf 83' lang='lat' dir='ltr'><strong>Graece</strong></span> <span class='ocrx_word' id='word_1_220' title='bbox 649 2901 793 2966; x_wconf 86' lang='lat' dir='ltr'><strong>redditur</strong></span> <span class='ocrx_word' id='word_1_221' title='bbox 808 2899 994 2975; x_wconf 78' lang='lat' dir='ltr'><strong>hebdomas,</strong></span> <span class='ocrx_word' id='word_1_222' title='bbox 1016 2923 1086 2988; x_wconf 74' lang='lat' dir='ltr'><strong>quae</strong></span> 
     </span>
     <span class='ocr_line' id='line_1_26' title="bbox 56 3005 1085 3098; baseline -0.001 -25"><span class='ocrx_word' id='word_1_223' title='bbox 56 3010 187 3098; x_wconf 90' lang='lat' dir='ltr'><strong>quidem</strong></span> <span class='ocrx_word' id='word_1_224' title='bbox 202 3009 288 3096; x_wconf 87' lang='lat' dir='ltr'><strong>apud</strong></span> <span class='ocrx_word' id='word_1_225' title='bbox 298 3031 391 3074; x_wconf 86' lang='lat' dir='ltr'><strong>omne</strong></span> <span class='ocrx_word' id='word_1_226' title='bbox 407 3010 582 3074; x_wconf 88' lang='lat' dir='ltr'><strong>humanum</strong></span> <span class='ocrx_word' id='word_1_227' title='bbox 597 3031 696 3096; x_wconf 83' lang='lat' dir='ltr'><strong>genus</strong></span> <span class='ocrx_word' id='word_1_228' title='bbox 712 3005 902 3097; x_wconf 71' lang='lat' dir='ltr'><strong>appellatum</strong></span> <span class='ocrx_word' id='word_1_229' title='bbox 921 3032 1017 3096; x_wconf 88' lang='lat' dir='ltr'><strong>quam</strong></span> <span class='ocrx_word' id='word_1_230' title='bbox 1032 3032 1085 3072; x_wconf 87' lang='lat' dir='ltr'><strong>au-</strong></span> 
     </span>
     <span class='ocr_line' id='line_1_27' title="bbox 58 3116 1086 3207; baseline 0 -25"><span class='ocrx_word' id='word_1_231' title='bbox 58 3132 125 3182; x_wconf 88' lang='lat' dir='ltr'><strong>tem</strong></span> <span class='ocrx_word' id='word_1_232' title='bbox 145 3120 185 3181; x_wconf 94' lang='lat' dir='ltr'><strong>ob</strong></span> <span class='ocrx_word' id='word_1_233' title='bbox 207 3139 333 3182; x_wconf 88' lang='lat' dir='ltr'><strong>causam</strong></span> <span class='ocrx_word' id='word_1_234' title='bbox 355 3119 396 3182; x_wconf 87' lang='lat' dir='ltr'><strong>ita</strong></span> <span class='ocrx_word' id='word_1_235' title='bbox 419 3131 533 3184; x_wconf 86' lang='lat' dir='ltr'><strong>vocent</strong></span> <span class='ocrx_word' id='word_1_236' title='bbox 553 3119 709 3207; x_wconf 80' lang='lat' dir='ltr'><strong>ignorant.</strong></span> <span class='ocrx_word' id='word_1_237' title='bbox 737 3118 832 3197; x_wconf 89' lang='lat' dir='ltr'><strong>Quod</strong></span> <span class='ocrx_word' id='word_1_238' title='bbox 853 3129 960 3182; x_wconf 85' lang='lat' dir='ltr'><strong>autem</strong></span> <span class='ocrx_word' id='word_1_239' title='bbox 981 3116 1086 3206; x_wconf 88' lang='lat' dir='ltr'><strong>placet</strong></span> 
     </span>
     <span class='ocr_line' id='line_1_28' title="bbox 59 3225 1086 3316; baseline 0 -24"><span class='ocrx_word' id='word_1_240' title='bbox 59 3225 197 3292; x_wconf 85' lang='lat' dir='ltr'><strong>Hesiodo</strong></span> <span class='ocrx_word' id='word_1_241' title='bbox 212 3239 313 3314; x_wconf 75' lang='lat' dir='ltr'><strong>poetae</strong></span> <span class='ocrx_word' id='word_1_242' title='bbox 327 3249 366 3291; x_wconf 87' lang='lat' dir='ltr'><strong>ex</strong></span> <span class='ocrx_word' id='word_1_243' title='bbox 382 3227 461 3292; x_wconf 88' lang='lat' dir='ltr'><strong>chao</strong></span> <span class='ocrx_word' id='word_1_244' title='bbox 477 3229 619 3316; x_wconf 79' lang='lat' dir='ltr'><strong>genitum</strong></span> <span class='ocrx_word' id='word_1_245' title='bbox 630 3230 775 3302; x_wconf 83' lang='lat' dir='ltr'><strong>erebum,</strong></span> <span class='ocrx_word' id='word_1_246' title='bbox 791 3238 822 3293; x_wconf 86' lang='lat' dir='ltr'><strong>et</strong></span> <span class='ocrx_word' id='word_1_247' title='bbox 838 3237 966 3302; x_wconf 86' lang='lat' dir='ltr'><strong>terram,</strong></span> <span class='ocrx_word' id='word_1_248' title='bbox 981 3239 1014 3292; x_wconf 90' lang='lat' dir='ltr'><strong>et</strong></span> <span class='ocrx_word' id='word_1_249' title='bbox 1025 3227 1086 3292; x_wconf 92' lang='lat' dir='ltr'><strong>im-</strong></span> 
     </span>
    </p>
   </div>
   <div class='ocr_carea' id='block_1_5' title="bbox 57 3331 1086 3959">
    <p class='ocr_par' dir='ltr' id='par_1_5' title="bbox 57 3331 1086 3858">
     <span class='ocr_line' id='line_1_29' title="bbox 59 3331 1086 3424; baseline 0.002 -24"><span class='ocrx_word' id='word_1_250' title='bbox 59 3331 225 3424; x_wconf 85' lang='lat' dir='ltr'><strong>perantem</strong></span> <span class='ocrx_word' id='word_1_251' title='bbox 241 3336 374 3423; x_wconf 89' lang='lat' dir='ltr'><strong>opinatis</strong></span> <span class='ocrx_word' id='word_1_252' title='bbox 389 3331 472 3402; x_wconf 87' lang='lat' dir='ltr'><strong>illius</strong></span> <span class='ocrx_word' id='word_1_253' title='bbox 488 3339 545 3404; x_wconf 88' lang='lat' dir='ltr'><strong>diis</strong></span> <span class='ocrx_word' id='word_1_254' title='bbox 563 3351 596 3404; x_wconf 86' lang='lat' dir='ltr'><strong>et</strong></span> <span class='ocrx_word' id='word_1_255' title='bbox 611 3338 793 3404; x_wconf 88' lang='lat' dir='ltr'><strong>hominibus</strong></span> <span class='ocrx_word' id='word_1_256' title='bbox 808 3361 967 3411; x_wconf 69' lang='lat' dir='ltr'><strong>amoremt</strong></span> <span class='ocrx_word' id='word_1_257' title='bbox 990 3335 1086 3402; x_wconf 89' lang='lat' dir='ltr'><strong>sutilis</strong></span> 
     </span>
     <span class='ocr_line' id='line_1_30' title="bbox 58 3443 1084 3536; baseline 0.001 -26"><span class='ocrx_word' id='word_1_258' title='bbox 58 3444 142 3510; x_wconf 86' lang='lat' dir='ltr'><strong>illius</strong></span> <span class='ocrx_word' id='word_1_259' title='bbox 161 3455 193 3509; x_wconf 89' lang='lat' dir='ltr'><strong>et</strong></span> <span class='ocrx_word' id='word_1_260' title='bbox 211 3444 322 3533; x_wconf 79' lang='lat' dir='ltr'><strong>frigida</strong></span> <span class='ocrx_word' id='word_1_261' title='bbox 341 3443 441 3510; x_wconf 84' lang='lat' dir='ltr'><strong>oratio</strong></span> <span class='ocrx_word' id='word_1_262' title='bbox 459 3459 507 3512; x_wconf 89' lang='lat' dir='ltr'><strong>est</strong></span> <span class='ocrx_word' id='word_1_263' title='bbox 528 3460 621 3535; x_wconf 87' lang='lat' dir='ltr'><strong>atque</strong></span> <span class='ocrx_word' id='word_1_264' title='bbox 640 3449 679 3512; x_wconf 89' lang='lat' dir='ltr'><strong>ab</strong></span> <span class='ocrx_word' id='word_1_265' title='bbox 699 3448 786 3512; x_wconf 89' lang='lat' dir='ltr'><strong>omni</strong></span> <span class='ocrx_word' id='word_1_266' title='bbox 805 3448 936 3513; x_wconf 85' lang='lat' dir='ltr'><strong>veritate</strong></span> <span class='ocrx_word' id='word_1_267' title='bbox 956 3471 1084 3536; x_wconf 88' lang='lat' dir='ltr'><strong>prorsus</strong></span> 
     </span>
     <span class='ocr_line' id='line_1_31' title="bbox 58 3551 1085 3645; baseline 0.003 -27"><span class='ocrx_word' id='word_1_268' title='bbox 58 3551 171 3618; x_wconf 88' lang='lat' dir='ltr'><strong>aliena.</strong></span> <span class='ocrx_word' id='word_1_269' title='bbox 190 3552 294 3618; x_wconf 87' lang='lat' dir='ltr'><strong>Deum</strong></span> <span class='ocrx_word' id='word_1_270' title='bbox 309 3554 394 3618; x_wconf 89' lang='lat' dir='ltr'><strong>enim</strong></span> <span class='ocrx_word' id='word_1_271' title='bbox 406 3553 564 3644; x_wconf 83' lang='lat' dir='ltr'><strong>voluptate</strong></span> <span class='ocrx_word' id='word_1_272' title='bbox 579 3556 662 3621; x_wconf 86' lang='lat' dir='ltr'><strong>vinci</strong></span> <span class='ocrx_word' id='word_1_273' title='bbox 674 3579 737 3620; x_wconf 95' lang='lat' dir='ltr'><strong>non</strong></span> <span class='ocrx_word' id='word_1_274' title='bbox 750 3555 862 3622; x_wconf 83' lang='lat' dir='ltr'><strong>decet:</strong></span> <span class='ocrx_word' id='word_1_275' title='bbox 881 3555 996 3645; x_wconf 86' lang='lat' dir='ltr'><strong>quippe</strong></span> <span class='ocrx_word' id='word_1_276' title='bbox 1011 3579 1085 3622; x_wconf 88' lang='lat' dir='ltr'><strong>cum</strong></span> 
     </span>
     <span class='ocr_line' id='line_1_32' title="bbox 59 3661 1083 3754; baseline 0.002 -26"><span class='ocrx_word' id='word_1_277' title='bbox 59 3661 202 3728; x_wconf 86' lang='lat' dir='ltr'><strong>homines</strong></span> <span class='ocrx_word' id='word_1_278' title='bbox 218 3675 429 3750; x_wconf 87' lang='lat' dir='ltr'><strong>temperantes</strong></span> <span class='ocrx_word' id='word_1_279' title='bbox 442 3667 482 3731; x_wconf 86' lang='lat' dir='ltr'><strong>ab</strong></span> <span class='ocrx_word' id='word_1_280' title='bbox 498 3667 585 3730; x_wconf 90' lang='lat' dir='ltr'><strong>omni</strong></span> <span class='ocrx_word' id='word_1_281' title='bbox 600 3665 765 3732; x_wconf 87' lang='lat' dir='ltr'><strong>inhonesta</strong></span> <span class='ocrx_word' id='word_1_282' title='bbox 781 3665 939 3754; x_wconf 78' lang='lat' dir='ltr'><strong>voluptate</strong></span> <span class='ocrx_word' id='word_1_283' title='bbox 955 3678 987 3730; x_wconf 87' lang='lat' dir='ltr'><strong>et</strong></span> <span class='ocrx_word' id='word_1_284' title='bbox 1001 3665 1083 3732; x_wconf 88' lang='lat' dir='ltr'><strong>mala</strong></span> 
     </span>
     <span class='ocr_line' id='line_1_33' title="bbox 57 3771 429 3858; baseline 0 -20"><span class='ocrx_word' id='word_1_285' title='bbox 57 3771 228 3858; x_wconf 86' lang='lat' dir='ltr'><strong>cupiditate</strong></span> <span class='ocrx_word' id='word_1_286' title='bbox 243 3772 429 3838; x_wconf 87' lang='lat' dir='ltr'><strong>abstineant.</strong></span> 
     </span>
    </p>

    <p class='ocr_par' dir='ltr' id='par_1_6' title="bbox 101 3879 1083 3959">
     <span class='ocr_line' id='line_1_34' title="bbox 101 3879 1083 3959; baseline 0.001 -13"><span class='ocrx_word' id='word_1_287' title='bbox 101 3879 188 3946; x_wconf 83' lang='lat' dir='ltr'><strong>Xlll.</strong></span> <span class='ocrx_word' id='word_1_288' title='bbox 213 3880 309 3959; x_wconf 89' lang='lat' dir='ltr'><strong>Quod</strong></span> <span class='ocrx_word' id='word_1_289' title='bbox 327 3895 434 3949; x_wconf 87' lang='lat' dir='ltr'><strong>autem</strong></span> <span class='ocrx_word' id='word_1_290' title='bbox 453 3883 537 3950; x_wconf 89' lang='lat' dir='ltr'><strong>idem</strong></span> <span class='ocrx_word' id='word_1_291' title='bbox 556 3884 710 3950; x_wconf 86' lang='lat' dir='ltr'><strong>llesiodus</strong></span> <span class='ocrx_word' id='word_1_292' title='bbox 726 3909 743 3949; x_wconf 89' lang='lat' dir='ltr'><strong>a</strong></span> <span class='ocrx_word' id='word_1_293' title='bbox 760 3884 890 3953; x_wconf 83' lang='lat' dir='ltr'><strong>terrenis</strong></span> <span class='ocrx_word' id='word_1_294' title='bbox 910 3885 1005 3950; x_wconf 79' lang='lat' dir='ltr'><strong>rebus</strong></span> <span class='ocrx_word' id='word_1_295' title='bbox 1021 3883 1083 3948; x_wconf 86' lang='lat' dir='ltr'><strong>ini-</strong></span> 
     </span>
    </p>
   </div>
   <div class='ocr_carea' id='block_1_6' title="bbox 0 0 1312 4620">
    <p class='ocr_par' dir='ltr' id='par_1_7' title="bbox 0 0 1312 4620">
     <span class='ocr_line' id='line_1_35' title="bbox 0 0 1312 4620; baseline 0 0"><span class='ocrx_word' id='word_1_296' title='bbox 0 0 1312 4620; x_wconf 95' lang='lat' dir='ltr'><strong> </strong></span> 
     </span>
    </p>
   </div>
  </div>
 </body>
</html>
