<?xml version="1.0" encoding="UTF-8"?>
<!DOCTYPE html PUBLIC "-//W3C//DTD XHTML 1.0 Transitional//EN"
    "http://www.w3.org/TR/xhtml1/DTD/xhtml1-transitional.dtd">
<html xmlns="http://www.w3.org/1999/xhtml" xml:lang="en" lang="en">
 <head>
  <title>
</title>
<meta http-equiv="Content-Type" content="text/html;charset=utf-8" />
  <meta name='ocr-system' content='tesseract 3.04.00' />
  <meta name='ocr-capabilities' content='ocr_page ocr_carea ocr_par ocr_line ocrx_word'/>
</head>
<body>
  <div class='ocr_page' id='page_1' title='image "./collectioselect02guilgoog_0700.png"; bbox 0 0 2616 4620; ppageno 0'>
   <div class='ocr_carea' id='block_1_1' title="bbox 251 351 991 434">
    <p class='ocr_par' dir='ltr' id='par_1_1' title="bbox 251 351 991 434">
     <span class='ocr_line' id='line_1_1' title="bbox 251 351 991 434; baseline 0 -22"><span class='ocrx_word' id='word_1_1' title='bbox 251 371 292 414; x_wconf 81' lang='lat' dir='ltr'><strong>an</strong></span> <span class='ocrx_word' id='word_1_2' title='bbox 315 367 512 419; x_wconf 78' lang='lat' dir='ltr'><strong>auronnoua,</strong></span> <span class='ocrx_word' id='word_1_3' title='bbox 547 367 610 411; x_wconf 81' lang='lat' dir='ltr'><strong>ura.</strong></span> <span class='ocrx_word' id='word_1_4' title='bbox 638 368 684 409; x_wconf 86' lang='grc' dir='ltr'><strong>ιιι.</strong></span> <span class='ocrx_word' id='word_1_5' title='bbox 933 351 991 434; x_wconf 81' lang='lat'><strong>195</strong></span> 
     </span>
    </p>
   </div>
   <div class='ocr_carea' id='block_1_2' title="bbox 19 474 992 1432">
    <p class='ocr_par' dir='ltr' id='par_1_2' title="bbox 19 474 992 1110">
     <span class='ocr_line' id='line_1_2' title="bbox 19 474 987 566; baseline 0.003 -27"><span class='ocrx_word' id='word_1_6' title='bbox 19 500 30 539; x_wconf 93' lang='grc' dir='ltr'><strong>ι</strong></span> <span class='ocrx_word' id='word_1_7' title='bbox 58 475 259 552; x_wconf 76' lang='lat' dir='ltr'><strong>dictumest,</strong></span> <span class='ocrx_word' id='word_1_8' title='bbox 287 475 493 566; x_wconf 72' lang='lat' dir='ltr'><strong>scriptoribus</strong></span> <span class='ocrx_word' id='word_1_9' title='bbox 516 474 711 562; x_wconf 76' lang='lat' dir='ltr'><strong>antiquiores</strong></span> <span class='ocrx_word' id='word_1_10' title='bbox 737 476 987 543; x_wconf 80' lang='lat' dir='ltr'><strong>transmiserunt.</strong></span> 
     </span>
     <span class='ocr_line' id='line_1_3' title="bbox 19 583 991 676; baseline 0.003 -25"><span class='ocrx_word' id='word_1_11' title='bbox 19 586 94 676; x_wconf 68' lang='lat' dir='ltr'><strong>:ypti</strong></span> <span class='ocrx_word' id='word_1_12' title='bbox 112 597 216 653; x_wconf 88' lang='lat' dir='ltr'><strong>autem</strong></span> <span class='ocrx_word' id='word_1_13' title='bbox 235 585 322 676; x_wconf 75' lang='lat' dir='ltr'><strong>regio</strong></span> <span class='ocrx_word' id='word_1_14' title='bbox 341 585 425 651; x_wconf 86' lang='lat' dir='ltr'><strong>diota</strong></span> <span class='ocrx_word' id='word_1_15' title='bbox 445 596 493 650; x_wconf 81' lang='lat' dir='ltr'><strong>est</strong></span> <span class='ocrx_word' id='word_1_16' title='bbox 510 607 529 648; x_wconf 91' lang='lat' dir='ltr'><strong>a</strong></span> <span class='ocrx_word' id='word_1_17' title='bbox 546 607 619 673; x_wconf 76' lang='lat' dir='ltr'><strong>rege</strong></span> <span class='ocrx_word' id='word_1_18' title='bbox 634 583 757 650; x_wconf 83' lang='lat' dir='ltr'><strong>Sethoa.</strong></span> <span class='ocrx_word' id='word_1_19' title='bbox 781 583 861 652; x_wconf 89' lang='lat' dir='ltr'><strong>Nam</strong></span> <span class='ocrx_word' id='word_1_20' title='bbox 878 583 991 654; x_wconf 83' lang='lat' dir='ltr'><strong>Sethoa</strong></span> 
     </span>
     <span class='ocr_line' id='line_1_4' title="bbox 19 691 992 783; baseline 0.001 -25"><span class='ocrx_word' id='word_1_21' title='bbox 19 716 51 758; x_wconf 91' lang='lat' dir='ltr'><strong>m</strong></span> <span class='ocrx_word' id='word_1_22' title='bbox 71 715 180 759; x_wconf 81' lang='lat' dir='ltr'><strong>aonam</strong></span> <span class='ocrx_word' id='word_1_23' title='bbox 195 715 234 760; x_wconf 88' lang='lat' dir='ltr'><strong>ao</strong></span> <span class='ocrx_word' id='word_1_24' title='bbox 246 691 420 783; x_wconf 76' lang='lat' dir='ltr'><strong>AEgyptum</strong></span> <span class='ocrx_word' id='word_1_25' title='bbox 436 692 556 758; x_wconf 84' lang='lat' dir='ltr'><strong>dieunt.</strong></span> <span class='ocrx_word' id='word_1_26' title='bbox 579 691 662 756; x_wconf 87' lang='lat' dir='ltr'><strong>Huio</strong></span> <span class='ocrx_word' id='word_1_27' title='bbox 677 703 784 756; x_wconf 83' lang='lat' dir='ltr'><strong>autem</strong></span> <span class='ocrx_word' id='word_1_28' title='bbox 805 691 918 758; x_wconf 86' lang='lat' dir='ltr'><strong>Sethoa</strong></span> <span class='ocrx_word' id='word_1_29' title='bbox 932 693 992 759; x_wconf 80' lang='lat' dir='ltr'><strong>fra·</strong></span> 
     </span>
     <span class='ocr_line' id='line_1_5' title="bbox 23 798 991 891; baseline 0.005 -28"><span class='ocrx_word' id='word_1_30' title='bbox 23 801 86 867; x_wconf 81' lang='lat' dir='ltr'><strong>iuit</strong></span> <span class='ocrx_word' id='word_1_31' title='bbox 97 801 225 867; x_wconf 88' lang='lat' dir='ltr'><strong>nomine</strong></span> <span class='ocrx_word' id='word_1_32' title='bbox 236 803 376 877; x_wconf 79' lang='lat' dir='ltr'><strong>Armaen,</strong></span> <span class='ocrx_word' id='word_1_33' title='bbox 389 801 442 890; x_wconf 87' lang='lat' dir='ltr'><strong>qui</strong></span> <span class='ocrx_word' id='word_1_34' title='bbox 453 801 579 866; x_wconf 81' lang='lat' dir='ltr'><strong>Danaus</strong></span> <span class='ocrx_word' id='word_1_35' title='bbox 590 798 763 889; x_wconf 77' lang='lat' dir='ltr'><strong>appellatus</strong></span> <span class='ocrx_word' id='word_1_36' title='bbox 774 812 833 876; x_wconf 84' lang='lat' dir='ltr'><strong>eat,</strong></span> <span class='ocrx_word' id='word_1_37' title='bbox 846 813 878 866; x_wconf 86' lang='lat' dir='ltr'><strong>et</strong></span> <span class='ocrx_word' id='word_1_38' title='bbox 889 799 991 891; x_wconf 63' lang='lat' dir='ltr'><strong>Argoa</strong></span> 
     </span>
     <span class='ocr_line' id='line_1_6' title="bbox 22 909 991 1001; baseline 0.002 -25"><span class='ocrx_word' id='word_1_39' title='bbox 22 925 78 976; x_wconf 86' lang='lat' dir='ltr'><strong>cta</strong></span> <span class='ocrx_word' id='word_1_40' title='bbox 97 909 234 1001; x_wconf 80' lang='lat' dir='ltr'><strong>AEgypto</strong></span> <span class='ocrx_word' id='word_1_41' title='bbox 251 913 348 988; x_wconf 81' lang='lat' dir='ltr'><strong>venit,</strong></span> <span class='ocrx_word' id='word_1_42' title='bbox 364 923 559 978; x_wconf 85' lang='lat' dir='ltr'><strong>memoratus</strong></span> <span class='ocrx_word' id='word_1_43' title='bbox 577 910 662 998; x_wconf 83' lang='lat' dir='ltr'><strong>apud</strong></span> <span class='ocrx_word' id='word_1_44' title='bbox 678 922 807 977; x_wconf 73' lang='lat' dir='ltr'><strong>caeteros</strong></span> <span class='ocrx_word' id='word_1_45' title='bbox 824 911 991 1001; x_wconf 72' lang='lat' dir='ltr'><strong>scriptore·</strong></span> 
     </span>
     <span class='ocr_line' id='line_1_7' title="bbox 19 1021 317 1110; baseline 0.007 -27"><span class='ocrx_word' id='word_1_46' title='bbox 19 1021 142 1087; x_wconf 78' lang='lat' dir='ltr'><strong>&gt;mnino</strong></span> <span class='ocrx_word' id='word_1_47' title='bbox 158 1021 317 1110; x_wconf 77' lang='lat' dir='ltr'><strong>antiquus.</strong></span> 
     </span>
    </p>

    <p class='ocr_par' dir='ltr' id='par_1_3' title="bbox 19 1123 990 1432">
     <span class='ocr_line' id='line_1_8' title="bbox 19 1123 990 1217; baseline 0.002 -25"><span class='ocrx_word' id='word_1_48' title='bbox 19 1127 98 1192; x_wconf 73' lang='lat' dir='ltr'><strong>ott.</strong></span> <span class='ocrx_word' id='word_1_49' title='bbox 119 1125 291 1194; x_wconf 79' lang='lat' dir='ltr'><strong>Manaethoa</strong></span> <span class='ocrx_word' id='word_1_50' title='bbox 306 1139 427 1204; x_wconf 84' lang='lat' dir='ltr'><strong>autem,</strong></span> <span class='ocrx_word' id='word_1_51' title='bbox 443 1127 497 1214; x_wconf 85' lang='lat' dir='ltr'><strong>qui</strong></span> <span class='ocrx_word' id='word_1_52' title='bbox 516 1125 615 1191; x_wconf 87' lang='lat' dir='ltr'><strong>multa</strong></span> <span class='ocrx_word' id='word_1_53' title='bbox 632 1127 665 1192; x_wconf 94' lang='lat' dir='ltr'><strong>in</strong></span> <span class='ocrx_word' id='word_1_54' title='bbox 681 1125 820 1191; x_wconf 77' lang='lat' dir='ltr'><strong>favorem</strong></span> <span class='ocrx_word' id='word_1_55' title='bbox 830 1123 990 1217; x_wconf 67' lang='lat' dir='ltr'><strong>Egyptio</strong></span> 
     </span>
     <span class='ocr_line' id='line_1_9' title="bbox 19 1231 990 1324; baseline 0.002 -24"><span class='ocrx_word' id='word_1_56' title='bbox 19 1257 32 1300; x_wconf 91' lang='grc' dir='ltr'><strong>ι</strong></span> <span class='ocrx_word' id='word_1_57' title='bbox 52 1247 186 1324; x_wconf 76' lang='lat' dir='ltr'><strong>nugatus</strong></span> <span class='ocrx_word' id='word_1_58' title='bbox 207 1247 266 1310; x_wconf 83' lang='lat' dir='ltr'><strong>ast,</strong></span> <span class='ocrx_word' id='word_1_59' title='bbox 284 1257 323 1302; x_wconf 87' lang='lat' dir='ltr'><strong>ae</strong></span> <span class='ocrx_word' id='word_1_60' title='bbox 345 1233 557 1324; x_wconf 74' lang='lat' dir='ltr'><strong>blasphemiae</strong></span> <span class='ocrx_word' id='word_1_61' title='bbox 580 1234 676 1301; x_wconf 89' lang='lat' dir='ltr'><strong>etiam</strong></span> <span class='ocrx_word' id='word_1_62' title='bbox 694 1235 727 1300; x_wconf 90' lang='lat' dir='ltr'><strong>in</strong></span> <span class='ocrx_word' id='word_1_63' title='bbox 745 1231 864 1302; x_wconf 80' lang='lat' dir='ltr'><strong>Mosam</strong></span> <span class='ocrx_word' id='word_1_64' title='bbox 881 1247 914 1302; x_wconf 89' lang='lat' dir='ltr'><strong>et</strong></span> <span class='ocrx_word' id='word_1_65' title='bbox 929 1236 990 1302; x_wconf 87' lang='lat' dir='ltr'><strong>He-</strong></span> 
     </span>
     <span class='ocr_line' id='line_1_10' title="bbox 19 1340 990 1432; baseline 0.003 -25"><span class='ocrx_word' id='word_1_66' title='bbox 19 1365 66 1408; x_wconf 69' lang='lat' dir='ltr'><strong>toa</strong></span> <span class='ocrx_word' id='word_1_67' title='bbox 82 1343 134 1431; x_wconf 84' lang='lat' dir='ltr'><strong>qui</strong></span> <span class='ocrx_word' id='word_1_68' title='bbox 150 1365 225 1410; x_wconf 87' lang='lat' dir='ltr'><strong>oum</strong></span> <span class='ocrx_word' id='word_1_69' title='bbox 241 1365 280 1408; x_wconf 88' lang='lat' dir='ltr'><strong>eo</strong></span> <span class='ocrx_word' id='word_1_70' title='bbox 295 1353 385 1409; x_wconf 88' lang='lat' dir='ltr'><strong>erant</strong></span> <span class='ocrx_word' id='word_1_71' title='bbox 406 1341 532 1417; x_wconf 81' lang='lat' dir='ltr'><strong>effutiit,</strong></span> <span class='ocrx_word' id='word_1_72' title='bbox 557 1341 646 1430; x_wconf 88' lang='lat' dir='ltr'><strong>quasi</strong></span> <span class='ocrx_word' id='word_1_73' title='bbox 667 1343 707 1408; x_wconf 87' lang='lat' dir='ltr'><strong>ob</strong></span> <span class='ocrx_word' id='word_1_74' title='bbox 728 1340 848 1432; x_wconf 84' lang='lat' dir='ltr'><strong>lepram</strong></span> <span class='ocrx_word' id='word_1_75' title='bbox 870 1344 990 1432; x_wconf 81' lang='lat' dir='ltr'><strong>ejectus</strong></span> 
     </span>
    </p>
   </div>
   <div class='ocr_carea' id='block_1_3' title="bbox 18 1448 1112 1540">
    <p class='ocr_par' dir='ltr' id='par_1_4' title="bbox 18 1448 1112 1540">
     <span class='ocr_line' id='line_1_11' title="bbox 18 1448 1112 1540; baseline 0 -24"><span class='ocrx_word' id='word_1_76' title='bbox 18 1451 156 1540; x_wconf 76' lang='lat' dir='ltr'><strong>AEgypto</strong></span> <span class='ocrx_word' id='word_1_77' title='bbox 169 1448 290 1527; x_wconf 73' lang='lat' dir='ltr'><strong>suisset,</strong></span> <span class='ocrx_word' id='word_1_78' title='bbox 307 1473 371 1517; x_wconf 90' lang='lat' dir='ltr'><strong>non</strong></span> <span class='ocrx_word' id='word_1_79' title='bbox 385 1452 489 1540; x_wconf 84' lang='lat' dir='ltr'><strong>potuit</strong></span> <span class='ocrx_word' id='word_1_80' title='bbox 502 1461 683 1516; x_wconf 75' lang='lat' dir='ltr'><strong>accuratam</strong></span> <span class='ocrx_word' id='word_1_81' title='bbox 702 1461 883 1540; x_wconf 86' lang='lat' dir='ltr'><strong>temporum</strong></span> <span class='ocrx_word' id='word_1_82' title='bbox 899 1453 991 1518; x_wconf 90' lang='lat' dir='ltr'><strong>ratio-</strong></span> <span class='ocrx_word' id='word_1_83' title='bbox 1108 1449 1112 1464; x_wconf 90' lang='lat'>&#39;</span> 
     </span>
    </p>
   </div>
   <div class='ocr_carea' id='block_1_4' title="bbox 17 1559 1031 3926">
    <p class='ocr_par' dir='ltr' id='par_1_5' title="bbox 17 1559 1031 3926">
     <span class='ocr_line' id='line_1_12' title="bbox 18 1559 991 1650; baseline 0 -24"><span class='ocrx_word' id='word_1_84' title='bbox 18 1587 33 1626; x_wconf 79' lang='grc' dir='ltr'><strong>ι</strong></span> <span class='ocrx_word' id='word_1_85' title='bbox 60 1561 220 1627; x_wconf 84' lang='lat' dir='ltr'><strong>exhibere.</strong></span> <span class='ocrx_word' id='word_1_86' title='bbox 246 1561 351 1648; x_wconf 80' lang='lat' dir='ltr'><strong>Atque</strong></span> <span class='ocrx_word' id='word_1_87' title='bbox 374 1559 443 1626; x_wconf 86' lang='lat' dir='ltr'><strong>illoa</strong></span> <span class='ocrx_word' id='word_1_88' title='bbox 462 1559 590 1647; x_wconf 85' lang='lat' dir='ltr'><strong>quidem</strong></span> <span class='ocrx_word' id='word_1_89' title='bbox 612 1571 753 1648; x_wconf 77' lang='lat' dir='ltr'><strong>pastores</strong></span> <span class='ocrx_word' id='word_1_90' title='bbox 770 1559 900 1637; x_wconf 79' lang='lat' dir='ltr'><strong>invitus,</strong></span> <span class='ocrx_word' id='word_1_91' title='bbox 922 1583 991 1650; x_wconf 79' lang='lat' dir='ltr'><strong>pre-</strong></span> 
     </span>
     <span class='ocr_line' id='line_1_13' title="bbox 18 1669 992 1760; baseline -0.001 -24"><span class='ocrx_word' id='word_1_92' title='bbox 18 1683 70 1736; x_wconf 89' lang='lat' dir='ltr'><strong>nte</strong></span> <span class='ocrx_word' id='word_1_93' title='bbox 91 1669 221 1736; x_wconf 77' lang='lat' dir='ltr'><strong>veritate</strong></span> <span class='ocrx_word' id='word_1_94' title='bbox 243 1670 331 1735; x_wconf 85' lang='lat' dir='ltr'><strong>dixit.</strong></span> <span class='ocrx_word' id='word_1_95' title='bbox 356 1669 456 1736; x_wconf 80' lang='lat' dir='ltr'><strong>Erant</strong></span> <span class='ocrx_word' id='word_1_96' title='bbox 476 1669 562 1734; x_wconf 85' lang='lat' dir='ltr'><strong>enim</strong></span> <span class='ocrx_word' id='word_1_97' title='bbox 583 1691 618 1733; x_wconf 87' lang='lat' dir='ltr'><strong>re</strong></span> <span class='ocrx_word' id='word_1_98' title='bbox 637 1691 709 1734; x_wconf 79' lang='lat' dir='ltr'><strong>vera</strong></span> <span class='ocrx_word' id='word_1_99' title='bbox 729 1679 879 1760; x_wconf 49' lang='lat' dir='ltr'><strong>pastores¹</strong></span> <span class='ocrx_word' id='word_1_100' title='bbox 891 1671 992 1736; x_wconf 87' lang='lat' dir='ltr'><strong>noatri</strong></span> 
     </span>
     <span class='ocr_line' id='line_1_14' title="bbox 18 1776 986 1869; baseline 0 -23"><span class='ocrx_word' id='word_1_101' title='bbox 18 1785 98 1860; x_wconf 74' lang='lat' dir='ltr'><strong>iores</strong></span> <span class='ocrx_word' id='word_1_102' title='bbox 120 1781 173 1868; x_wconf 88' lang='lat' dir='ltr'><strong>qui</strong></span> <span class='ocrx_word' id='word_1_103' title='bbox 197 1781 231 1846; x_wconf 93' lang='lat' dir='ltr'><strong>in</strong></span> <span class='ocrx_word' id='word_1_104' title='bbox 246 1779 383 1869; x_wconf 74' lang='lat' dir='ltr'><strong>AEgypto</strong></span> <span class='ocrx_word' id='word_1_105' title='bbox 401 1779 587 1846; x_wconf 84' lang='lat' dir='ltr'><strong>commorati</strong></span> <span class='ocrx_word' id='word_1_106' title='bbox 603 1791 689 1854; x_wconf 82' lang='lat' dir='ltr'><strong>aunt,</strong></span> <span class='ocrx_word' id='word_1_107' title='bbox 708 1779 764 1844; x_wconf 88' lang='lat' dir='ltr'><strong>sed</strong></span> <span class='ocrx_word' id='word_1_108' title='bbox 782 1803 846 1846; x_wconf 92' lang='lat' dir='ltr'><strong>non</strong></span> <span class='ocrx_word' id='word_1_109' title='bbox 860 1776 986 1869; x_wconf 71' lang='lat' dir='ltr'><strong>leprosi.</strong></span> 
     </span>
     <span class='ocr_line' id='line_1_15' title="bbox 18 1887 1031 1978; baseline -0.002 -22"><span class='ocrx_word' id='word_1_110' title='bbox 18 1913 42 1956; x_wconf 91' lang='lat' dir='ltr'><strong>u</strong></span> <span class='ocrx_word' id='word_1_111' title='bbox 64 1912 138 1954; x_wconf 87' lang='lat' dir='ltr'><strong>cum</strong></span> <span class='ocrx_word' id='word_1_112' title='bbox 162 1890 320 1956; x_wconf 77' lang='lat' dir='ltr'><strong>venissent</strong></span> <span class='ocrx_word' id='word_1_113' title='bbox 345 1889 378 1954; x_wconf 91' lang='lat' dir='ltr'><strong>in</strong></span> <span class='ocrx_word' id='word_1_114' title='bbox 397 1901 514 1954; x_wconf 87' lang='lat' dir='ltr'><strong>terram</strong></span> <span class='ocrx_word' id='word_1_115' title='bbox 534 1909 605 1976; x_wconf 81' lang='lat' dir='ltr'><strong>quae</strong></span> <span class='ocrx_word' id='word_1_116' title='bbox 627 1899 758 1954; x_wconf 80' lang='lat' dir='ltr'><strong>vocatur</strong></span> <span class='ocrx_word' id='word_1_117' title='bbox 779 1887 989 1978; x_wconf 78' lang='lat' dir='ltr'><strong>Jeroaolyma,</strong></span> <span class='ocrx_word' id='word_1_118' title='bbox 1028 1915 1031 1926; x_wconf 90' lang='lat'><strong>·</strong></span> 
     </span>
     <span class='ocr_line' id='line_1_16' title="bbox 33 1995 991 2086; baseline 0 -24"><span class='ocrx_word' id='word_1_119' title='bbox 33 1997 132 2062; x_wconf 85' lang='lat' dir='ltr'><strong>etiam</strong></span> <span class='ocrx_word' id='word_1_120' title='bbox 149 1997 299 2086; x_wconf 79' lang='lat' dir='ltr'><strong>deinceps</strong></span> <span class='ocrx_word' id='word_1_121' title='bbox 321 1997 517 2070; x_wconf 75' lang='lat' dir='ltr'><strong>habitarunt,</strong></span> <span class='ocrx_word' id='word_1_122' title='bbox 538 2006 612 2062; x_wconf 90' lang='lat' dir='ltr'><strong>nota</strong></span> <span class='ocrx_word' id='word_1_123' title='bbox 631 2017 680 2060; x_wconf 87' lang='lat' dir='ltr'><strong>rea</strong></span> <span class='ocrx_word' id='word_1_124' title='bbox 697 2006 746 2060; x_wconf 80' lang='lat' dir='ltr'><strong>est</strong></span> <span class='ocrx_word' id='word_1_125' title='bbox 762 1995 922 2084; x_wconf 84' lang='lat' dir='ltr'><strong>quomodo</strong></span> <span class='ocrx_word' id='word_1_126' title='bbox 939 2019 991 2062; x_wconf 82' lang='lat' dir='ltr'><strong>eo-</strong></span> 
     </span>
     <span class='ocr_line' id='line_1_17' title="bbox 18 2103 989 2194; baseline -0.001 -24"><span class='ocrx_word' id='word_1_127' title='bbox 18 2129 33 2170; x_wconf 87' lang='lat' dir='ltr'><strong>n</strong></span> <span class='ocrx_word' id='word_1_128' title='bbox 57 2105 249 2181; x_wconf 81' lang='lat' dir='ltr'><strong>aaoerdotee,</strong></span> <span class='ocrx_word' id='word_1_129' title='bbox 271 2104 329 2170; x_wconf 86' lang='lat' dir='ltr'><strong>Dei</strong></span> <span class='ocrx_word' id='word_1_130' title='bbox 349 2113 521 2194; x_wconf 75' lang='lat' dir='ltr'><strong>praeopto,</strong></span> <span class='ocrx_word' id='word_1_131' title='bbox 545 2113 782 2192; x_wconf 81' lang='lat' dir='ltr'><strong>perseverantes</strong></span> <span class='ocrx_word' id='word_1_132' title='bbox 803 2103 835 2168; x_wconf 92' lang='lat' dir='ltr'><strong>in</strong></span> <span class='ocrx_word' id='word_1_133' title='bbox 858 2103 989 2193; x_wconf 83' lang='lat' dir='ltr'><strong>templo,</strong></span> 
     </span>
     <span class='ocr_line' id='line_1_18' title="bbox 17 2197 991 2299; baseline 0 -21"><span class='ocrx_word' id='word_1_134' title='bbox 17 2215 111 2278; x_wconf 87' lang='lat' dir='ltr'><strong>rhum</strong></span> <span class='ocrx_word' id='word_1_135' title='bbox 126 2235 254 2279; x_wconf 86' lang='lat' dir='ltr'><strong>omnem</strong></span> <span class='ocrx_word' id='word_1_136' title='bbox 268 2212 461 2287; x_wconf 82' lang='lat' dir='ltr'><strong>curaverint,</strong></span> <span class='ocrx_word' id='word_1_137' title='bbox 479 2210 520 2276; x_wconf 88' lang='lat' dir='ltr'><strong>ita</strong></span> <span class='ocrx_word' id='word_1_138' title='bbox 532 2222 611 2276; x_wconf 89' lang='lat' dir='ltr'><strong>utet</strong></span> <span class='ocrx_word' id='word_1_139' title='bbox 622 2209 708 2299; x_wconf 84' lang='lat' dir='ltr'><strong>lepra</strong></span> <span class='ocrx_word' id='word_1_140' title='bbox 720 2209 851 2276; x_wconf 77' lang='lat' dir='ltr'><strong>infector</strong></span> <span class='ocrx_word' id='word_1_141' title='bbox 865 2197 991 2278; x_wconf 89' lang='lat' dir='ltr'><strong>etmor-</strong></span> 
     </span>
     <span class='ocr_line' id='line_1_19' title="bbox 17 2318 990 2408; baseline -0.002 -18"><span class='ocrx_word' id='word_1_142' title='bbox 17 2347 38 2390; x_wconf 82' lang='grc' dir='ltr'><strong>ιι</strong></span> <span class='ocrx_word' id='word_1_143' title='bbox 59 2343 193 2388; x_wconf 85' lang='lat' dir='ltr'><strong>omnem</strong></span> <span class='ocrx_word' id='word_1_144' title='bbox 207 2333 366 2388; x_wconf 83' lang='lat' dir='ltr'><strong>sanarent.</strong></span> <span class='ocrx_word' id='word_1_145' title='bbox 389 2318 556 2408; x_wconf 84' lang='lat' dir='ltr'><strong>Templum</strong></span> <span class='ocrx_word' id='word_1_146' title='bbox 575 2319 742 2385; x_wconf 83' lang='lat' dir='ltr'><strong>aediiieavit</strong></span> <span class='ocrx_word' id='word_1_147' title='bbox 764 2318 913 2386; x_wconf 84' lang='lat' dir='ltr'><strong>Salomon</strong></span> <span class='ocrx_word' id='word_1_148' title='bbox 935 2345 990 2388; x_wconf 86' lang='lat' dir='ltr'><strong>rex</strong></span> 
     </span>
     <span class='ocr_line' id='line_1_20' title="bbox 17 2427 990 2522; baseline 0 -28"><span class='ocrx_word' id='word_1_149' title='bbox 17 2431 90 2494; x_wconf 79' lang='lat' dir='ltr'><strong>iaeae.</strong></span> <span class='ocrx_word' id='word_1_150' title='bbox 113 2429 208 2509; x_wconf 84' lang='lat' dir='ltr'><strong>Quod</strong></span> <span class='ocrx_word' id='word_1_151' title='bbox 224 2442 330 2495; x_wconf 88' lang='lat' dir='ltr'><strong>antem</strong></span> <span class='ocrx_word' id='word_1_152' title='bbox 347 2427 521 2494; x_wconf 72' lang='lat' dir='ltr'><strong>Manethon</strong></span> <span class='ocrx_word' id='word_1_153' title='bbox 535 2427 618 2494; x_wconf 85' lang='lat' dir='ltr'><strong>cirea</strong></span> <span class='ocrx_word' id='word_1_154' title='bbox 637 2438 781 2522; x_wconf 79' lang='lat' dir='ltr'><strong>tempora</strong></span> <span class='ocrx_word' id='word_1_155' title='bbox 791 2429 931 2505; x_wconf 87' lang='lat' dir='ltr'><strong>aberrat,</strong></span> <span class='ocrx_word' id='word_1_156' title='bbox 950 2451 990 2494; x_wconf 81' lang='lat' dir='ltr'><strong>ax</strong></span> 
     </span>
     <span class='ocr_line' id='line_1_21' title="bbox 17 2537 989 2628; baseline 0.003 -26"><span class='ocrx_word' id='word_1_157' title='bbox 17 2563 57 2603; x_wconf 86' lang='lat' dir='ltr'><strong>us</strong></span> <span class='ocrx_word' id='word_1_158' title='bbox 75 2539 169 2604; x_wconf 83' lang='lat' dir='ltr'><strong>dictis</strong></span> <span class='ocrx_word' id='word_1_159' title='bbox 183 2541 384 2606; x_wconf 82' lang='lat' dir='ltr'><strong>manifestum</strong></span> <span class='ocrx_word' id='word_1_160' title='bbox 404 2549 465 2604; x_wconf 62' lang='lat' dir='ltr'><strong>est*</strong></span> <span class='ocrx_word' id='word_1_161' title='bbox 486 2537 567 2624; x_wconf 76' lang='lat' dir='ltr'><strong>(sed</strong></span> <span class='ocrx_word' id='word_1_162' title='bbox 588 2549 620 2603; x_wconf 86' lang='lat' dir='ltr'><strong>et</strong></span> <span class='ocrx_word' id='word_1_163' title='bbox 637 2539 720 2604; x_wconf 85' lang='lat' dir='ltr'><strong>cirea</strong></span> <span class='ocrx_word' id='word_1_164' title='bbox 742 2559 848 2628; x_wconf 82' lang='lat' dir='ltr'><strong>rogem</strong></span> <span class='ocrx_word' id='word_1_165' title='bbox 863 2539 917 2628; x_wconf 87' lang='lat' dir='ltr'><strong>qui</strong></span> <span class='ocrx_word' id='word_1_166' title='bbox 935 2563 989 2605; x_wconf 85' lang='lat' dir='ltr'><strong>eos</strong></span> 
     </span>
     <span class='ocr_line' id='line_1_22' title="bbox 17 2645 989 2736; baseline 0 -24"><span class='ocrx_word' id='word_1_167' title='bbox 17 2646 92 2722; x_wconf 90' lang='lat' dir='ltr'><strong>ulit,</strong></span> <span class='ocrx_word' id='word_1_168' title='bbox 108 2645 304 2714; x_wconf 80' lang='lat' dir='ltr'><strong>Pharaonem</strong></span> <span class='ocrx_word' id='word_1_169' title='bbox 319 2649 455 2714; x_wconf 86' lang='lat' dir='ltr'><strong>nomine.</strong></span> <span class='ocrx_word' id='word_1_170' title='bbox 474 2647 505 2712; x_wconf 85' lang='lat' dir='ltr'><strong>le</strong></span> <span class='ocrx_word' id='word_1_171' title='bbox 519 2647 605 2712; x_wconf 89' lang='lat' dir='ltr'><strong>enim</strong></span> <span class='ocrx_word' id='word_1_172' title='bbox 621 2669 686 2713; x_wconf 91' lang='lat' dir='ltr'><strong>non</strong></span> <span class='ocrx_word' id='word_1_173' title='bbox 701 2648 766 2736; x_wconf 87' lang='lat' dir='ltr'><strong>jam</strong></span> <span class='ocrx_word' id='word_1_174' title='bbox 788 2647 921 2736; x_wconf 79' lang='lat' dir='ltr'><strong>amplius</strong></span> <span class='ocrx_word' id='word_1_175' title='bbox 936 2647 989 2712; x_wconf 82' lang='lat' dir='ltr'><strong>AE-</strong></span> 
     </span>
     <span class='ocr_line' id='line_1_23' title="bbox 21 2754 987 2845; baseline 0.002 -27"><span class='ocrx_word' id='word_1_176' title='bbox 21 2754 76 2819; x_wconf 82' lang='lat' dir='ltr'><strong>tiis</strong></span> <span class='ocrx_word' id='word_1_177' title='bbox 92 2755 266 2845; x_wconf 84' lang='lat' dir='ltr'><strong>imperavit.</strong></span> <span class='ocrx_word' id='word_1_178' title='bbox 285 2755 454 2822; x_wconf 84' lang='lat' dir='ltr'><strong>Nemeum</strong></span> <span class='ocrx_word' id='word_1_179' title='bbox 468 2756 617 2821; x_wconf 79' lang='lat' dir='ltr'><strong>Hebraeos</strong></span> <span class='ocrx_word' id='word_1_180' title='bbox 638 2767 894 2843; x_wconf 76' lang='lat' dir='ltr'><strong>persequeretur,</strong></span> <span class='ocrx_word' id='word_1_181' title='bbox 912 2777 987 2821; x_wconf 88' lang='lat' dir='ltr'><strong>oum</strong></span> 
     </span>
     <span class='ocr_line' id='line_1_24' title="bbox 17 2861 988 2949; baseline -0.002 -21"><span class='ocrx_word' id='word_1_182' title='bbox 17 2865 102 2928; x_wconf 85' lang='lat' dir='ltr'><strong>roitu</strong></span> <span class='ocrx_word' id='word_1_183' title='bbox 130 2865 310 2929; x_wconf 71' lang='lat' dir='ltr'><strong>submersus</strong></span> <span class='ocrx_word' id='word_1_184' title='bbox 332 2876 379 2929; x_wconf 83' lang='lat' dir='ltr'><strong>eet</strong></span> <span class='ocrx_word' id='word_1_185' title='bbox 397 2865 429 2930; x_wconf 90' lang='lat' dir='ltr'><strong>in</strong></span> <span class='ocrx_word' id='word_1_186' title='bbox 452 2862 531 2928; x_wconf 74' lang='lat' dir='ltr'><strong>nari</strong></span> <span class='ocrx_word' id='word_1_187' title='bbox 554 2861 673 2930; x_wconf 87' lang='lat' dir='ltr'><strong>Rubro.</strong></span> <span class='ocrx_word' id='word_1_188' title='bbox 699 2861 763 2926; x_wconf 77' lang='lat' dir='ltr'><strong>sed</strong></span> <span class='ocrx_word' id='word_1_189' title='bbox 788 2875 820 2926; x_wconf 89' lang='lat' dir='ltr'><strong>et</strong></span> <span class='ocrx_word' id='word_1_190' title='bbox 844 2883 922 2949; x_wconf 85' lang='lat' dir='ltr'><strong>quos</strong></span> <span class='ocrx_word' id='word_1_191' title='bbox 945 2863 988 2926; x_wconf 86' lang='lat' dir='ltr'><strong>ait</strong></span> 
     </span>
     <span class='ocr_line' id='line_1_25' title="bbox 17 2969 987 3060; baseline -0.002 -24"><span class='ocrx_word' id='word_1_192' title='bbox 17 2985 102 3036; x_wconf 87' lang='lat' dir='ltr'><strong>torea</strong></span> <span class='ocrx_word' id='word_1_193' title='bbox 124 2969 245 3038; x_wconf 82' lang='lat' dir='ltr'><strong>bellum</strong></span> <span class='ocrx_word' id='word_1_194' title='bbox 264 2973 394 3060; x_wconf 77' lang='lat' dir='ltr'><strong>gessisse</strong></span> <span class='ocrx_word' id='word_1_195' title='bbox 414 2993 489 3036; x_wconf 84' lang='lat' dir='ltr'><strong>oum</strong></span> <span class='ocrx_word' id='word_1_196' title='bbox 510 2969 676 3058; x_wconf 80' lang='lat' dir='ltr'><strong>AEgyptiia‚</strong></span> <span class='ocrx_word' id='word_1_197' title='bbox 700 2970 881 3059; x_wconf 76' lang='lat' dir='ltr'><strong>mentitur.)</strong></span> <span class='ocrx_word' id='word_1_198' title='bbox 907 2969 987 3036; x_wconf 83' lang='lat' dir='ltr'><strong>Nam</strong></span> 
     </span>
     <span class='ocr_line' id='line_1_26' title="bbox 17 3076 987 3167; baseline 0.001 -23"><span class='ocrx_word' id='word_1_199' title='bbox 17 3079 75 3144; x_wconf 69' lang='lat' dir='ltr'><strong>assi</strong></span> <span class='ocrx_word' id='word_1_200' title='bbox 92 3089 167 3145; x_wconf 84' lang='lat' dir='ltr'><strong>aunt</strong></span> <span class='ocrx_word' id='word_1_201' title='bbox 184 3101 223 3144; x_wconf 84' lang='lat' dir='ltr'><strong>ex</strong></span> <span class='ocrx_word' id='word_1_202' title='bbox 234 3077 369 3167; x_wconf 79' lang='lat' dir='ltr'><strong>AEgypto</strong></span> <span class='ocrx_word' id='word_1_203' title='bbox 388 3089 421 3144; x_wconf 88' lang='lat' dir='ltr'><strong>et</strong></span> <span class='ocrx_word' id='word_1_204' title='bbox 432 3076 633 3144; x_wconf 82' lang='lat' dir='ltr'><strong>incoluerunt</strong></span> <span class='ocrx_word' id='word_1_205' title='bbox 645 3078 806 3165; x_wconf 82' lang='lat' dir='ltr'><strong>regionem</strong></span> <span class='ocrx_word' id='word_1_206' title='bbox 820 3101 890 3166; x_wconf 73' lang='lat' dir='ltr'><strong>qum</strong></span> <span class='ocrx_word' id='word_1_207' title='bbox 901 3101 987 3145; x_wconf 89' lang='lat' dir='ltr'><strong>nuno</strong></span> 
     </span>
     <span class='ocr_line' id='line_1_27' title="bbox 17 3185 987 3276; baseline 0 -24"><span class='ocrx_word' id='word_1_208' title='bbox 17 3211 56 3252; x_wconf 88' lang='lat' dir='ltr'><strong>m</strong></span> <span class='ocrx_word' id='word_1_209' title='bbox 72 3185 182 3252; x_wconf 77' lang='lat' dir='ltr'><strong>Judaea</strong></span> <span class='ocrx_word' id='word_1_210' title='bbox 198 3186 323 3260; x_wconf 83' lang='lat' dir='ltr'><strong>dieitur,</strong></span> <span class='ocrx_word' id='word_1_211' title='bbox 345 3187 435 3252; x_wconf 81' lang='lat' dir='ltr'><strong>annia</strong></span> <span class='ocrx_word' id='word_1_212' title='bbox 450 3200 620 3273; x_wconf 91' lang='lat' dir='ltr'><strong>antequam</strong></span> <span class='ocrx_word' id='word_1_213' title='bbox 637 3185 764 3252; x_wconf 84' lang='lat' dir='ltr'><strong>Danaus</strong></span> <span class='ocrx_word' id='word_1_214' title='bbox 783 3187 882 3276; x_wconf 69' lang='lat' dir='ltr'><strong>Argoa</strong></span> <span class='ocrx_word' id='word_1_215' title='bbox 899 3189 987 3254; x_wconf 84' lang='lat' dir='ltr'><strong>veni-</strong></span> 
     </span>
     <span class='ocr_line' id='line_1_28' title="bbox 42 3293 988 3382; baseline 0.002 -24"><span class='ocrx_word' id='word_1_216' title='bbox 42 3293 191 3359; x_wconf 81' lang='lat' dir='ltr'><strong>treoentis</strong></span> <span class='ocrx_word' id='word_1_217' title='bbox 209 3293 378 3382; x_wconf 75' lang='lat' dir='ltr'><strong>nonaginta</strong></span> <span class='ocrx_word' id='word_1_218' title='bbox 397 3295 508 3360; x_wconf 83' lang='lat' dir='ltr'><strong>tribus.</strong></span> <span class='ocrx_word' id='word_1_219' title='bbox 530 3295 624 3360; x_wconf 87' lang='lat' dir='ltr'><strong>Hune</strong></span> <span class='ocrx_word' id='word_1_220' title='bbox 641 3306 747 3359; x_wconf 86' lang='lat' dir='ltr'><strong>autem</strong></span> <span class='ocrx_word' id='word_1_221' title='bbox 769 3295 889 3361; x_wconf 72' lang='lat' dir='ltr'><strong>ceteris</strong></span> <span class='ocrx_word' id='word_1_222' title='bbox 909 3297 988 3362; x_wconf 88' lang='lat' dir='ltr'><strong>anti-</strong></span> 
     </span>
     <span class='ocr_line' id='line_1_29' title="bbox 17 3399 986 3489; baseline 0.003 -23"><span class='ocrx_word' id='word_1_223' title='bbox 17 3423 106 3466; x_wconf 81' lang='lat' dir='ltr'><strong>›rem</strong></span> <span class='ocrx_word' id='word_1_224' title='bbox 126 3399 210 3489; x_wconf 83' lang='lat' dir='ltr'><strong>apud</strong></span> <span class='ocrx_word' id='word_1_225' title='bbox 230 3399 356 3468; x_wconf 71' lang='lat' dir='ltr'><strong>Gmooa</strong></span> <span class='ocrx_word' id='word_1_226' title='bbox 377 3423 394 3465; x_wconf 86' lang='lat' dir='ltr'><strong>a</strong></span> <span class='ocrx_word' id='word_1_227' title='bbox 415 3399 572 3489; x_wconf 80' lang='lat' dir='ltr'><strong>plerisque</strong></span> <span class='ocrx_word' id='word_1_228' title='bbox 595 3401 765 3468; x_wconf 76' lang='lat' dir='ltr'><strong>existimari</strong></span> <span class='ocrx_word' id='word_1_229' title='bbox 786 3403 986 3470; x_wconf 80' lang='lat' dir='ltr'><strong>manifestum</strong></span> 
     </span>
     <span class='ocr_line' id='line_1_30' title="bbox 43 3506 985 3597; baseline 0.002 -23"><span class='ocrx_word' id='word_1_230' title='bbox 43 3509 154 3596; x_wconf 84' lang='lat' dir='ltr'><strong>ltaque</strong></span> <span class='ocrx_word' id='word_1_231' title='bbox 178 3506 349 3576; x_wconf 70' lang='lat' dir='ltr'><strong>Manethon</strong></span> <span class='ocrx_word' id='word_1_232' title='bbox 376 3509 440 3574; x_wconf 90' lang='lat' dir='ltr'><strong>duo</strong></span> <span class='ocrx_word' id='word_1_233' title='bbox 465 3509 555 3576; x_wconf 82' lang='lat' dir='ltr'><strong>nobis</strong></span> <span class='ocrx_word' id='word_1_234' title='bbox 583 3509 685 3597; x_wconf 83' lang='lat' dir='ltr'><strong>capita</strong></span> <span class='ocrx_word' id='word_1_235' title='bbox 708 3511 846 3576; x_wconf 78' lang='lat' dir='ltr'><strong>veritatis</strong></span> <span class='ocrx_word' id='word_1_236' title='bbox 871 3513 985 3578; x_wconf 84' lang='lat' dir='ltr'><strong>invitus</strong></span> 
     </span>
     <span class='ocr_line' id='line_1_31' title="bbox 17 3615 985 3712; baseline 0 -28"><span class='ocrx_word' id='word_1_237' title='bbox 17 3617 131 3684; x_wconf 82' lang='lat' dir='ltr'><strong>inravit</strong></span> <span class='ocrx_word' id='word_1_238' title='bbox 145 3617 177 3682; x_wconf 92' lang='lat' dir='ltr'><strong>in</strong></span> <span class='ocrx_word' id='word_1_239' title='bbox 195 3616 318 3705; x_wconf 69' lang='lat' dir='ltr'><strong>scriptia</strong></span> <span class='ocrx_word' id='word_1_240' title='bbox 334 3616 397 3682; x_wconf 83' lang='lat' dir='ltr'><strong>suia</strong></span> <span class='ocrx_word' id='word_1_241' title='bbox 413 3639 421 3681; x_wconf 78' lang='grc' dir='ltr'><em>τ</em></span> <span class='ocrx_word' id='word_1_242' title='bbox 438 3617 575 3706; x_wconf 89' lang='lat' dir='ltr'><strong>primum</strong></span> <span class='ocrx_word' id='word_1_243' title='bbox 590 3615 731 3712; x_wconf 83' lang='lat' dir='ltr'><strong>quidem,</strong></span> <span class='ocrx_word' id='word_1_244' title='bbox 750 3617 836 3708; x_wconf 87' lang='lat' dir='ltr'><strong>quod</strong></span> <span class='ocrx_word' id='word_1_245' title='bbox 850 3641 903 3684; x_wconf 89' lang='lat' dir='ltr'><strong>eos</strong></span> <span class='ocrx_word' id='word_1_246' title='bbox 917 3641 985 3707; x_wconf 88' lang='lat' dir='ltr'><strong>pas-</strong></span> 
     </span>
     <span class='ocr_line' id='line_1_32' title="bbox 17 3725 986 3814; baseline 0.002 -24"><span class='ocrx_word' id='word_1_247' title='bbox 17 3751 42 3792; x_wconf 58' lang='lat' dir='ltr'><strong>is</strong></span> <span class='ocrx_word' id='word_1_248' title='bbox 65 3725 161 3792; x_wconf 74' lang='lat' dir='ltr'><strong>suisne</strong></span> <span class='ocrx_word' id='word_1_249' title='bbox 183 3725 344 3792; x_wconf 83' lang='lat' dir='ltr'><strong>consessus</strong></span> <span class='ocrx_word' id='word_1_250' title='bbox 367 3735 431 3798; x_wconf 67' lang='grc' dir='ltr'><strong>θεὶς</strong></span> <span class='ocrx_word' id='word_1_251' title='bbox 454 3725 580 3800; x_wconf 82' lang='lat' dir='ltr'><strong>deinde,</strong></span> <span class='ocrx_word' id='word_1_252' title='bbox 609 3725 694 3811; x_wconf 89' lang='lat' dir='ltr'><strong>quod</strong></span> <span class='ocrx_word' id='word_1_253' title='bbox 718 3747 858 3814; x_wconf 79' lang='lat' dir='ltr'><strong>egressos</strong></span> <span class='ocrx_word' id='word_1_254' title='bbox 876 3749 943 3792; x_wconf 83' lang='lat' dir='ltr'><strong>esso</strong></span> <span class='ocrx_word' id='word_1_255' title='bbox 967 3751 986 3791; x_wconf 94' lang='lat' dir='ltr'><strong>e</strong></span> 
     </span>
     <span class='ocr_line' id='line_1_33' title="bbox 19 3831 987 3926; baseline 0.001 -26"><span class='ocrx_word' id='word_1_256' title='bbox 19 3859 42 3900; x_wconf 86' lang='lat' dir='ltr'><strong>a</strong></span> <span class='ocrx_word' id='word_1_257' title='bbox 66 3833 194 3925; x_wconf 80' lang='lat' dir='ltr'><strong>AEgypti</strong></span> <span class='ocrx_word' id='word_1_258' title='bbox 215 3859 223 3900; x_wconf 92' lang='lat'><strong>:</strong></span> <span class='ocrx_word' id='word_1_259' title='bbox 249 3834 384 3900; x_wconf 85' lang='lat' dir='ltr'><strong>adeunt</strong></span> <span class='ocrx_word' id='word_1_260' title='bbox 403 3831 452 3900; x_wconf 80' lang='lat' dir='ltr'><strong>vel</strong></span> <span class='ocrx_word' id='word_1_261' title='bbox 473 3856 511 3898; x_wconf 89' lang='lat' dir='ltr'><strong>ex</strong></span> <span class='ocrx_word' id='word_1_262' title='bbox 532 3833 580 3898; x_wconf 84' lang='lat' dir='ltr'><strong>his</strong></span> <span class='ocrx_word' id='word_1_263' title='bbox 600 3843 780 3922; x_wconf 85' lang='lat' dir='ltr'><strong>temporum</strong></span> <span class='ocrx_word' id='word_1_264' title='bbox 802 3835 987 3926; x_wconf 85' lang='lat' dir='ltr'><strong>descriptio-</strong></span> 
     </span>
    </p>
   </div>
   <div class='ocr_carea' id='block_1_5' title="bbox 17 3943 986 4118">
    <p class='ocr_par' dir='ltr' id='par_1_6' title="bbox 17 3943 986 4118">
     <span class='ocr_line' id='line_1_34' title="bbox 17 3943 986 4034; baseline -0.001 -25"><span class='ocrx_word' id='word_1_265' title='bbox 17 3969 68 4019; x_wconf 86' lang='lat' dir='ltr'><strong>ua,</strong></span> <span class='ocrx_word' id='word_1_266' title='bbox 98 3943 218 4012; x_wconf 74' lang='lat' dir='ltr'><strong>Morem</strong></span> <span class='ocrx_word' id='word_1_267' title='bbox 245 3957 277 4010; x_wconf 89' lang='lat' dir='ltr'><strong>et</strong></span> <span class='ocrx_word' id='word_1_268' title='bbox 303 3943 356 4032; x_wconf 89' lang='lat' dir='ltr'><strong>qui</strong></span> <span class='ocrx_word' id='word_1_269' title='bbox 382 3965 456 4011; x_wconf 86' lang='lat' dir='ltr'><strong>eum</strong></span> <span class='ocrx_word' id='word_1_270' title='bbox 482 3945 604 4032; x_wconf 80' lang='lat' dir='ltr'><strong>sequuti</strong></span> <span class='ocrx_word' id='word_1_271' title='bbox 630 3957 715 4020; x_wconf 85' lang='lat' dir='ltr'><strong>aunt,</strong></span> <span class='ocrx_word' id='word_1_272' title='bbox 742 3947 907 4034; x_wconf 80' lang='lat' dir='ltr'><strong>nongentis</strong></span> <span class='ocrx_word' id='word_1_273' title='bbox 938 3945 986 4010; x_wconf 82' lang='lat' dir='ltr'><strong>vri</strong></span> 
     </span>
     <span class='ocr_line' id='line_1_35' title="bbox 762 4055 808 4118; baseline 0 0"><span class='ocrx_word' id='word_1_274' title='bbox 762 4055 808 4118; x_wconf 72' lang='grc' dir='ltr'><strong>ιδ.</strong></span> 
     </span>
    </p>
   </div>
   <div class='ocr_carea' id='block_1_6' title="bbox 0 0 1312 4620">
    <p class='ocr_par' dir='ltr' id='par_1_7' title="bbox 0 0 1312 4620">
     <span class='ocr_line' id='line_1_36' title="bbox 0 0 1312 4620; baseline 0 1"><span class='ocrx_word' id='word_1_275' title='bbox 0 0 1312 4620; x_wconf 95' lang='lat' dir='ltr'><strong> </strong></span> 
     </span>
    </p>
   </div>
  </div>
 </body>
</html>
