2816 4610
347 290 481 332 ascario
506 291 561 332 roo
586 293 788 337 circumitus.
1035 281 1070 340 lrr

60 391 185 459 ridicula
209 394 355 458 scutilo
376 393 499 482 templis
520 397 618 470 enim,
640 419 715 462 cum
733 421 862 487 magnos
883 413 977 488 agunt
996 425 1072 468 con-

60 515 179 576 santus,
200 514 329 589 pectora
351 501 478 579 feriunt,
495 515 643 593 tauquam
665 507 705 570 ob
722 507 899 583 defunctos,
915 522 947 574 et
961 513 1076 576 saculi-

59 626 127 678 cant
149 619 297 700 tanquam
322 612 389 678 diis.
420 613 528 701 Neque
550 615 581 680 id
611 615 737 691 mirum,
763 617 880 707 quippo
899 641 972 684 cum
995 623 1074 709 ipsas

60 718 176 786 belluas
191 720 331 787 reserant
348 722 380 786 iu
395 722 483 798 deos,
500 723 599 810 iisque
614 725 745 790 mortuis
760 725 888 814 capillos
904 727 1073 818 deponant,

12 815 13 822 ἵ
57 850 171 914 sasque
186 828 337 916 sepeliant
352 828 384 894 in
401 828 536 918 templis,
552 853 590 896 ac
603 830 747 919 publicos
758 831 862 899 luctus
876 837 1022 902 excitent.
1041 839 1075 902 Si

12 941 13 946 ’
57 961 129 1026 rrgo
144 937 366 1025 impiisumus,
380 939 528 1025 quianon
538 939 683 1006 eamdem
693 963 731 1006 ac
741 938 785 1006 illi
797 943 944 1030 pictatem
956 946 989 1010 iu
1001 947 1075 1012 deos

58 1045 232 1132 sequimurs
249 1047 389 1114 civitates
405 1029 526 1124 omues,
543 1060 651 1137 gentes
662 1071 770 1116 omues
782 1051 893 1140 impias.
910 1054 979 1119 Non
990 1057 1074 1122 euim

59 1177 164 1220 omues
179 1154 309 1220 eosdem
324 1169 511 1223 venerantur
526 1156 611 1224 deos.

96 1259 169 1326 XV.
192 1261 270 1337 Sed,
291 1275 359 1328 asto
378 1265 505 1330 eosdem
529 1277 727 1331 veneremur.
758 1267 844 1346 Quid
866 1267 980 1356 igilur?
1002 1274 1073 1359 quia

59 1369 210 1460 plerique,
232 1393 306 1437 cum
329 1373 540 1440 internoscere
559 1397 623 1441 nou
642 1377 762 1463 possint
780 1377 854 1463 quid
875 1378 914 1442 sit
931 1381 1073 1456 matoria,

60 1474 130 1564 quid
145 1479 245 1554 Deua,
269 1492 301 1544 ot
316 1494 469 1567 quantum
484 1482 566 1546 inser
587 1493 758 1570 utrumque
775 1482 985 1561 intervallum,
1001 1510 1076 1575 sup-

60 1585 172 1673 plicant
192 1585 346 1654 confectis
362 1611 401 1654 ex
416 1589 544 1654 materia
568 1587 756 1662 simulacriss
781 1613 858 1655 aum
878 1591 997 1658 idcirco
1018 1615 1076 1659 nos

60 1717 193 1782 quoquc,
205 1694 261 1782 qui
274 1694 480 1761 discernimus
494 1707 527 1760 ot
542 1697 747 1794 disjungimus
763 1698 935 1786 ingenitum
947 1711 978 1764 et
992 1701 1077 1789 geni·

62 1813 135 1875 rum,
152 1801 185 1866 id
201 1800 289 1888 quod
303 1812 351 1866 ost
365 1813 397 1866 ot
412 1801 498 1890 quod
515 1823 580 1868 non
594 1815 654 1878 ost,
671 1791 705 1868 id
718 1803 804 1890 quod
824 1815 929 1868 mente
942 1818 975 1869 et
988 1806 1075 1893 quod

62 1931 145 1974 seusu
169 1909 356 1998 percipitur,
376 1921 408 1976 el
429 1921 539 1998 aptum
559 1911 728 1998 uuicuique
747 1911 861 1977 borum
881 1935 996 1980 nomen
1015 1915 1071 1980 im·

62 2021 214 2105 ponimus,
226 2021 382 2086 adibimus
392 2034 425 2086 et
436 2023 637 2088 adorabimus
649 2019 837 2088 simulacra?
848 2023 928 2090 Nam
938 2027 964 2090 si
976 2049 1075 2093 unum

62 2141 89 2191 rt
103 2131 186 2194 idem
201 2131 334 2196 materia
344 2142 377 2195 et
388 2131 485 2206 Deus,
498 2154 536 2197 ao
547 2131 610 2196 duo
621 2131 763 2217 ejusdem
775 2131 819 2194 rei
831 2131 974 2206 nominas
990 2135 1075 2223 impii

12 2275 14 2343 l
60 2261 176 2313 samm,
192 2239 246 2326 qui
261 2237 379 2327 lapidos
394 2251 425 2304 ct
440 2238 536 2326 ligna,
549 2261 660 2304 aurum
674 2251 706 2303 ct
720 2250 885 2327 argeutum
896 2263 960 2306 nou
976 2244 1078 2309 existi-

13 2357 15 2406 ι
60 2367 181 2410 aremus
195 2347 280 2412 deos
300 2346 357 2412 Sin
372 2358 478 2412 aotam
492 2368 587 2433 quam
608 2344 788 2434 longissime
805 2357 837 2410 ot
860 2358 982 2414 motum
1004 2374 1021 2416 a
1043 2374 1076 2416 so

13 2483 14 2490 ¹
58 2455 198 2518 invicem
208 2455 334 2530 dnlant,
348 2465 500 2541 quantum
516 2452 626 2518 artilex
636 2465 669 2517 ot
682 2453 843 2541 subjectus
857 2452 939 2520 illius
949 2457 1008 2522 arti
1019 2481 1077 2546 ap-

13 2491 15 2600 l
59 2573 204 2648 paratam,
221 2564 290 2650 quid
304 2561 509 2630 incusamur?
524 2561 801 2641 Quemadmodum
815 2564 900 2630 onim
916 2564 1030 2653 figulus
1045 2581 1077 2632 ot

13 2657 15 2804 ἱ
59 2671 163 2734 lutum
184 2670 329 2755 (matoria
345 2671 471 2758 quidem
486 2669 600 2744 lulum,
617 2670 726 2734 artilex
747 2681 854 2736 aulem
872 2669 1017 2760 figulus),
1034 2674 1075 2738 ito

13 2825 15 2868 ‚
59 2779 143 2842 Deos
164 2777 279 2866 opifex,
301 2791 333 2844 et
348 2801 417 2865 quse
430 2779 500 2866 ojus
518 2777 578 2842 arti
597 2777 781 2864 obsequitur
797 2777 936 2842 materia.
956 2776 1020 2842 Sed
1043 2791 1077 2844 ut

61 2888 160 2952 lulum
174 2911 232 2976 per
248 2888 383 2976 seipsum
399 2911 469 2954 rasa
485 2886 553 2952 ficri
568 2886 633 2951 siue
649 2896 715 2950 arto
733 2907 797 2950 uon
813 2895 930 2972 potcsts
946 2885 993 2952 sic
1007 2909 1077 2953 om·

14 3005 16 3054 l
61 2997 144 3060 nium
159 2995 334 3061 formarum
346 3019 445 3084 capax
459 2993 602 3068 materia,
618 2994 684 3058 sine
703 2991 816 3080 opifice
838 2991 918 3067 Deo,
939 3015 999 3060 nec
1014 2996 1079 3062 dis-

14 3055 16 3190 l
63 3105 256 3178 linctionem,
275 3126 335 3170 uec
353 3105 497 3193 liguram,
517 3125 577 3168 nec
595 3112 742 3166 ornatum
760 3101 939 3188 accepisset.
961 3103 1080 3181 Quem·

60 3214 233 3280 admodum
251 3225 357 3280 aulem
373 3213 514 3304 figlinum
533 3235 612 3301 opus
632 3209 728 3299 pluris
753 3233 816 3277 non
831 3210 963 3277 iacimus
985 3237 1079 3302 quam

15 3395 16 3408 χ
60 3323 204 3410 ligulam,
220 3346 283 3389 occ
303 3321 421 3410 phiolas
442 3333 474 3386 et
492 3343 563 3388 vasa
585 3342 678 3386 aurea
701 3341 795 3405 quam
817 3317 959 3394 fabrum
978 3321 1033 3386 scd
1053 3324 1079 3386 si

15 3425 16 3460 ³
58 3433 130 3516 quid
146 3433 181 3496 in
196 3433 242 3496 eis
257 3441 324 3496 arla
339 3416 474 3518 elegans,
490 3427 643 3494 artificem
661 3425 836 3502 laudamus,
852 3426 939 3514 isque
953 3424 1079 3494 laudam

15 3471 18 3580 l
56 3566 92 3604 rr
108 3543 190 3606 rasis
205 3541 373 3628 {reponam
398 3542 439 3605 ila
458 3540 566 3613 eliam,
588 3538 641 3602 ubi
660 3537 762 3625 agitur
783 3535 821 3600 do
837 3537 967 3600 materia
985 3551 1025 3628 el,
1038 3539 1078 3604 de

58 3653 134 3726 llao,
151 3650 266 3718 mundi
281 3650 497 3738 descriptionis
512 3648 641 3738 gloriam
656 3659 688 3711 et
702 3646 854 3712 bonoram
871 3668 935 3710 non
949 3649 1078 3713 matoria

55 3763 110 3826 -ibi
132 3761 252 3826 merito
274 3761 430 3836 vendicat,
448 3759 506 3824 sed
527 3757 663 3823 materie
685 3755 786 3844 opifer
808 3756 903 3822 Deus.
928 3757 1037 3844 ltaque
1056 3761 1079 3824 si

54 3872 197 3936 irraloriae
213 3870 333 3958 species
347 3871 558 3936 existimamus
571 3867 657 3940 deos,
675 3863 796 3932 nullum
809 3867 873 3932 veri
886 3867 942 3944 Dei
954 3891 1080 3936 sensum
1203 3875 1207 3882 '
