2772 4620
24 355 27 414 Ι
344 311 495 356 aracaeus
518 311 580 356 cnr
604 309 769 354 rarrnons
791 309 906 354 sunno.
1074 285 1141 379 :⁷³45

23 433 26 490 t
81 418 226 504 quibus
241 439 301 508 ego
320 441 385 484 non
401 419 571 494 assentior,
589 441 651 484 nec
665 417 846 494 assentirer,
866 416 988 484 etiamsi
1008 416 1144 482 maxima

22 505 25 578 l
83 547 196 612 pars,
208 549 278 615 quae
290 548 420 593 mecum
433 525 604 608 consentit,
618 526 703 591 idem
716 525 835 592 diceret
850 549 858 590 ι
875 547 979 615 neque
990 524 1077 589 enim
1088 523 1145 590 hu-

86 637 213 702 manis
228 637 381 702 doctrinis
395 636 475 724 jussi
486 657 595 702 sumus
608 635 647 700 eb
661 634 728 724 ipso
740 634 867 701 Christo
882 633 1027 710 credere,
1040 632 1096 699 sed
1108 632 1144 698 iis

19 785 20 790 κ
91 745 326 831 quaeaheatis
338 743 504 834 Prophetis
514 742 684 833 praedicata
695 753 729 808 et
738 744 779 809 ah
791 743 859 831 ipso
869 741 996 808 tradite.

154 850 274 917 XLlX.
298 850 338 916 llt
356 848 510 940 Trypho:
532 848 609 916 Mihi
625 848 757 938 quidem
771 849 930 926 videntur,
951 849 1067 937 inquit,
1089 849 1143 937 qui
1181 853 1183 856 ’

99 957 204 1024 illum
215 959 377 1026 hominem
388 959 483 1026 faisse
493 969 526 1024 at
535 957 692 1024 electione
707 969 840 1025 unctum
851 981 890 1026 ee
906 958 1069 1025 Christum
1080 956 1144 1023 sac·

102 1080 182 1135 tom
197 1091 265 1135 esse
277 1069 400 1143 dicunt,
414 1065 607 1157 probabilius
619 1089 718 1156 quum
728 1088 797 1143 ros,
813 1067 992 1156 quiesque.
1007 1065 1142 1140 retulisti

103 1178 237 1254 tenetis,
256 1177 373 1244 dicere.
395 1176 476 1244 Nam
492 1188 524 1243 et
538 1198 597 1242 nos
614 1199 726 1242 omnes
745 1174 907 1242 Christum
924 1175 1142 1242 hominemex

103 1284 291 1352 hominihus
305 1297 524 1375 exspectamus
540 1285 751 1360 naseiturum,
768 1295 801 1350 et
816 1286 856 1352 ab
874 1283 956 1362 Elia,
972 1285 1099 1374 quando
1115 1285 1142 1352 is

107 1395 244 1471 venerit,
264 1407 397 1462 unctum
416 1394 465 1460 iri.
484 1393 581 1474 Quod
602 1393 632 1460 si
652 1393 711 1459 iste
730 1393 876 1460 Christus
898 1417 966 1460 esse
984 1393 1141 1472 videatur,

106 1504 205 1571 homo
225 1528 265 1570 ex
284 1505 468 1572 hominihus
490 1503 623 1570 omnino
645 1503 872 1570 existimandus
897 1516 962 1576 estc
987 1487 1052 1570 sed¹
1067 1503 1142 1594 quia

107 1611 254 1679 nondum
273 1613 359 1680 venit
379 1611 482 1688 Elias,
498 1635 603 1699 neque
626 1611 714 1678 hunc
729 1612 894 1680 Christum
907 1635 976 1680 esse
991 1635 1116 1702 censeo.

149 1725 272 1792 Rursus
289 1749 365 1814 ergo
381 1724 470 1790 illum
488 1737 692 1814 percontatus
707 1748 778 1818 sum
793 1748 801 1790 z
819 1726 872 1792 dn
892 1747 957 1791 non
977 1725 1140 1816 Scriptura

104 1855 164 1921 per
174 1833 364 1900 Zachariam
379 1831 456 1908 dicit
472 1832 576 1898 Elium
592 1845 665 1900 ante
683 1855 833 1922 magnum
853 1831 944 1898 illum
963 1846 997 1899 et
1013 1836 1142 1902 terrihi-

106 1941 171 2008 lem
184 1941 314 2009 Domini
331 1941 417 2008 diem
430 1963 498 2006 esse
512 1940 705 2008 venturum?

150 2047 327 2138 Respondit
338 2028 394 2114 ille
412 2071 420 2114 ε
438 2047 583 2114 Maxime.
606 2093 624 2124 ,

151 2157 185 2222 Si
205 2158 300 2246 igitur
315 2155 478 2248 Scriptura
498 2157 643 2236 confiteri
663 2160 747 2248 cogit
765 2159 927 2249 duplicem
942 2162 1059 2229 Christi
1078 2163 1138 2228 ad·
1255 2149 1262 2172 ’

105 2279 237 2333 rentum
257 2290 326 2334 esse
346 2267 564 2357 praedictum:
587 2266 724 2335 alterum
744 2269 783 2350 in¹
798 2293 861 2357 quo
880 2273 1136 2362 perpessionibus

103 2376 260 2442 obnoxius
274 2388 307 2442 et
318 2375 470 2465 inglorius
481 2389 514 2442 et
525 2375 668 2444 informis
679 2380 859 2466 apparebit;
876 2379 1011 2447 alterum
1026 2382 1059 2450 in
1071 2405 1136 2470 quo

106 2485 330 2553 circumfluens
349 2485 448 2576 gloria
467 2499 501 2553 et
519 2488 663 2554 omnium
681 2488 780 2578 judex
797 2489 958 2568 adveniet,
978 2493 1134 2580 quemod-

106 2596 238 2663 modum
251 2603 284 2663 et'
299 2619 390 2687 supro
408 2597 552 2688 pluribus
574 2600 825 2666 demonstratum
840 2613 888 2668 est
894 2627 903 2676 ;
927 2622 968 2667 an
982 2625 1049 2668 non
1066 2602 1133 2668 ida

104 2703 209 2772 divino
228 2708 325 2774 verbo
342 2706 549 2796 praedicatum
563 2706 787 2798 intelligemus,
807 2706 909 2774 Elium
929 2708 1079 2774 terribilis
1099 2722 1132 2774 et

102 2815 295 2904 magnidici,
311 2815 344 2882 id
359 2827 419 2893 est,
434 2818 566 2886 secundi
580 2819 653 2907 ejus
666 2817 821 2885 adventus
835 2839 1065 2905 precursorem
1079 2818 1132 2884 su-

101 2923 230 2988 turum?

143 3035 292 3112 Maxime,
307 3039 469 3127 respondit
483 3037 546 3106 ille.

145 3137 249 3232 At'que
263 3145 326 3212 hoc
337 3147 453 3235 ipsum,
469 3150 607 3227 aiebam,
621 3149 777 3216 Dominus
792 3161 900 3218 noster
913 3151 996 3217 inter
1005 3173 1042 3218 ea
1057 3173 1129 3240 que
1258 3201 1263 3229 ,

101 3252 225 3327 docuit,
238 3253 380 3322 futurum
396 3279 463 3324 esso
477 3259 619 3335 tradidit,
636 3281 711 3345 oum
721 3258 823 3327 Elium
833 3283 961 3349 quoque
972 3260 1049 3326 dixit
1059 3284 1127 3326 asse

100 3373 281 3428 venturum.
305 3364 402 3445 Quod
419 3367 547 3454 quidem
561 3392 621 3435 nos
639 3369 782 3436 futurum
795 3393 864 3436 esse
882 3351 1000 3437 scimus
1018 3393 1126 3438 eume

99 3468 188 3536 omlis
201 3468 338 3559 gloriose
349 3473 502 3541 Dominus
514 3489 622 3544 noster
633 3477 725 3545 lesus
739 3480 883 3574 Christus
898 3491 1049 3546 venturus
1060 3493 1125 3554 ests

98 3581 191 3670 cujus
202 3581 332 3670 quidem
342 3582 437 3672 primi
447 3586 543 3652 etiam
555 3587 707 3654 adventus
718 3587 853 3676 Spiritus
863 3587 936 3665 Dei,
947 3579 1002 3677 qui
1012 3590 1046 3656 in
1055 3589 1123 3658 Elia

98 3689 210 3767 fuerat,
223 3715 330 3782 praeco
345 3695 505 3783 praeoessit
523 3697 555 3762 in
570 3697 694 3764 Joanne
709 3698 802 3764 vestri
816 3700 940 3789 generis
953 3701 1121 3790 propheta,

97 3810 275 3888 postquem
293 3800 399 3871 nullus
416 3802 495 3872 alius
510 3804 659 3895 deinceps
670 3807 823 3896 propheta
839 3809 923 3898 spud
938 3831 992 3874 vos
1003 3811 1116 3891 estitit.

95 3911 125 3977 ls
136 3909 177 3976 ed
187 3935 314 3980 omnem
324 3913 497 3983 Jordaaem
510 3917 678 3984 considens
689 3917 867 3986 clamabat:
885 3919 975 4010 «Ego
989 3921 1118 4009 quidem
