2492 4632
339 369 462 414 corrui
486 367 636 414 unumne.
939 349 1003 434 457

42 474 275 541 vexationem
296 472 406 564 populi
421 475 498 550 mei,
514 475 568 563 qui
589 485 637 539 est
655 474 687 538 in
708 471 858 565 AEgypto,
878 487 911 540 et
933 475 1005 542 dos-

13 581 62 648 di
102 597 142 650 ut
167 605 278 651 eruam
296 583 368 650 eos¹
386 608 395 650 :
416 614 428 646 ι
444 587 484 650 ab
513 585 603 650 initio
625 595 768 651 assuetus
785 583 930 652 Verbum
946 584 1004 652 Dei

18 691 134 760 dere
150 705 184 761 et
205 691 412 770 descendere,
427 704 558 783 propter
573 692 708 760 salutem
724 715 838 760 eorum
851 694 905 782 qui
922 693 1003 762 melo

13 813 129 867 rent.

28 909 226 990 Quoniam
237 923 346 979 nutem
360 910 425 980 Lex
439 911 616 1001 praedoouit
632 911 796 978 hominem
809 912 899 1002 sequi
912 935 1005 1002 opor-

13 1017 231 1098 Christum,
250 1020 320 1111 ipse
341 1020 416 1088 facit
435 1018 650 1094 manifestum,
673 1019 703 1084 ei
721 1021 777 1110 qui
798 1021 1006 1110 interrogavit

12 1177 19 1200 .
71 1129 166 1217 quid
186 1129 306 1198 faciens
325 1129 422 1198 vitam
446 1140 597 1196 eternam
620 1127 838 1203 haereditaret,
863 1129 909 1197 sic
935 1153 1004 1196 res-

12 1249 104 1308 tens
123 1263 133 1304 ι
151 1267 165 1301 ι
180 1239 215 1307 si
238 1240 284 1309 vis
305 1239 451 1308 invitam
471 1240 614 1315 introire,
630 1237 754 1308 custodi
773 1249 930 1330 precepto
941 1239 963 1306 ².
983 1269 995 1302 ι

12 1361 152 1416 eutem
169 1333 420 1440 interrogantem
437 1349 539 1430 Qus?
555 1377 569 1412 ι
584 1372 692 1416 rursus
708 1347 864 1416 Dominus
880 1372 889 1413 ε
904 1377 916 1412 ι
934 1349 1004 1418 Non

12 1459 220 1537 echaberis,
238 1480 304 1528 non
320 1459 460 1538 occides,
472 1483 539 1528 nou
553 1459 721 1535 furaberis,
735 1483 801 1527 non
813 1458 926 1528 snitum
944 1475 1004 1530 tes·

12 1570 168 1638 aonium
182 1571 309 1648 reddes,
327 1569 449 1642 honora
473 1583 596 1661 petrem
616 1582 649 1638 et
669 1583 817 1648 matrem,
839 1583 871 1636 et
895 1571 1004 1662 diliges

12 1682 176 1748 oximum
198 1693 350 1772 tanquam
372 1681 526 1772 teipsum
549 1679 661 1748 »velut
682 1680 798 1771 grudus
820 1703 1003 1773 proponens

12 1801 125 1880 cepta
144 1789 235 1881 Legis
250 1777 397 1858 introitis
415 1792 448 1858 in
470 1791 580 1866 ritem.
599 1788 777 1858 volentibus
796 1791 885 1879 sequi
902 1813 1002 1858 eum:

12 1925 18 1962 a
37 1897 104 1964 uni
117 1911 189 1968 tum
198 1899 321 1977 dicens,
331 1899 478 1967 omnibus
487 1900 624 1967 dicebat.
636 1896 692 1966 ille
703 1911 812 1966 autem
823 1921 899 1968 oum
912 1900 1006 1967 dixis·

12 2037 15 2070 ι
28 2007 169 2076 Omnia
179 2010 243 2097 feci
256 2011 267 2096 (
274 2023 307 2078 et
317 2008 399 2078 sorte
412 2033 477 2078 non
489 2009 625 2082 iecerat:
636 2031 712 2075 nam
725 2009 834 2100 utique
845 2033 910 2078 non
923 2010 1007 2080 dice·

12 2141 45 2181 rr
58 2117 106 2195 ei,
122 2117 260 2185 Custodi
273 2122 470 2208 precepto),
484 2140 621 2209 urguens
633 2117 1007 2209 Dominusoupiditatem

11 2249 39 2302 s,
59 2226 144 2294 dixit
158 2225 188 2294 ei
203 2249 212 2291 ι
228 2251 241 2288 ι
256 2225 289 2292 Si
310 2227 355 2294 ris
375 2224 539 2316 perfectus
560 2249 645 2302 esse,
663 2224 755 2302 vade,
778 2227 880 2294 rende
900 2232 1007 2296 omnia

11 2359 59 2402 ιω
71 2336 187 2412 habos,
206 2346 239 2402 et
258 2334 580 2424 diridepauperihus,
600 2345 633 2400 et
648 2333 733 2409 reni,
754 2357 887 2424 sequere
902 2359 999 2412 men

11 2445 194 2514 ostolorum
205 2458 329 2536 partem
343 2445 531 2536 promittens
543 2443 587 2510 eis
599 2444 654 2532 qui
664 2443 710 2512 sio
721 2443 868 2512 fecerint.
882 2443 923 2510 Et
936 2469 1002 2514 non

11 2579 109 2623 erum
129 2557 230 2624 Deum
252 2554 380 2623 Patrem
406 2555 619 2622 annuntiabat
643 2555 765 2642 eisqui
795 2556 1010 2643 aequabantur

11 2689 59 2742 m,
75 2679 273 2755 preteream
288 2667 342 2756 qui
357 2668 397 2734 ah
413 2665 503 2732 initio
522 2688 540 2730 a
556 2663 640 2754 Lege
652 2664 858 2731 annuntiatus
869 2675 934 2735 ests
949 2685 1011 2732 nec

11 2799 66 2842 um
81 2775 212 2853 Filium,
227 2797 290 2843 nec
305 2772 456 2850 Matrem,
471 2772 682 2859 Enthymesin
700 2767 812 2836 AEonis
828 2769 882 2857 qui
900 2769 960 2834 suit
977 2770 1011 2836 in

11 2886 127 2961 ssione,
141 2896 175 2952 et
190 2887 222 2952 in
238 2883 437 2956 defectiones
455 2903 517 2947 nec
533 2877 662 2967 triginta
677 2875 817 2943 AEonam
836 2875 1012 2942 Plenitudi-

11 3019 55 3070 ιιι,
75 3017 146 3084 quse
159 3017 259 3062 vacua
274 3006 307 3060 et
323 2993 514 3060 inconstans
530 2997 656 3054 ostensa
670 2997 734 3059 θεῖς
754 3007 815 3052 nec
829 3007 901 3052 enm
919 2985 1012 3051 fabu-

11 3129 32 3170 n
47 3127 120 3194 quae
135 3129 153 3170 u
168 3102 298 3194 reliquis
313 3101 471 3170 hereticis
487 3099 562 3166 [iota
579 3107 649 3163 est:
670 3095 725 3161 sed
750 3095 888 3162 docebat
909 3105 943 3160 ut
966 3095 1013 3160 sa-

11 3227 81 3280 rent
91 3227 249 3304 praecepta
264 3235 334 3302 quae
347 3213 388 3279 ab
400 3211 488 3278 initio
502 3207 653 3299 precepit
666 3205 771 3282 Deus,
781 3217 814 3271 et
827 3216 862 3270 nt
873 3217 1012 3270 veterem

13 3324 179 3413 piditatem
189 3345 246 3413 per
254 3345 350 3413 opera
358 3321 443 3388 bona
456 3317 629 3393 soiverent,
640 3327 674 3381 et
683 3327 892 3402 sequerentur
905 3313 1013 3381 Chris·
1087 3321 1092 3332 '

11 3457 50 3498 m.
72 3432 232 3513 Quoniam
251 3441 359 3497 autem
373 3451 411 3496 ea
427 3451 498 3516 quac
516 3422 732 3516 possidentur,
747 3422 944 3511 pauperibus
963 3423 1016 3488 di-

11 3567 50 3620 ta,
74 3540 262 3610 solutionem
284 3539 405 3608 fuciunt
432 3535 598 3628 preteritae
622 3531 818 3622 cupiditatis,
841 3529 1016 3600 zaccheus

11 3655 50 3720 cit
65 3650 266 3718 menifestum
283 3675 292 3716 :
310 3650 435 3724 «Ecce,
452 3647 575 3722 dicens,
592 3643 760 3711 dimidium
775 3665 813 3707 ex
829 3641 921 3720 bonis
938 3641 1017 3707 meis

11 3761 44 3828 do
60 3758 261 3850 pauperibus,
274 3771 311 3826 et
335 3760 361 3826 si
378 3757 471 3846 cujus
487 3754 564 3843 quid
584 3751 740 3828 fraudari,
758 3749 858 3818 reddo
873 3751 1015 3839 quadru-

11 3867 122 3957 pium¹.
138 3898 151 3930 ι

15 3999 112 4048 ‘Exod
125 4017 162 4060 ur,
173 4017 197 4064 7,
207 4001 229 4052 8.
243 4027 274 4040 -
286 3997 297 4034 ¹
308 3999 400 4048 ursan.
415 4012 466 4055 ιιι,
482 4011 509 4060 ¹7
519 4003 545 4044 et
555 4008 628 4058 seqq·
640 3989 690 4029 -·¹
704 3989 766 4038 Lut-
783 3987 867 4046 Μιθ-
