<?xml version="1.0" encoding="UTF-8"?>
<!DOCTYPE html PUBLIC "-//W3C//DTD XHTML 1.0 Transitional//EN"
    "http://www.w3.org/TR/xhtml1/DTD/xhtml1-transitional.dtd">
<html xmlns="http://www.w3.org/1999/xhtml" xml:lang="en" lang="en">
 <head>
  <title>
</title>
<meta http-equiv="Content-Type" content="text/html;charset=utf-8" />
  <meta name='ocr-system' content='tesseract 3.04.00' />
  <meta name='ocr-capabilities' content='ocr_page ocr_carea ocr_par ocr_line ocrx_word'/>
</head>
<body>
  <div class='ocr_page' id='page_1' title='image "./collectioselect02guilgoog_0220.png"; bbox 0 0 2688 4626; ppageno 0'>
   <div class='ocr_carea' id='block_1_1' title="bbox 401 253 1088 320">
    <p class='ocr_par' dir='ltr' id='par_1_1' title="bbox 401 253 1088 320">
     <span class='ocr_line' id='line_1_1' title="bbox 401 253 1088 320; baseline -0.02 -21"><span class='ocrx_word' id='word_1_1' title='bbox 401 303 406 320; x_wconf 76' lang='lat'>.</span> <span class='ocrx_word' id='word_1_2' title='bbox 441 257 483 301; x_wconf 65' lang='lat' dir='ltr'><strong>nn</strong></span> <span class='ocrx_word' id='word_1_3' title='bbox 504 253 698 300; x_wconf 60' lang='lat' dir='ltr'><strong>monunculi.</strong></span> <span class='ocrx_word' id='word_1_4' title='bbox 1029 253 1088 316; x_wconf 70' lang='lat'><strong>⁹⁰7</strong></span> 
     </span>
    </p>
   </div>
   <div class='ocr_carea' id='block_1_2' title="bbox 26 353 1094 566">
    <p class='ocr_par' dir='ltr' id='par_1_2' title="bbox 26 353 1094 566">
     <span class='ocr_line' id='line_1_2' title="bbox 26 353 1094 455; baseline -0.009 -22"><span class='ocrx_word' id='word_1_5' title='bbox 26 368 271 436; x_wconf 72' lang='lat' dir='ltr'><strong>demonstrare</strong></span> <span class='ocrx_word' id='word_1_6' title='bbox 291 383 437 455; x_wconf 77' lang='lat' dir='ltr'><strong>possum,</strong></span> <span class='ocrx_word' id='word_1_7' title='bbox 455 383 494 426; x_wconf 85' lang='lat' dir='ltr'><strong>ee</strong></span> <span class='ocrx_word' id='word_1_8' title='bbox 508 361 616 450; x_wconf 84' lang='lat' dir='ltr'><strong>primo</strong></span> <span class='ocrx_word' id='word_1_9' title='bbox 632 357 763 445; x_wconf 88' lang='lat' dir='ltr'><strong>quidem</strong></span> <span class='ocrx_word' id='word_1_10' title='bbox 780 353 955 444; x_wconf 78' lang='lat' dir='ltr'><strong>Sophocle,</strong></span> <span class='ocrx_word' id='word_1_11' title='bbox 975 356 1028 445; x_wconf 90' lang='lat' dir='ltr'><strong>qui</strong></span> <span class='ocrx_word' id='word_1_12' title='bbox 1050 358 1094 424; x_wconf 81' lang='lat' dir='ltr'><strong>sie</strong></span> 
     </span>
     <span class='ocr_line' id='line_1_3' title="bbox 26 475 729 566; baseline -0.009 -24"><span class='ocrx_word' id='word_1_13' title='bbox 26 501 69 542; x_wconf 84' lang='lat' dir='ltr'><strong>eu</strong></span> <span class='ocrx_word' id='word_1_14' title='bbox 93 477 142 544; x_wconf 87' lang='lat' dir='ltr'><strong>de</strong></span> <span class='ocrx_word' id='word_1_15' title='bbox 159 499 197 544; x_wconf 81' lang='lat' dir='ltr'><strong>re</strong></span> <span class='ocrx_word' id='word_1_16' title='bbox 211 475 365 566; x_wconf 82' lang='lat' dir='ltr'><strong>loquitur.</strong></span> <span class='ocrx_word' id='word_1_17' title='bbox 727 493 729 498; x_wconf 88' lang='lat'>·</span> 
     </span>
    </p>
   </div>
   <div class='ocr_carea' id='block_1_3' title="bbox 130 593 790 1277">
    <p class='ocr_par' dir='ltr' id='par_1_3' title="bbox 130 593 790 1277">
     <span class='ocr_line' id='line_1_4' title="bbox 130 593 785 672; baseline -0.024 -5"><span class='ocrx_word' id='word_1_18' title='bbox 130 610 202 666; x_wconf 82' lang='lat' dir='ltr'><strong>Jum</strong></span> <span class='ocrx_word' id='word_1_19' title='bbox 213 603 312 664; x_wconf 82' lang='lat' dir='ltr'><strong>veniet</strong></span> <span class='ocrx_word' id='word_1_20' title='bbox 324 600 389 672; x_wconf 88' lang='lat' dir='ltr'><strong>ille,</strong></span> <span class='ocrx_word' id='word_1_21' title='bbox 400 595 499 656; x_wconf 82' lang='lat' dir='ltr'><strong>veniet</strong></span> <span class='ocrx_word' id='word_1_22' title='bbox 511 596 593 656; x_wconf 85' lang='lat' dir='ltr'><strong>haud</strong></span> <span class='ocrx_word' id='word_1_23' title='bbox 609 593 698 654; x_wconf 84' lang='lat' dir='ltr'><strong>dubie</strong></span> <span class='ocrx_word' id='word_1_24' title='bbox 710 593 785 665; x_wconf 86' lang='lat' dir='ltr'><strong>dies,</strong></span> 
     </span>
     <span class='ocr_line' id='line_1_5' title="bbox 130 693 720 780; baseline -0.027 -15"><span class='ocrx_word' id='word_1_25' title='bbox 130 703 265 764; x_wconf 72' lang='lat' dir='ltr'><strong>Inxabit</strong></span> <span class='ocrx_word' id='word_1_26' title='bbox 276 702 353 780; x_wconf 77' lang='lat' dir='ltr'><strong>ignis</strong></span> <span class='ocrx_word' id='word_1_27' title='bbox 362 717 429 758; x_wconf 88' lang='lat' dir='ltr'><strong>cum</strong></span> <span class='ocrx_word' id='word_1_28' title='bbox 442 693 639 756; x_wconf 74' lang='lat' dir='ltr'>redundantes</span> <span class='ocrx_word' id='word_1_29' title='bbox 650 711 720 770; x_wconf 83' lang='lat' dir='ltr'><strong>opes</strong></span> 
     </span>
     <span class='ocr_line' id='line_1_6' title="bbox 135 791 763 876; baseline -0.024 -11"><span class='ocrx_word' id='word_1_30' title='bbox 135 811 269 864; x_wconf 75' lang='lat' dir='ltr'><strong>Auratus</strong></span> <span class='ocrx_word' id='word_1_31' title='bbox 281 801 388 860; x_wconf 81' lang='lat' dir='ltr'><strong>aether:</strong></span> <span class='ocrx_word' id='word_1_32' title='bbox 404 799 466 876; x_wconf 81' lang='lat' dir='ltr'><strong>lege</strong></span> <span class='ocrx_word' id='word_1_33' title='bbox 479 809 540 855; x_wconf 84' lang='lat' dir='ltr'><strong>tum</strong></span> <span class='ocrx_word' id='word_1_34' title='bbox 554 805 653 873; x_wconf 85' lang='lat' dir='ltr'><strong>spreta</strong></span> <span class='ocrx_word' id='word_1_35' title='bbox 665 791 763 850; x_wconf 82' lang='lat' dir='ltr'><strong>furens</strong></span> 
     </span>
     <span class='ocr_line' id='line_1_7' title="bbox 136 891 731 977; baseline -0.024 -13"><span class='ocrx_word' id='word_1_36' title='bbox 136 909 247 964; x_wconf 79' lang='lat' dir='ltr'><strong>Terras</strong></span> <span class='ocrx_word' id='word_1_37' title='bbox 257 913 288 961; x_wconf 81' lang='lat' dir='ltr'><strong>et</strong></span> <span class='ocrx_word' id='word_1_38' title='bbox 301 899 358 960; x_wconf 82' lang='lat' dir='ltr'><strong>illis</strong></span> <span class='ocrx_word' id='word_1_39' title='bbox 369 894 511 977; x_wconf 86' lang='lat' dir='ltr'><strong>quidquid</strong></span> <span class='ocrx_word' id='word_1_40' title='bbox 522 905 565 954; x_wconf 82' lang='lat' dir='ltr'><strong>est</strong></span> <span class='ocrx_word' id='word_1_41' title='bbox 578 891 731 952; x_wconf 86' lang='lat' dir='ltr'><strong>sublimius</strong></span> 
     </span>
     <span class='ocr_line' id='line_1_8' title="bbox 136 989 712 1082; baseline -0.033 -17"><span class='ocrx_word' id='word_1_42' title='bbox 136 1009 285 1082; x_wconf 81' lang='lat' dir='ltr'><strong>Depeseet</strong></span> <span class='ocrx_word' id='word_1_43' title='bbox 297 998 394 1058; x_wconf 78' lang='lat' dir='ltr'><strong>ardor.</strong></span> <span class='ocrx_word' id='word_1_44' title='bbox 408 997 480 1056; x_wconf 82' lang='lat' dir='ltr'><strong>lude</strong></span> <span class='ocrx_word' id='word_1_45' title='bbox 493 1013 559 1053; x_wconf 90' lang='lat' dir='ltr'><strong>cum</strong></span> <span class='ocrx_word' id='word_1_46' title='bbox 573 989 712 1050; x_wconf 82' lang='lat' dir='ltr'><strong>defecerit</strong></span> 
     </span>
     <span class='ocr_line' id='line_1_9' title="bbox 133 1086 790 1172; baseline -0.027 -11"><span class='ocrx_word' id='word_1_47' title='bbox 133 1106 202 1161; x_wconf 87' lang='lat' dir='ltr'><strong>Hoc</strong></span> <span class='ocrx_word' id='word_1_48' title='bbox 215 1119 318 1170; x_wconf 90' lang='lat' dir='ltr'><strong>omne;</strong></span> <span class='ocrx_word' id='word_1_49' title='bbox 332 1095 411 1154; x_wconf 84' lang='lat' dir='ltr'><strong>nullu</strong></span> <span class='ocrx_word' id='word_1_50' title='bbox 420 1095 481 1172; x_wconf 82' lang='lat' dir='ltr'><strong>jem</strong></span> <span class='ocrx_word' id='word_1_51' title='bbox 495 1091 590 1150; x_wconf 84' lang='lat' dir='ltr'><strong>serent</strong></span> <span class='ocrx_word' id='word_1_52' title='bbox 602 1086 695 1146; x_wconf 81' lang='lat' dir='ltr'><strong>undas</strong></span> <span class='ocrx_word' id='word_1_53' title='bbox 709 1086 790 1146; x_wconf 82' lang='lat' dir='ltr'><strong>vade.</strong></span> 
     </span>
     <span class='ocr_line' id='line_1_10' title="bbox 132 1188 745 1277; baseline -0.028 -18"><span class='ocrx_word' id='word_1_54' title='bbox 132 1203 238 1277; x_wconf 83' lang='lat' dir='ltr'>Neque</span> <span class='ocrx_word' id='word_1_55' title='bbox 250 1195 310 1256; x_wconf 79' lang='lat' dir='ltr'><strong>ulle</strong></span> <span class='ocrx_word' id='word_1_56' title='bbox 323 1213 420 1253; x_wconf 81' lang='lat' dir='ltr'><strong>remos</strong></span> <span class='ocrx_word' id='word_1_57' title='bbox 433 1192 525 1270; x_wconf 75' lang='lat' dir='ltr'><strong>eriget</strong></span> <span class='ocrx_word' id='word_1_58' title='bbox 537 1188 637 1257; x_wconf 87' lang='lat' dir='ltr'><strong>tellus,</strong></span> <span class='ocrx_word' id='word_1_59' title='bbox 651 1203 745 1263; x_wconf 88' lang='lat' dir='ltr'><strong>neque</strong></span> 
     </span>
    </p>
   </div>
   <div class='ocr_carea' id='block_1_4' title="bbox 133 1290 908 1476">
    <p class='ocr_par' dir='ltr' id='par_1_4' title="bbox 133 1290 908 1476">
     <span class='ocr_line' id='line_1_11' title="bbox 133 1290 698 1386; baseline -0.028 -28"><span class='ocrx_word' id='word_1_60' title='bbox 133 1303 262 1358; x_wconf 62' lang='lat' dir='ltr'><strong>Faustus</strong></span> <span class='ocrx_word' id='word_1_61' title='bbox 274 1315 322 1355; x_wconf 81' lang='lat' dir='ltr'><strong>ner</strong></span> <span class='ocrx_word' id='word_1_62' title='bbox 336 1303 434 1386; x_wconf 75' lang='lat' dir='ltr'><strong>puscet</strong></span> <span class='ocrx_word' id='word_1_63' title='bbox 446 1290 587 1368; x_wconf 74' lang='lat' dir='ltr'><strong>aligerum</strong></span> <span class='ocrx_word' id='word_1_64' title='bbox 599 1305 698 1364; x_wconf 78' lang='lat' dir='ltr'><strong>genus.</strong></span> 
     </span>
     <span class='ocr_line' id='line_1_12' title="bbox 134 1380 908 1476; baseline -0.022 -20"><span class='ocrx_word' id='word_1_65' title='bbox 134 1401 268 1476; x_wconf 82' lang='lat' dir='ltr'><strong>Namque</strong></span> <span class='ocrx_word' id='word_1_66' title='bbox 281 1413 342 1454; x_wconf 84' lang='lat' dir='ltr'><strong>esse</strong></span> <span class='ocrx_word' id='word_1_67' title='bbox 355 1392 461 1452; x_wconf 80' lang='lat' dir='ltr'><strong>seimus</strong></span> <span class='ocrx_word' id='word_1_68' title='bbox 476 1380 623 1467; x_wconf 86' lang='lat' dir='ltr'><strong>duplieem</strong></span> <span class='ocrx_word' id='word_1_69' title='bbox 638 1385 676 1444; x_wconf 85' lang='lat' dir='ltr'><strong>ad</strong></span> <span class='ocrx_word' id='word_1_70' title='bbox 689 1383 798 1442; x_wconf 82' lang='lat' dir='ltr'><strong>inferos</strong></span> <span class='ocrx_word' id='word_1_71' title='bbox 810 1381 908 1454; x_wconf 77' lang='lat' dir='ltr'><strong>viam,</strong></span> 
     </span>
    </p>
   </div>
   <div class='ocr_carea' id='block_1_5' title="bbox 134 1479 811 1662">
    <p class='ocr_par' dir='ltr' id='par_1_5' title="bbox 134 1479 811 1662">
     <span class='ocr_line' id='line_1_13' title="bbox 134 1479 737 1574; baseline -0.03 -16"><span class='ocrx_word' id='word_1_72' title='bbox 134 1501 233 1558; x_wconf 83' lang='lat' dir='ltr'><strong>Unam</strong></span> <span class='ocrx_word' id='word_1_73' title='bbox 245 1479 375 1566; x_wconf 69' lang='lat' dir='ltr'><strong>nefastis,</strong></span> <span class='ocrx_word' id='word_1_74' title='bbox 388 1492 510 1551; x_wconf 81' lang='lat' dir='ltr'><strong>alteram</strong></span> <span class='ocrx_word' id='word_1_75' title='bbox 523 1485 737 1574; x_wconf 75' lang='lat' dir='ltr'><strong>innoeentibus.</strong></span> 
     </span>
     <span class='ocr_line' id='line_1_14' title="bbox 135 1581 811 1662; baseline -0.025 -11"><span class='ocrx_word' id='word_1_76' title='bbox 135 1598 214 1660; x_wconf 78' lang='lat' dir='ltr'><strong>Tum</strong></span> <span class='ocrx_word' id='word_1_77' title='bbox 229 1591 309 1651; x_wconf 80' lang='lat' dir='ltr'><strong>salva</strong></span> <span class='ocrx_word' id='word_1_78' title='bbox 322 1589 408 1648; x_wconf 79' lang='lat' dir='ltr'><strong>saciet</strong></span> <span class='ocrx_word' id='word_1_79' title='bbox 419 1598 527 1645; x_wconf 81' lang='lat' dir='ltr'><strong>cuneta</strong></span> <span class='ocrx_word' id='word_1_80' title='bbox 539 1603 605 1662; x_wconf 79' lang='lat' dir='ltr'><strong>quae</strong></span> <span class='ocrx_word' id='word_1_81' title='bbox 618 1581 811 1640; x_wconf 73' lang='lat' dir='ltr'><strong>destrueret.</strong></span> 
     </span>
    </p>
   </div>
   <div class='ocr_carea' id='block_1_6' title="bbox 44 1709 924 2793">
    <p class='ocr_par' dir='ltr' id='par_1_6' title="bbox 44 1709 924 2793">
     <span class='ocr_line' id='line_1_15' title="bbox 44 1709 388 1781; baseline -0.023 0"><span class='ocrx_word' id='word_1_82' title='bbox 44 1712 182 1781; x_wconf 83' lang='lat' dir='ltr'>Rursus</span> <span class='ocrx_word' id='word_1_83' title='bbox 196 1709 365 1779; x_wconf 83' lang='lat' dir='ltr'><strong>Philemon</strong></span> <span class='ocrx_word' id='word_1_84' title='bbox 379 1731 388 1772; x_wconf 75' lang='grc' dir='ltr'><strong>ε</strong></span> 
     </span>
     <span class='ocr_line' id='line_1_16' title="bbox 138 1819 716 1894; baseline -0.022 -5"><span class='ocrx_word' id='word_1_85' title='bbox 138 1831 247 1890; x_wconf 74' lang='lat' dir='ltr'><strong>Vitane</strong></span> <span class='ocrx_word' id='word_1_86' title='bbox 257 1828 372 1885; x_wconf 85' lang='lat' dir='ltr'><strong>lunctos</strong></span> <span class='ocrx_word' id='word_1_87' title='bbox 385 1821 524 1894; x_wconf 75' lang='lat' dir='ltr'><strong>metimus,</strong></span> <span class='ocrx_word' id='word_1_88' title='bbox 537 1819 716 1890; x_wconf 65' lang='lat' dir='ltr'><strong>Nieoslrete,</strong></span> 
     </span>
     <span class='ocr_line' id='line_1_17' title="bbox 150 1919 812 2003; baseline -0.021 -16"><span class='ocrx_word' id='word_1_89' title='bbox 150 1929 214 2003; x_wconf 90' lang='lat' dir='ltr'><strong>Qui</strong></span> <span class='ocrx_word' id='word_1_90' title='bbox 223 1928 297 1986; x_wconf 84' lang='lat' dir='ltr'><strong>luxu</strong></span> <span class='ocrx_word' id='word_1_91' title='bbox 308 1926 339 1984; x_wconf 90' lang='lat' dir='ltr'><strong>iu</strong></span> <span class='ocrx_word' id='word_1_92' title='bbox 350 1923 430 1982; x_wconf 88' lang='lat' dir='ltr'><strong>omni</strong></span> <span class='ocrx_word' id='word_1_93' title='bbox 440 1921 572 1981; x_wconf 76' lang='lat' dir='ltr'><strong>molliter</strong></span> <span class='ocrx_word' id='word_1_94' title='bbox 583 1919 671 1978; x_wconf 74' lang='lat' dir='ltr'><strong>vilem</strong></span> <span class='ocrx_word' id='word_1_95' title='bbox 684 1928 812 1996; x_wconf 78' lang='lat' dir='ltr'>egerant,</span> 
     </span>
     <span class='ocr_line' id='line_1_18' title="bbox 145 2015 733 2094; baseline -0.027 -7"><span class='ocrx_word' id='word_1_96' title='bbox 145 2030 256 2086; x_wconf 76' lang='lat' dir='ltr'><strong>Latere</strong></span> <span class='ocrx_word' id='word_1_97' title='bbox 270 2033 348 2081; x_wconf 78' lang='lat' dir='ltr'><strong>terra</strong></span> <span class='ocrx_word' id='word_1_98' title='bbox 359 2017 505 2089; x_wconf 84' lang='lat' dir='ltr'><strong>conditos,</strong></span> <span class='ocrx_word' id='word_1_99' title='bbox 517 2037 571 2076; x_wconf 88' lang='lat' dir='ltr'><strong>ceu</strong></span> <span class='ocrx_word' id='word_1_100' title='bbox 581 2015 733 2094; x_wconf 77' lang='lat' dir='ltr'><strong>effugerint</strong></span> 
     </span>
     <span class='ocr_line' id='line_1_19' title="bbox 142 2116 758 2200; baseline -0.019 -15"><span class='ocrx_word' id='word_1_101' title='bbox 142 2130 181 2185; x_wconf 89' lang='lat' dir='ltr'><strong>In</strong></span> <span class='ocrx_word' id='word_1_102' title='bbox 195 2141 282 2182; x_wconf 86' lang='lat' dir='ltr'><strong>omne</strong></span> <span class='ocrx_word' id='word_1_103' title='bbox 295 2135 423 2200; x_wconf 81' lang='lat' dir='ltr'><strong>tempus,</strong></span> <span class='ocrx_word' id='word_1_104' title='bbox 437 2131 467 2178; x_wconf 85' lang='lat' dir='ltr'><strong>et</strong></span> <span class='ocrx_word' id='word_1_105' title='bbox 477 2116 631 2178; x_wconf 78' lang='lat' dir='ltr'><strong>fefellerint</strong></span> <span class='ocrx_word' id='word_1_106' title='bbox 642 2119 758 2175; x_wconf 85' lang='lat' dir='ltr'><strong>Deum?</strong></span> 
     </span>
     <span class='ocr_line' id='line_1_20' title="bbox 140 2215 844 2294; baseline -0.016 -14"><span class='ocrx_word' id='word_1_107' title='bbox 140 2220 268 2281; x_wconf 76' lang='lat' dir='ltr'><strong>sustitiae</strong></span> <span class='ocrx_word' id='word_1_108' title='bbox 279 2219 380 2277; x_wconf 87' lang='lat' dir='ltr'><strong>oculus</strong></span> <span class='ocrx_word' id='word_1_109' title='bbox 391 2227 449 2290; x_wconf 82' lang='lat' dir='ltr'><strong>est,</strong></span> <span class='ocrx_word' id='word_1_110' title='bbox 461 2215 511 2294; x_wconf 90' lang='lat' dir='ltr'><strong>qui</strong></span> <span class='ocrx_word' id='word_1_111' title='bbox 522 2215 653 2274; x_wconf 79' lang='lat' dir='ltr'><strong>intuetur</strong></span> <span class='ocrx_word' id='word_1_112' title='bbox 665 2215 772 2272; x_wconf 86' lang='lat' dir='ltr'><strong>omnia.</strong></span> <span class='ocrx_word' id='word_1_113' title='bbox 837 2243 844 2256; x_wconf 45' lang='lat' dir='ltr'>x</span> 
     </span>
     <span class='ocr_line' id='line_1_21' title="bbox 139 2312 824 2393; baseline -0.013 -14"><span class='ocrx_word' id='word_1_114' title='bbox 139 2324 217 2380; x_wconf 84' lang='lat' dir='ltr'><strong>Nam</strong></span> <span class='ocrx_word' id='word_1_115' title='bbox 232 2319 257 2377; x_wconf 89' lang='lat' dir='ltr'><strong>si</strong></span> <span class='ocrx_word' id='word_1_116' title='bbox 271 2336 329 2376; x_wconf 81' lang='lat' dir='ltr'><strong>una</strong></span> <span class='ocrx_word' id='word_1_117' title='bbox 338 2315 450 2393; x_wconf 75' lang='lat' dir='ltr'><strong>justum</strong></span> <span class='ocrx_word' id='word_1_118' title='bbox 462 2333 526 2374; x_wconf 84' lang='lat' dir='ltr'>sors</span> <span class='ocrx_word' id='word_1_119' title='bbox 538 2325 566 2371; x_wconf 81' lang='lat' dir='ltr'><strong>et</strong></span> <span class='ocrx_word' id='word_1_120' title='bbox 578 2312 701 2390; x_wconf 88' lang='lat' dir='ltr'><strong>impium</strong></span> <span class='ocrx_word' id='word_1_121' title='bbox 715 2323 824 2384; x_wconf 81' lang='lat' dir='ltr'><strong>menet,</strong></span> 
     </span>
     <span class='ocr_line' id='line_1_22' title="bbox 142 2410 850 2497; baseline -0.016 -19"><span class='ocrx_word' id='word_1_122' title='bbox 142 2424 174 2492; x_wconf 87' lang='lat'><strong>1,</strong></span> <span class='ocrx_word' id='word_1_123' title='bbox 186 2437 272 2497; x_wconf 81' lang='lat' dir='ltr'><strong>repe,</strong></span> <span class='ocrx_word' id='word_1_124' title='bbox 284 2415 416 2493; x_wconf 88' lang='lat' dir='ltr'><strong>dolisque</strong></span> <span class='ocrx_word' id='word_1_125' title='bbox 430 2425 534 2472; x_wconf 84' lang='lat' dir='ltr'><strong>cuncta</strong></span> <span class='ocrx_word' id='word_1_126' title='bbox 546 2413 634 2470; x_wconf 84' lang='lat' dir='ltr'><strong>misce</strong></span> <span class='ocrx_word' id='word_1_127' title='bbox 648 2423 677 2470; x_wconf 84' lang='lat' dir='ltr'><strong>et</strong></span> <span class='ocrx_word' id='word_1_128' title='bbox 691 2410 850 2470; x_wconf 79' lang='lat' dir='ltr'><strong>fraudibus.</strong></span> 
     </span>
     <span class='ocr_line' id='line_1_23' title="bbox 146 2508 723 2592; baseline -0.021 -15"><span class='ocrx_word' id='word_1_129' title='bbox 146 2523 192 2578; x_wconf 84' lang='lat' dir='ltr'><strong>Ne</strong></span> <span class='ocrx_word' id='word_1_130' title='bbox 205 2537 295 2588; x_wconf 82' lang='lat' dir='ltr'><strong>erres,</strong></span> <span class='ocrx_word' id='word_1_131' title='bbox 306 2515 337 2573; x_wconf 92' lang='lat' dir='ltr'><strong>in</strong></span> <span class='ocrx_word' id='word_1_132' title='bbox 349 2514 420 2592; x_wconf 87' lang='lat' dir='ltr'><strong>ipsis</strong></span> <span class='ocrx_word' id='word_1_133' title='bbox 432 2513 533 2572; x_wconf 77' lang='lat' dir='ltr'><strong>inferis</strong></span> <span class='ocrx_word' id='word_1_134' title='bbox 541 2510 589 2588; x_wconf 86' lang='lat' dir='ltr'><strong>jus</strong></span> <span class='ocrx_word' id='word_1_135' title='bbox 600 2508 723 2568; x_wconf 68' lang='lat' dir='ltr'><strong>dieitur:</strong></span> 
     </span>
     <span class='ocr_line' id='line_1_24' title="bbox 144 2609 767 2694; baseline -0.019 -18"><span class='ocrx_word' id='word_1_136' title='bbox 144 2616 266 2694; x_wconf 82' lang='lat' dir='ltr'><strong>Eritque</strong></span> <span class='ocrx_word' id='word_1_137' title='bbox 273 2613 365 2690; x_wconf 83' lang='lat' dir='ltr'><strong>judex</strong></span> <span class='ocrx_word' id='word_1_138' title='bbox 376 2612 521 2672; x_wconf 84' lang='lat' dir='ltr'><strong>Dominus</strong></span> <span class='ocrx_word' id='word_1_139' title='bbox 533 2609 663 2668; x_wconf 89' lang='lat' dir='ltr'><strong>omnium</strong></span> <span class='ocrx_word' id='word_1_140' title='bbox 674 2611 767 2678; x_wconf 83' lang='lat' dir='ltr'><strong>Deus,</strong></span> 
     </span>
     <span class='ocr_line' id='line_1_25' title="bbox 143 2703 924 2793; baseline -0.018 -17"><span class='ocrx_word' id='word_1_141' title='bbox 143 2715 233 2793; x_wconf 81' lang='lat' dir='ltr'><strong>Cujus</strong></span> <span class='ocrx_word' id='word_1_142' title='bbox 245 2712 426 2773; x_wconf 79' lang='lat' dir='ltr'><strong>tremendum</strong></span> <span class='ocrx_word' id='word_1_143' title='bbox 437 2729 561 2784; x_wconf 80' lang='lat' dir='ltr'><strong>nomen3</strong></span> <span class='ocrx_word' id='word_1_144' title='bbox 572 2706 710 2786; x_wconf 80' lang='lat' dir='ltr'><strong>haudque</strong></span> <span class='ocrx_word' id='word_1_145' title='bbox 722 2725 776 2785; x_wconf 82' lang='lat' dir='ltr'><strong>ege</strong></span> <span class='ocrx_word' id='word_1_146' title='bbox 789 2703 924 2764; x_wconf 82' lang='lat' dir='ltr'><strong>dixerim.</strong></span> 
     </span>
    </p>
   </div>
   <div class='ocr_carea' id='block_1_7' title="bbox 51 2835 307 2924">
    <p class='ocr_par' dir='ltr' id='par_1_7' title="bbox 51 2835 307 2924">
     <span class='ocr_line' id='line_1_26' title="bbox 51 2835 307 2924; baseline -0.02 -20"><span class='ocrx_word' id='word_1_147' title='bbox 51 2839 97 2904; x_wconf 80' lang='lat' dir='ltr'><strong>Et</strong></span> <span class='ocrx_word' id='word_1_148' title='bbox 113 2835 307 2924; x_wconf 80' lang='lat' dir='ltr'><strong>Euripides:</strong></span> 
     </span>
    </p>
   </div>
   <div class='ocr_carea' id='block_1_8' title="bbox 143 2949 923 3919">
    <p class='ocr_par' dir='ltr' id='par_1_8' title="bbox 143 2949 730 3038">
     <span class='ocr_line' id='line_1_27' title="bbox 143 2949 730 3038; baseline -0.026 -15"><span class='ocrx_word' id='word_1_149' title='bbox 143 2966 263 3038; x_wconf 77' lang='lat' dir='ltr'><strong>Longos</strong></span> <span class='ocrx_word' id='word_1_150' title='bbox 274 2959 324 3017; x_wconf 79' lang='lat' dir='ltr'><strong>dat</strong></span> <span class='ocrx_word' id='word_1_151' title='bbox 335 2976 437 3029; x_wconf 81' lang='lat' dir='ltr'><strong>annos,</strong></span> <span class='ocrx_word' id='word_1_152' title='bbox 452 2969 487 3016; x_wconf 88' lang='lat' dir='ltr'><strong>ut</strong></span> <span class='ocrx_word' id='word_1_153' title='bbox 499 2973 600 3016; x_wconf 79' lang='lat' dir='ltr'><strong>severe</strong></span> <span class='ocrx_word' id='word_1_154' title='bbox 609 2949 730 3030; x_wconf 79' lang='lat' dir='ltr'><strong>judicet.</strong></span> 
     </span>
    </p>

    <p class='ocr_par' dir='ltr' id='par_1_9' title="bbox 146 3037 891 3232">
     <span class='ocr_line' id='line_1_28' title="bbox 146 3037 891 3133; baseline -0.013 -19"><span class='ocrx_word' id='word_1_155' title='bbox 146 3055 320 3114; x_wconf 77' lang='lat' dir='ltr'><strong>Mortalinm</strong></span> <span class='ocrx_word' id='word_1_156' title='bbox 334 3067 364 3114; x_wconf 84' lang='lat' dir='ltr'><strong>et</strong></span> <span class='ocrx_word' id='word_1_157' title='bbox 376 3055 508 3133; x_wconf 82' lang='lat' dir='ltr'><strong>quisquis</strong></span> <span class='ocrx_word' id='word_1_158' title='bbox 521 3053 551 3112; x_wconf 91' lang='lat' dir='ltr'><strong>iu</strong></span> <span class='ocrx_word' id='word_1_159' title='bbox 564 3053 642 3111; x_wconf 89' lang='lat' dir='ltr'><strong>diem</strong></span> <span class='ocrx_word' id='word_1_160' title='bbox 655 3051 809 3110; x_wconf 80' lang='lat' dir='ltr'><strong>admittens</strong></span> <span class='ocrx_word' id='word_1_161' title='bbox 823 3037 891 3106; x_wconf 84' lang='lat' dir='ltr'><strong>mali</strong></span> 
     </span>
     <span class='ocr_line' id='line_1_29' title="bbox 155 3154 768 3232; baseline -0.007 -18"><span class='ocrx_word' id='word_1_162' title='bbox 155 3154 290 3231; x_wconf 77' lang='lat' dir='ltr'><strong>Aliquid,</strong></span> <span class='ocrx_word' id='word_1_163' title='bbox 301 3154 391 3212; x_wconf 83' lang='lat' dir='ltr'><strong>latere</strong></span> <span class='ocrx_word' id='word_1_164' title='bbox 401 3156 465 3213; x_wconf 84' lang='lat' dir='ltr'><strong>fidit</strong></span> <span class='ocrx_word' id='word_1_165' title='bbox 476 3154 538 3212; x_wconf 84' lang='lat' dir='ltr'><strong>haec</strong></span> <span class='ocrx_word' id='word_1_166' title='bbox 548 3155 646 3232; x_wconf 85' lang='lat' dir='ltr'><strong>ipsum</strong></span> <span class='ocrx_word' id='word_1_167' title='bbox 657 3157 768 3224; x_wconf 86' lang='lat' dir='ltr'><strong>Deum,</strong></span> 
     </span>
    </p>

    <p class='ocr_par' dir='ltr' id='par_1_10' title="bbox 154 3249 769 3331">
     <span class='ocr_line' id='line_1_30' title="bbox 154 3249 769 3331; baseline -0.013 -17"><span class='ocrx_word' id='word_1_168' title='bbox 154 3257 187 3314; x_wconf 85' lang='lat' dir='ltr'><strong>Is</strong></span> <span class='ocrx_word' id='word_1_169' title='bbox 198 3251 286 3312; x_wconf 72' lang='lat' dir='ltr'><strong>stulta</strong></span> <span class='ocrx_word' id='word_1_170' title='bbox 297 3264 405 3328; x_wconf 77' lang='lat' dir='ltr'><strong>sperat,</strong></span> <span class='ocrx_word' id='word_1_171' title='bbox 416 3267 502 3330; x_wconf 80' lang='lat' dir='ltr'><strong>etque</strong></span> <span class='ocrx_word' id='word_1_172' title='bbox 513 3271 633 3331; x_wconf 81' lang='lat' dir='ltr'><strong>sperans</strong></span> <span class='ocrx_word' id='word_1_173' title='bbox 646 3249 769 3320; x_wconf 78' lang='lat' dir='ltr'><strong>tollitur,</strong></span> 
     </span>
    </p>

    <p class='ocr_par' dir='ltr' id='par_1_11' title="bbox 152 3347 771 3426">
     <span class='ocr_line' id='line_1_31' title="bbox 152 3347 771 3426; baseline -0.016 -14"><span class='ocrx_word' id='word_1_174' title='bbox 152 3350 273 3412; x_wconf 80' lang='lat' dir='ltr'><strong>Feriata</strong></span> <span class='ocrx_word' id='word_1_175' title='bbox 287 3347 404 3406; x_wconf 81' lang='lat' dir='ltr'><strong>tandem</strong></span> <span class='ocrx_word' id='word_1_176' title='bbox 416 3369 502 3426; x_wconf 79' lang='lat' dir='ltr'><strong>poenn</strong></span> <span class='ocrx_word' id='word_1_177' title='bbox 514 3369 581 3408; x_wconf 87' lang='lat' dir='ltr'><strong>eum</strong></span> <span class='ocrx_word' id='word_1_178' title='bbox 593 3347 771 3426; x_wconf 82' lang='lat' dir='ltr'><strong>supervenit.</strong></span> 
     </span>
    </p>

    <p class='ocr_par' dir='ltr' id='par_1_12' title="bbox 148 3441 812 3624">
     <span class='ocr_line' id='line_1_32' title="bbox 150 3441 812 3520; baseline -0.014 -16"><span class='ocrx_word' id='word_1_179' title='bbox 150 3445 261 3504; x_wconf 81' lang='lat' dir='ltr'><strong>Videte</strong></span> <span class='ocrx_word' id='word_1_180' title='bbox 275 3441 451 3520; x_wconf 85' lang='lat' dir='ltr'><strong>quicumque</strong></span> <span class='ocrx_word' id='word_1_181' title='bbox 461 3463 521 3502; x_wconf 86' lang='lat' dir='ltr'><strong>esse</strong></span> <span class='ocrx_word' id='word_1_182' title='bbox 532 3461 591 3501; x_wconf 90' lang='lat' dir='ltr'><strong>non</strong></span> <span class='ocrx_word' id='word_1_183' title='bbox 602 3442 690 3500; x_wconf 79' lang='lat' dir='ltr'><strong>vultis</strong></span> <span class='ocrx_word' id='word_1_184' title='bbox 699 3445 812 3510; x_wconf 89' lang='lat' dir='ltr'><strong>Deum,</strong></span> 
     </span>
     <span class='ocr_line' id='line_1_33' title="bbox 148 3535 794 3624; baseline -0.025 -16"><span class='ocrx_word' id='word_1_185' title='bbox 148 3541 273 3624; x_wconf 83' lang='lat' dir='ltr'><strong>Duplex</strong></span> <span class='ocrx_word' id='word_1_186' title='bbox 283 3551 430 3599; x_wconf 84' lang='lat' dir='ltr'><strong>merentes</strong></span> <span class='ocrx_word' id='word_1_187' title='bbox 441 3549 536 3599; x_wconf 81' lang='lat' dir='ltr'><strong>mente</strong></span> <span class='ocrx_word' id='word_1_188' title='bbox 546 3557 606 3598; x_wconf 90' lang='lat' dir='ltr'><strong>non</strong></span> <span class='ocrx_word' id='word_1_189' title='bbox 616 3556 685 3596; x_wconf 80' lang='lat' dir='ltr'><strong>sana</strong></span> <span class='ocrx_word' id='word_1_190' title='bbox 694 3535 794 3594; x_wconf 84' lang='lat' dir='ltr'><strong>scelus.</strong></span> 
     </span>
    </p>

    <p class='ocr_par' dir='ltr' id='par_1_13' title="bbox 147 3631 923 3919">
     <span class='ocr_line' id='line_1_34' title="bbox 147 3631 923 3720; baseline -0.023 -15"><span class='ocrx_word' id='word_1_191' title='bbox 147 3651 202 3708; x_wconf 80' lang='lat' dir='ltr'><strong>Est</strong></span> <span class='ocrx_word' id='word_1_192' title='bbox 213 3644 265 3703; x_wconf 89' lang='lat' dir='ltr'><strong>ille</strong></span> <span class='ocrx_word' id='word_1_193' title='bbox 276 3659 405 3720; x_wconf 82' lang='lat' dir='ltr'><strong>namque</strong></span> <span class='ocrx_word' id='word_1_194' title='bbox 415 3651 477 3698; x_wconf 78' lang='lat' dir='ltr'><strong>eet:</strong></span> <span class='ocrx_word' id='word_1_195' title='bbox 490 3655 639 3718; x_wconf 71' lang='lat' dir='ltr'><strong>prosperae</strong></span> <span class='ocrx_word' id='word_1_196' title='bbox 649 3653 695 3694; x_wconf 83' lang='lat' dir='ltr'><strong>res</strong></span> <span class='ocrx_word' id='word_1_197' title='bbox 707 3632 758 3693; x_wconf 88' lang='lat' dir='ltr'><strong>sed</strong></span> <span class='ocrx_word' id='word_1_198' title='bbox 768 3631 923 3704; x_wconf 78' lang='lat' dir='ltr'><strong>emerunt,</strong></span> 
     </span>
     <span class='ocr_line' id='line_1_35' title="bbox 151 3729 854 3818; baseline -0.023 -16"><span class='ocrx_word' id='word_1_199' title='bbox 151 3749 227 3805; x_wconf 87' lang='lat' dir='ltr'><strong>cum</strong></span> <span class='ocrx_word' id='word_1_200' title='bbox 238 3759 298 3799; x_wconf 90' lang='lat' dir='ltr'><strong>non</strong></span> <span class='ocrx_word' id='word_1_201' title='bbox 310 3737 425 3818; x_wconf 84' lang='lat' dir='ltr'><strong>probus</strong></span> <span class='ocrx_word' id='word_1_202' title='bbox 435 3737 489 3810; x_wconf 60' lang='grc' dir='ltr'><strong>εἰη</strong></span> <span class='ocrx_word' id='word_1_203' title='bbox 501 3749 616 3814; x_wconf 77' lang='lat' dir='ltr'><strong>tempus</strong></span> <span class='ocrx_word' id='word_1_204' title='bbox 627 3742 756 3812; x_wconf 76' lang='lat' dir='ltr'><strong>apponat</strong></span> <span class='ocrx_word' id='word_1_205' title='bbox 766 3729 854 3788; x_wconf 85' lang='lat' dir='ltr'><strong>lucro.</strong></span> 
     </span>
     <span class='ocr_line' id='line_1_36' title="bbox 151 3828 807 3919; baseline -0.02 -19"><span class='ocrx_word' id='word_1_206' title='bbox 151 3841 227 3900; x_wconf 82' lang='lat' dir='ltr'><strong>Huic</strong></span> <span class='ocrx_word' id='word_1_207' title='bbox 238 3857 364 3916; x_wconf 78' lang='lat' dir='ltr'><strong>namque</strong></span> <span class='ocrx_word' id='word_1_208' title='bbox 378 3856 479 3919; x_wconf 71' lang='lat' dir='ltr'><strong>peenas</strong></span> <span class='ocrx_word' id='word_1_209' title='bbox 491 3834 598 3896; x_wconf 79' lang='lat' dir='ltr'><strong>inseret</strong></span> <span class='ocrx_word' id='word_1_210' title='bbox 611 3832 730 3892; x_wconf 79' lang='lat' dir='ltr'><strong>landem</strong></span> <span class='ocrx_word' id='word_1_211' title='bbox 740 3828 807 3888; x_wconf 79' lang='lat' dir='ltr'><strong>dies.</strong></span> 
     </span>
    </p>
   </div>
   <div class='ocr_carea' id='block_1_9' title="bbox 0 0 1348 4626">
    <p class='ocr_par' dir='ltr' id='par_1_14' title="bbox 0 0 1348 4626">
     <span class='ocr_line' id='line_1_37' title="bbox 0 0 1348 4626; baseline 0 2"><span class='ocrx_word' id='word_1_212' title='bbox 0 0 1348 4626; x_wconf 95' lang='lat' dir='ltr'><strong> </strong></span> 
     </span>
    </p>
   </div>
  </div>
 </body>
</html>
