2586 4642
431 357 554 408 coarat
577 359 728 406 nnnnses.
1033 339 1096 427 ⁵¹⁹

33 459 46 560 ,⁸
75 469 159 540 111.
181 471 273 540 Unde
284 481 392 540 antem
404 482 551 562 poterant
565 471 740 563 praedioere
754 471 922 561 Prophetm
933 469 1027 562 Regis
1041 472 1100 541 sd-

32 571 206 659 iutum.
221 594 255 649 at
269 605 341 650 eam
363 579 629 674 libertatemque
649 584 691 650 ab
717 605 756 648 eo
779 582 915 650 dabatur
938 603 1101 671 preeran-

31 687 208 769 kieliznre.
225 704 259 760 et
272 691 379 760 omnia
396 715 466 782 que
481 714 499 759 a
516 691 644 760 Christo
658 691 741 760 laeta
756 704 844 769 sunt,
859 705 893 759 et
908 713 1099 770 sermonem,

29 807 65 862 kt
92 803 340 890 operationem,
355 812 389 869 et
403 803 582 893 passionem
598 805 668 894 ejus
682 803 915 894 praenuntiare,
932 813 964 872 et
983 825 1103 872 novum

28 903 303 980 sesmmentum
318 913 504 1004 predicere,
521 913 547 982 si
561 916 601 982 ah
615 913 714 980 altero
730 915 797 982 Deo
812 914 1033 1006 propheticum
1050 915 1101 982 in-

26 1019 269 1108 spirationem
285 1032 495 1112 acoepemnts
511 1023 692 1112 ignorantes
707 1021 950 1090 inenarrabilem
962 1023 1101 1102 Patrem,

24 1129 240 1195 secundum
255 1151 324 1206 vos,
343 1141 377 1196 et
391 1152 524 1219 regnum
543 1130 625 1218 ejus,
641 1141 675 1196 et
691 1129 911 1220 dispositiones
925 1131 1008 1221 ejus,
1024 1155 1103 1221 quas

23 1233 62 1304 F
66 1235 160 1304 ilius
176 1239 234 1306 Dei
249 1239 377 1306 veniens
390 1240 527 1306 interris
541 1237 704 1330 implevit?
718 1239 829 1329 Neque
839 1241 925 1309 enim
939 1265 1013 1310 orsu
1028 1265 1104 1333 quo·

24 1345 134 1416 dam
151 1347 222 1418 haeo
231 1351 373 1418 evenisse
385 1353 517 1442 potestis
525 1348 645 1430 diuers,
658 1363 812 1442 tanquam
823 1373 841 1418 n
853 1351 1019 1443 Prophetis
1029 1354 1102 1443 qui-

30 1457 135 1526 dem
148 1459 189 1526 de
201 1459 303 1527 altero
314 1461 454 1550 quodam
466 1461 565 1538 dicta.
577 1459 722 1528 similiter
731 1473 841 1527 autem
857 1474 1032 1529 evenerunt
1042 1463 1103 1530 Do-

32 1569 163 1637 mino.
182 1567 304 1636 Omnes
319 1570 406 1638 enim
420 1569 588 1660 Propheta
599 1569 669 1638 hae
679 1571 792 1638 eadem
807 1570 1099 1660 prophetaverunta

35 1679 117 1746 sed
130 1701 235 1768 neque
246 1677 341 1746 olioui
352 1703 392 1746 ex
403 1679 565 1746 veteribus
580 1691 766 1746 evenerunt.
782 1679 816 1746 si
827 1679 915 1746 enim
925 1681 1103 1749 evenissent

39 1787 159 1857 alicui
170 1811 209 1856 ex
220 1789 381 1856 veteribus
392 1789 463 1865 ista,
482 1810 547 1856 non
566 1789 675 1877 utique
690 1790 744 1878 qui
761 1801 869 1878 postea
885 1788 1015 1856 luerunt
1031 1813 1104 1880 pro·

42 1899 249 1988 phetassent
269 1899 302 1965 in
327 1897 505 1964 novissimis
526 1897 724 1988 temporibus
746 1897 852 1976 sutura
877 1897 957 1965 haeo.
987 1896 1103 1966 Adhuc

44 2009 161 2076 etiam
175 2031 271 2078 nemo
285 2020 335 2076 est
349 2031 454 2098 neque
464 2009 608 2085 Patr-um,
622 2031 726 2096 neque
739 2005 985 2096 Prophetarum,
999 2029 1103 2096 neque

46 2123 267 2212 antiquorum
284 2144 409 2212 regum,
425 2121 511 2190 cirea
528 2143 625 2210 quem
641 2119 767 2209 proprie
784 2140 823 2186 ae
842 2115 1021 2207 specialiter
1035 2118 1103 2186 fae·

50 2246 133 2298 tum
149 2233 189 2299 sit
203 2231 322 2322 aliquid
338 2232 464 2299 horum.
484 2229 565 2300 Nam
577 2251 688 2296 omnes
699 2228 829 2316 quidem
841 2225 960 2294 Christi
975 2228 1098 2318 possin·

52 2365 120 2410 nes
137 2342 424 2434 prophetaverunt3
441 2341 499 2432 ipsi
516 2352 626 2409 autem
640 2339 682 2406 ad
695 2337 894 2430 patiendum,
912 2337 1056 2406 similiter
1067 2349 1103 2406 ut

55 2453 131 2543 ipsa
146 2451 297 2541 prmdiota
319 2462 407 2526 sunt,
424 2447 518 2541 longe
532 2461 633 2516 erant.
652 2451 693 2516 Et
707 2460 893 2539 argumenta
909 2460 1017 2516 autem
1031 2469 1102 2539 ques

57 2561 215 2652 predicta
226 2573 303 2628 sunt
313 2559 490 2628 Dominioae
500 2557 803 2649 passionis‚innullo
812 2557 912 2624 altero
923 2557 1006 2626 faeta
1014 2543 1100 2626 suntl

55 2670 174 2759 Neque
185 2669 272 2737 enim
287 2667 334 2736 sol
349 2669 455 2738 medio
468 2668 519 2738 die
534 2667 654 2738 oceidit
664 2666 772 2758 aliquo
788 2667 828 2734 de
840 2666 1000 2733 veteribus
1015 2689 1102 2734 mor*

62 2794 135 2857 tuo,
147 2803 251 2870 neque
262 2781 396 2848 soissum
409 2792 459 2848 est
472 2777 579 2846 velum
590 2777 714 2867 templi,
727 2799 831 2864 neque
847 2786 930 2840 terra
942 2787 1027 2842 mota
1039 2787 1100 2854 ost,

64 2911 170 2978 neque
192 2901 290 2978 petrae
305 2890 457 2978 disrupte
478 2899 565 2963 sunt,
590 2907 695 2973 neque
713 2884 832 2950 mortui
848 2899 1101 2963 resurrexerunt,

66 3020 172 3084 neque
184 2997 219 3061 in
229 2996 322 3060 tertia
334 2996 385 3061 die
397 2995 469 3083 quis
479 2992 607 3060 illorum
619 2995 767 3070 surrexit,
779 3015 882 3082 neque
894 3007 1040 3084 receptus
1054 3007 1103 3064 est

67 3103 101 3170 in
113 3101 243 3180 eaelum,
255 3125 359 3191 neque
374 3126 450 3170 oum
464 3113 681 3170 assumeretur
690 3101 791 3192 aperti
806 3113 881 3168 sunt
895 3102 980 3181 ooeli,
994 3128 1098 3195 neque

67 3217 100 3282 in
114 3236 232 3282 nomen
248 3211 529 3303 alicujusalterins
545 3211 752 3280 crediderunt
768 3226 891 3306 gentes,
911 3237 1014 3304 neque
1030 3219 1100 3306 quis

66 3347 105 3390 ex
119 3323 165 3390 ais
180 3335 324 3390 mortuns
335 3333 368 3390 et
382 3345 550 3412 resurgens
560 3323 684 3413 aperuit
695 3345 814 3392 norum
825 3321 979 3394 libertatis
993 3325 1100 3394 Testa·

66 3445 220 3501 mentum.
246 3431 317 3502 Non
338 3435 435 3524 igitur
455 3432 494 3500 ‹le
512 3432 626 3511 altero.
641 3434 698 3500 sed
719 3434 761 3501 de
775 3433 925 3512 Domino,
946 3437 979 3502 in
1001 3460 1098 3525 quem

67 3555 299 3612 concurrerunt
313 3545 420 3610 omnia
433 3543 584 3633 praedicta
599 3543 701 3634 signu.
714 3541 864 3612 dicebant
874 3544 1050 3636 Prophetae.

109 3655 163 3724 lV.
176 3655 209 3722 Si
217 3667 326 3722 numm
337 3653 578 3746 aliquisJudnis
589 3654 830 3723 advocationem
840 3669 1004 3746 prestans,
1012 3683 1101 3730 ereo·

67 3767 185 3832 tionem
200 3764 340 3858 Templi,
361 3789 445 3857 quse,
461 3777 669 3856 posteaquam
686 3765 720 3834 in
737 3765 934 3856 babylonem
950 3771 1099 3838 transmi-

66 3888 247 3966 graverunt,
260 3876 344 3944 saeta
355 3888 404 3944 est
414 3877 474 3944 suh
484 3873 678 3952 zorobabel,
694 3888 728 3943 st
739 3875 962 3946 disoessionem
974 3877 1096 3968 populi,

68 4008 136 4073 quae
147 3985 230 4054 laeta
240 3998 289 4055 ast
298 3998 371 4077 post
383 3987 581 4078 septuaginta
593 4006 706 4064 annos,
722 3985 807 4056 dicat
821 3987 885 4056 hob
898 4009 967 4056 esse
978 4009 1099 4056 norum
