2616 4620
383 197 422 238 an
446 196 645 248 auronrcnu,
670 197 731 239 nra.
758 199 778 238 r.
1031 177 1089 242 135

61 316 183 394 potest,
200 305 259 372 nisi
275 316 410 393 ungatur
425 316 457 369 et
471 302 667 392 expoliatur?
681 304 803 371 Deinde
819 326 893 369 vero
909 326 963 370 uer
976 317 1008 370 et
1022 328 1089 370 om-

61 417 114 481 nis
133 439 203 502 quae
221 418 279 482 sub
299 413 381 482 coelo
396 425 444 480 est
458 425 542 479 terra
553 413 788 502 quodammodo
800 426 961 502 unguntur
971 413 1091 479 lumine

61 539 97 589 et
119 525 249 614 spiritu;
266 538 301 591 tu
316 549 391 590 voro
407 548 471 590 non
485 525 531 589 vis
553 524 628 612 ungi
651 522 720 590 oleo
736 524 819 590 Dei?
838 525 901 590 Nos
916 524 1001 590 enim
1022 524 1095 590 ideo

64 633 239 700 Christiani
256 656 418 708 vocamur,
436 631 521 721 quod
535 632 592 698 Dei
608 629 676 698 oleo
695 655 859 722 ungamur.

110 741 202 808 XIII.
227 742 322 820 Quod
344 753 451 806 autern
471 752 613 806 mortuos
633 740 760 806 excitari
781 763 890 828 negas3
910 741 954 805 ais
980 739 1089 805 enim:

65 849 211 916 Ostende
226 849 302 916 mibi
318 849 366 915 vel
382 871 481 914 unum
502 871 541 914 ex
562 847 694 914 mortuis
713 847 895 924 excitatum,
915 858 950 913 ut
966 849 1093 914 credam

66 981 145 1024 cum
160 957 267 1024 videro
281 957 440 1046 :primurn
451 955 580 1045 quidem
595 955 670 1044 qnid
682 956 787 1044 magni
802 957 974 1043 prestabis,
987 958 1013 1022 si
1025 967 1093 1022 tum

1 1097 2 1100 ¹
66 1068 180 1134 credes
200 1091 274 1134 cum
289 1090 356 1134 rem
378 1066 493 1134 factem
515 1064 648 1132 rideris?
662 1063 785 1131 Deinde
807 1087 881 1131 vero
897 1064 998 1130 credis
1013 1065 1094 1130 Her-

1 1238 2 1242 ,
67 1175 188 1251 cnlem,
204 1169 257 1264 qui
272 1201 306 1242 se
320 1177 386 1264 ipse
398 1175 582 1251 combussit,
596 1175 715 1248 viverc3
734 1171 950 1263 AEsculapium
964 1172 1093 1241 fulmine

68 1309 256 1373 percussum
276 1287 308 1352 in
330 1287 426 1352 vitam
446 1295 651 1352 revocatum:
669 1306 739 1372 qnae
757 1305 833 1350 vero
855 1282 911 1348 tibi
931 1283 1030 1348 aDeo
1045 1282 1093 1348 di-

1 1457 2 1462 ,
69 1405 200 1469 cuntur,
222 1416 259 1458 ea
277 1416 341 1459 non
361 1392 651 1460 credistFortasse
671 1391 836 1458 ostendam
853 1391 911 1458 tibi
933 1403 1095 1457 mortuum
1202 1411 1205 1416 ·

1 1545 3 1582 g
68 1502 111 1567 nd
126 1502 222 1568 vitam
237 1514 419 1568 revocatum
433 1515 466 1567 et
480 1502 650 1578 virentem,
667 1523 727 1568 nec
741 1513 847 1566 tamen
862 1500 896 1565 id
910 1500 1029 1567 credes.
1048 1500 1096 1567 Ac

69 1610 169 1675 multa
186 1611 313 1698 quidem
329 1611 386 1678 tibi
403 1609 488 1677 Deus
506 1611 633 1676 exhibet
652 1622 836 1699 argumento
855 1632 913 1676 cur
927 1610 956 1675 ei
972 1609 1091 1676 credas.

1 1770 2 1781 ,
70 1719 212 1786 Observa
226 1720 324 1794 enim,
343 1720 368 1783 si
388 1719 504 1809 placet,
525 1733 705 1807 temporum
720 1731 752 1784 et
760 1703 890 1784 'dierum
905 1730 938 1784 et
951 1719 1094 1785 noctium

1 1884 2 1919 3
70 1827 250 1900 interitum
272 1827 399 1898 attende
414 1825 683 1915 quemadmodum
698 1826 767 1893 haec
785 1825 881 1894 etiam
895 1827 1050 1894 intereant
1063 1840 1096 1894 et

1 2001 2 2030 ζ
73 1945 287 2002 renascantur.
307 1935 416 2015 Quid?
434 1936 549 2003 Annon
564 1937 721 2004 seminum
736 1948 769 2002 et
782 1935 944 2004 fructuum
958 1936 995 2002 fit
1008 1961 1096 2026 quae«

1 2135 2 2143 ἵ
73 2043 147 2108 dam
168 2044 368 2119 resurrectio,
390 2044 485 2133 idque
504 2043 544 2110 ad
564 2067 638 2110 usus
656 2044 833 2110 humanosi¹
853 2044 995 2112 Granum
1009 2046 1095 2111 enim

73 2153 182 2229 tritici,
203 2152 338 2242 exempli
358 2155 469 2244 gratia,
490 2166 545 2220 aut
565 2153 699 2224 aliorum
718 2154 887 2230 seminum,
909 2177 983 2222 cunr
1003 2168 1093 2221 terrra
1162 2187 1165 2196 ·
1195 2209 1197 2220 ,
1243 2165 1248 2172 ’

73 2263 229 2351 injectum
245 2262 352 2339 suerit,
371 2262 473 2351 primo
493 2263 573 2350 perit
592 2274 625 2328 et
643 2261 787 2337 solvitur,
806 2262 920 2328 deinde
939 2264 1095 2332 excitatur

1 2447 3 2461 k
75 2370 152 2434 etin
167 2369 285 2457 spicam
299 2371 442 2458 assurgit.
461 2370 620 2435 Arborum
631 2379 737 2432 autem
752 2380 862 2433 natura
878 2393 983 2436 nonne
998 2372 1093 2439 certis

76 2475 268 2565 temporibus
283 2475 341 2542 Dei
356 2477 446 2565 jussu
460 2474 591 2542 latentes
605 2488 696 2542 autea
712 2487 744 2542 et
758 2475 873 2542 invisos
888 2477 1009 2546 fructus
1024 2503 1095 2568 pro·

1 2582 3 2590 '
76 2583 184 2650 ducit?
199 2584 284 2663 Quin
299 2584 394 2650 etiam
408 2583 568 2650 interdum
581 2583 778 2674 passerculus
793 2597 847 2650 aut
858 2587 922 2651 avis
937 2585 997 2652 alia
1013 2612 1094 2676 quee-

76 2692 163 2768 Iibet,
178 2715 253 2759 cum
267 2713 375 2760 semen
390 2691 464 2760 mali
480 2705 533 2759 aut
548 2692 628 2760 ficus
644 2692 813 2768 sorbuerit,
825 2691 928 2758 avolat
943 2693 975 2758 in
986 2707 1095 2781 petro·

77 2825 145 2868 snm
155 2800 282 2878 collem,
294 2812 348 2867 aut
360 2800 487 2890 aliquod
502 2800 694 2890 sepulcrum,
707 2824 745 2868 ac
757 2801 800 2865 ibi
811 2796 916 2866 alvum
927 2815 1089 2877 exonerat;

77 2922 204 2998 tumque
225 2934 332 2976 semen
352 2910 430 2977 illud
449 2910 570 2976 radices
590 2933 698 2998 agens,
720 2911 814 2975 arbor
834 2910 984 2987 nascitur,
1008 2912 1094 2999 quod

79 3016 152 3082 olim
166 3019 348 3107 absorptum
362 3019 464 3084 Inerat
479 3031 511 3082 ct
526 3015 801 3088 tantnmcalorem
823 3019 998 3107 trajecerat.
1017 3022 1093 3088 IIaec

80 3137 182 3190 autem
200 3127 305 3192 omnia
323 3139 470 3216 operatur
489 3127 592 3192 divina
612 3128 773 3216 sapientia,
792 3140 828 3192 ut
845 3127 894 3195 vel
912 3153 950 3194 ex
967 3129 1016 3196 his
1035 3131 1092 3197 de·
1147 3135 1148 3138 ’

81 3243 230 3297 monstret
242 3255 333 3320 posse
347 3232 450 3297 Deum
463 3231 640 3321 generalem
655 3235 797 3300 omnium
811 3235 976 3302 hominum
986 3259 1092 3304 resur-

80 3341 249 3406 rectionem
261 3339 423 3430 perlicare.
444 3341 538 3420 Quod
553 3343 578 3409 si
589 3342 760 3414 mirabilius
776 3344 817 3410 od
830 3345 1091 3416 resurrectionem

81 3450 353 3515 demonstrandam
373 3449 587 3539 spectaculum
608 3453 712 3519 ridere
733 3454 833 3543 cupis,
855 3477 919 3520 non
937 3453 1038 3521 solum
1058 3457 1091 3524 in

82 3559 275 3625 terrestribus
290 3561 396 3636 rebus,
413 3561 577 3628 sedetiam
592 3563 624 3628 in
639 3561 734 3636 coelo;
753 3565 882 3630 observa
898 3577 1090 3630 menstruam

81 3667 157 3734 Iunae
172 3670 445 3748 resurrectionem,
465 3673 731 3760 quemadmodum
748 3674 881 3740 intereat
899 3687 930 3740 et
944 3697 1090 3742 renasca-

82 3790 139 3844 tur.
163 3779 280 3868 docipe
298 3791 447 3870 praeterea
465 3783 726 3850 resurrectionem
746 3783 778 3852 in
796 3793 828 3848 te
846 3783 913 3870 ipso
932 3784 972 3850 od
993 3783 1090 3852 ellec-
