2688 4626
461 343 612 386 aroaoera
636 344 742 388 rarus.
1054 343 1115 410 asp

74 447 169 512 nium
182 449 371 536 magistrum
382 471 390 514 r
404 445 638 536 AEsculapium,
650 461 819 537 postquam
828 448 960 516 fulmine
970 449 1066 515 etium
1077 455 1116 518 ob

74 555 197 622 medici
209 567 328 622 munus
339 578 515 644 percussus
525 568 587 632 est,
604 568 750 622 evectum
765 556 798 620 in
812 555 946 630 caelum3
958 558 1119 626 Bacchum

74 675 253 752 postquam
268 663 452 740 dilaniatus,
469 662 642 730 Herculem
657 677 824 752 postquam
838 666 976 753 seipsum
990 667 1064 755 lisga
1078 665 1120 732 la·

75 775 201 838 borum
218 774 282 862 igni
298 773 441 848 tradidit,
453 773 622 840 Dioscorus
632 797 671 840 ex
684 773 782 850 Leda,
797 767 948 839 Perseum
958 797 998 839 ax
1010 775 1119 842 Danaa

77 885 223 972 genitos,
243 895 275 950 et
295 885 437 973 genitum
456 907 495 949 cx
515 883 696 949 hominibus
718 881 1011 973 Bellerophontem,
1032 908 1118 974 equo

77 992 205 1082 Pegaso
222 991 393 1058 sublatum.
414 991 499 1072 Quid
513 991 600 1058 cuim
613 992 755 1058 dicamus
772 991 944 1060 Ariadnam
959 1006 992 1059 et
1007 995 1062 1082 qui
1077 995 1116 1060 si-

76 1100 202 1166 militer
221 1125 260 1166 ac
277 1101 335 1168 ista
354 1101 474 1190 mcepti
492 1102 574 1166 iuter
593 1101 696 1167 sidera
715 1101 883 1167 seruntur?
902 1102 981 1198 Nam
995 1116 1029 1169 et
1043 1127 1115 1171 mo-

76 1211 198 1276 rientes
213 1211 300 1299 apud
317 1233 372 1277 vos
388 1210 594 1300 imperatores
608 1233 736 1300 semper
754 1210 982 1278 immortalitati
1001 1235 1114 1280 cousc-

78 1319 216 1386 crandos
235 1301 396 1409 judicatis,
419 1343 458 1386 ac
475 1320 652 1411 producitis
671 1321 726 1406 qui
744 1320 841 1386 etiam
860 1322 984 1410 juratus
1002 1321 1115 1388 vidisse

76 1453 116 1494 se
133 1441 310 1496 crematum
331 1431 487 1497 cenem
506 1430 540 1496 in
559 1428 678 1498 coelum
697 1432 868 1496 abeuntem
883 1429 979 1498 dicat.
1003 1428 1115 1509 Qualia
1197 1465 1202 1472 ·

77 1539 189 1602 autem
204 1539 359 1626 cujusque
374 1561 501 1614 eorum,
520 1537 575 1628 qui
595 1539 758 1614 dicuutur,
775 1537 863 1605 Jovis
877 1537 1018 1604 liliorum
1032 1537 1113 1604 saeta

77 1646 322 1736 perhibeantur,
345 1669 479 1736 necesse
498 1671 563 1712 non
583 1659 631 1712 cst
650 1646 737 1736 apud
755 1639 892 1712 scientes
914 1644 1037 1718 dicere3
1061 1645 1117 1710 sed

77 1755 152 1820 haec
168 1765 256 1820 certe
267 1753 309 1818 ad
320 1753 536 1842 corruptelam
551 1765 583 1819 et
598 1755 856 1842 depravationem
871 1753 1060 1819 discentium
1071 1751 1117 1818 lit·

77 1862 161 1926 teris
172 1861 324 1926 mandata
335 1872 419 1925 suut.
437 1860 522 1925 Deos
537 1861 624 1925 cuim
639 1860 756 1926 imitari
770 1857 960 1949 praeclarum
971 1862 1117 1927 omnihus

82 1967 224 2032 videtur.
244 1967 335 2032 Alasit
350 1977 458 2032 autem
469 1991 486 2031 a
499 1991 573 2032 sana
584 1981 692 2034 mente
703 1968 772 2034 haec
783 1968 823 2033 de
835 1967 892 2034 diis
903 1969 1065 2058 cogitatio,
1082 1982 1118 2034 ut
1139 2019 1145 2034 .

82 2076 194 2162 ipsum
206 2075 322 2140 ducem
333 2098 371 2141 ac
381 2075 558 2164 genitorem
569 2077 714 2141 omnium
725 2077 901 2142 secundum
913 2075 1113 2154 illoslnmm,

77 2185 277 2274 parricidam
289 2195 321 2250 et
336 2207 375 2250 ex
389 2196 479 2271 patre
493 2183 649 2272 parricida
665 2197 771 2250 ortum
786 2185 894 2260 luisse,
910 2185 1113 2252 aemularum

75 2309 114 2361 et
126 2296 268 2384 turpium
280 2293 478 2383 voluptatum
489 2317 598 2359 amore
610 2299 741 2384 captum
750 2295 792 2360 ad
803 2297 1022 2386 Ganymedem
1034 2298 1114 2365 mul-

78 2421 193 2492 tasque
211 2400 361 2468 mulieres
380 2403 424 2466 ab.
440 2424 479 2466 eo
498 2412 719 2490 constupratae
738 2403 873 2480 venisse,
892 2429 930 2472 ac
946 2407 1016 2495 ejus
1032 2407 1114 2473 filios

81 2510 195 2578 similia
205 2509 319 2576 secisse
328 2509 447 2576 credat.
466 2509 531 2576 Sed
542 2511 624 2588 haec,
641 2523 676 2576 ut
687 2512 837 2588 diurnus,
854 2516 942 2602 pravi
954 2516 1115 2586 &moues

80 2635 311 2714 perpetrarunt
332 2621 395 2688 Nos
411 2633 519 2687 autem
535 2621 807 2690 immortalitatem
821 2647 876 2690 eos
893 2628 1045 2715 consequi
1062 2651 1115 2692 so-

78 2734 127 2800 los
144 2732 324 2806 didicimus,
341 2732 395 2818 qui
411 2731 518 2798 Deum
534 2731 607 2798 vitat
626 2733 793 2798 sanctitate
808 2745 842 2797 et
856 2734 973 2798 virtute
987 2735 1117 2823 propius

79 2842 289 2929 contingunt:
317 2840 371 2927 qui
389 2851 499 2904 autem
516 2841 664 2927 improbe
681 2827 794 2906 visunt
813 2862 875 2906 nec
894 2841 1115 2919 immutantur,

77 2975 135 3018 eos
150 2951 223 3038 igue
237 2960 357 3014 aeterno
372 2948 533 3013 credimus
548 2949 666 3035 puniri.

124 3057 233 3124 xxlt.
246 3055 345 3120 Filius
355 3067 464 3120 autem
474 3055 546 3130 Dei,
556 3055 610 3142 qui
621 3055 714 3121 Jesus
722 3068 867 3132 vocatur,
876 3058 971 3124 etiam
980 3060 1006 3126 si
1017 3061 1114 3128 homo

83 3176 212 3230 tantum
225 3174 307 3228 esset
327 3162 490 3228 communi
506 3163 701 3240 conditione,
719 3177 850 3254 propter
864 3167 1050 3256 sapientiam
1066 3172 1117 3236 di-

83 3297 168 3364 guus
187 3271 268 3336 leret
282 3271 336 3358 qui
355 3269 452 3336 Filius
463 3270 522 3335 Dei
537 3270 704 3338 diceretur.
719 3271 888 3339 Parentem
904 3276 993 3340 enim
1003 3276 1120 3340 virum·
1201 3365 1206 3370 Ι

83 3406 147 3472 que
165 3381 328 3466 deumque
343 3379 512 3477 scriptores
533 3402 642 3446 omnes
663 3379 826 3470 appellant
842 3382 956 3447 Deum.
981 3383 1077 3462 Quod
1096 3387 1121 3450 si
1196 3471 1197 3474 Ἴ

83 3493 180 3561 modo
196 3486 349 3578 singulari
372 3499 404 3552 et
427 3510 445 3552 a
468 3489 631 3554 communi
653 3489 815 3556 creatione
836 3489 960 3554 diverso
978 3493 1118 3581 genitum

83 3604 173 3672 illum
189 3625 229 3668 ex
244 3600 313 3666 Deo
328 3598 464 3666 dicimus
480 3595 624 3664 Verbum
636 3597 714 3670 nei,
730 3597 765 3662 id
775 3597 817 3673 ei,
835 3610 870 3662 ut
882 3599 949 3688 jam
969 3600 1116 3683 diunius,

83 3735 254 3782 commune
269 3733 338 3778 esse
351 3707 475 3778 credito
491 3729 567 3774 oum
577 3707 615 3774 iis
632 3707 684 3796 qui
699 3707 898 3776 Mercurium
907 3733 1085 3784 sermonem
1098 3741 1116 3782 a

83 3827 151 3892 Deo
166 3820 397 3888 internuntium
413 3816 584 3909 appellant.
603 3817 637 3884 Si
649 3817 719 3907 quis
731 3829 837 3886 autem
847 3819 1036 3903 crucifixum
1047 3849 1116 3890 essa

86 3930 235 4020 objiciatt
250 3929 341 3996 estid
352 3951 480 4018 quoque
492 3949 663 3996 commuue
674 3950 752 3998 cum
764 3927 951 4018 supradictis
963 3930 1063 4010 loris,
1080 3944 1117 3996 ut
