2630 4614
1234 91 1237 180 t

346 221 384 295 sl
714 235 846 295 raritas
871 235 985 278 assran

343 355 467 404 55555555
475 338 560 404 lovis
571 337 716 406 fratrum.
725 339 778 424 qui
790 361 886 426 regna
895 337 1000 426 partiti
1010 347 1083 410 sunt,
1092 337 1230 422 nonipsrae

344 449 516 514 litterarum
528 446 636 535 figurae
647 449 729 513 inter
740 458 821 512 astra
836 458 909 512 aunt
920 446 1042 514 relate?
1053 444 1231 526 Quonoleriur

341 555 493 620 Saturnus
504 565 536 620 et
551 577 647 644 regno
662 557 782 643 ejectus
798 556 851 622 sati
865 555 1045 620 moderator
1058 553 1231 618 constituturis

339 662 497 752 quomodo
514 687 609 752 regna
626 665 721 730 donat
736 665 867 752 quinon
881 666 949 752 jam
961 662 1084 752 regnati
1095 661 1233 747 projicitis:

342 771 397 837 has
413 793 524 859 nugas,
539 794 601 838 nec
615 773 733 859 injusto
747 773 780 838 in
795 795 852 838 nos
868 772 942 838 odio
958 771 1005 836 sas
1019 781 1050 834 et
1062 771 1121 855 jura
1132 765 1209 831 siolrtr.
1248 766 1250 833 l

383 877 426 944 X.
446 877 596 945 Narratur
611 878 749 946 sabulosa
764 880 929 946 hominum
945 875 1232 944 transformatione

340 997 466 1052 muntur
486 987 571 1075 apud
597 1011 651 1054 vos
672 1000 704 1054 et
723 989 776 1054 dii.
802 988 888 1054 Rhea
912 988 949 1054 lit
972 989 1084 1056 arbor;
1109 980 1233 1071 tupiter.

340 1106 467 1184 propter
487 1095 722 1186 Proserpinam
750 1095 857 1186 populi
876 1095 1060 1164 Phaetontis
1079 1113 1185 1158 sorores
1200 1087 1237 1150 lit

341 1202 401 1268 vile
417 1203 542 1280 animal,
559 1217 688 1295 propter
702 1229 796 1292 quam
809 1205 937 1294 Ortygia
959 1215 1070 1270 vocata
1085 1223 1143 1288 que
1153 1195 1234 1262 5555ῐὲν

343 1322 399 1378 est.
414 1314 512 1386 Deus,
528 1312 579 1380 dic
593 1336 663 1402 age,
680 1313 716 1378 fit
730 1312 810 1388 olor,
823 1325 854 1378 et
865 1311 978 1402 aquilae
990 1313 1119 1377 sormam
1130 1304 1234 1392 capitol

343 1421 559 1510 Ganymedem
570 1445 588 1486 a
598 1420 719 1510 poculis
732 1423 839 1498 habet,
852 1422 891 1486 de
901 1421 988 1510 turpi
1000 1437 1155 1510 puerorum
1167 1429 1230 1488 sneg

344 1530 459 1595 riaturi
478 1529 563 1608 Quid
578 1531 689 1594 attinet
703 1530 778 1596 deos
795 1528 898 1596 colere
912 1550 1085 1595 munerum
1095 1533 1239 1607 ancupeutt

235 1711 238 1720 ,
345 1637 523 1726 acceperint
541 1636 728 1702 irascentes?
747 1637 890 1702 Habeant
904 1636 948 1702 illi
968 1638 1072 1702 satum
1089 1658 1096 1697 :
1114 1651 1160 1718 ego
1172 1621 1235 1688 5ιῶ

345 1756 449 1812 rantes
464 1744 594 1812 adorare
614 1745 698 1811 nole.
721 1747 800 1826 Quis
818 1757 866 1812 est
884 1745 935 1811 ille
949 1747 1118 1813 Berenices
1132 1731 1237 1824 capillus

346 1856 401 1920 ubi
416 1853 512 1920 stellae
525 1855 595 1941 ejus
610 1865 778 1941 antequam
797 1855 862 1945 ipsa
879 1853 1081 1920 moreretur?
1096 1839 1236 1928 Quonolttt·

347 1977 418 2030 tuus
442 1965 608 2040 Antinous,
628 1963 783 2030 formosus
805 1965 835 2030 in
857 1963 931 2030 luna
946 1963 1128 2030 adolescens
1140 1958 1235 2020 messui

348 2073 412 2138 Aut
425 2074 495 2162 quis
506 2072 595 2140 illum
610 2098 647 2139 eo
663 2074 783 2141 evexit?
801 2074 859 2140 nisi
875 2075 954 2139 iorte
970 2049 1240 2162 (quemadmotutl

349 2182 466 2247 invenit
479 2183 505 2246 si
521 2184 591 2270 quis
607 2207 695 2273 reges
713 2183 859 2251 mercede
876 2183 1053 2250 conductus
1073 2181 1106 2244 in
1123 2171 1242 2268 cclvii·

349 2287 429 2353 disse
443 2312 507 2354 non
530 2290 596 2357 sine
617 2292 756 2380 perjurio
777 2314 815 2358 ac
837 2291 969 2357 deorum
991 2288 1134 2355 irrisione
1149 2269 1240 2375 affl

349 2397 443 2462 etiam
457 2397 544 2466 hunc
559 2397 669 2488 aliquis
688 2402 719 2466 in
735 2402 811 2468 deos
822 2400 912 2467 simili
931 2400 1054 2467 ratione
1070 2387 1244 2464 reserent&

350 2517 381 2570 et
395 2508 579 2574 muneribus
596 2521 722 2576 ornatus
734 2522 790 2576 est.
806 2511 872 2576 Gur
886 2511 917 2575 in
927 2509 1032 2576 Deum
1043 2506 1118 2574 estis
1127 2475 1243 2572 ufflllil

352 2612 494 2698 ejusdem
516 2637 594 2702 opus
616 2614 833 2681 dedecoratis?
848 2615 964 2682 Mactas
983 2639 1090 2689 ovem,
1105 2620 1135 2676 et
1146 2593 1242 2668 ,mles

352 2744 421 2787 oras
430 2745 438 2786 ε
447 2735 555 2787 taurus
565 2735 613 2788 est
626 2725 659 2789 in
670 2722 764 2799 coelo,
776 2736 808 2789 et
818 2725 886 2812 ejus
898 2725 1067 2814 imaginem
1077 2700 1246 2806 trucidasset

352 2843 465 2897 vocant
479 2832 657 2920 Engonasin
672 2834 785 2921 premit
800 2832 914 2899 animal
933 2833 1064 2899 noxium
1078 2855 1087 2896 ε
1099 2828 1193 2894 honore
1202 2803 1245 2921 ΨΨ

284 2969 288 2976 ·
353 2940 455 3026 aquila
471 2941 616 3030 opificem
630 2942 765 3008 hominis
778 2943 1001 3010 Prometheum
1016 2937 1168 3030 peredeus
1181 2923 1245 3027 ΡΝΨ

351 3069 424 3112 sane
441 3047 579 3134 Cycnus,
592 3049 741 3136 quoniam
755 3047 877 3115 adulter
886 3059 963 3115 erat.
977 3046 1101 3137 Egregii
1112 3037 1150 3107 illi
1159 3029 1249 3097 attend

352 3155 411 3219 bus
422 3155 558 3220 viventes
573 3153 628 3218 filii
639 3155 737 3231 lovis,
750 3153 884 3222 filiarum
895 3155 1044 3244 Leucippi
1055 3161 1187 3240 raptores·
1196 3129 1251 3194 ΡΨ

247 3313 251 3322 .
352 3263 414 3326 tior
424 3262 473 3327 his
489 3259 620 3335 Helena,
632 3283 701 3348 quae
717 3259 825 3327 relicto
836 3261 1000 3327 ssavicomo
1016 3255 1149 3324 Menelao
1162 3241 1240 3315 „einp

353 3381 384 3434 et
397 3367 611 3434 abundantem
628 3391 705 3432 auro
726 3366 869 3432 Paridem
891 3377 1021 3454 sequuta
1043 3361 1111 3430 est?
1128 3353 1216 3438 AEqtt⁵
1227 3345 1250 3394 Ψ

353 3479 455 3543 extitit
476 3477 634 3567 Sophron,
658 3478 711 3565 qui
731 3477 813 3543 hanc
831 3477 1028 3542 meretricem
1046 3474 1079 3540 in
1098 3477 1200 3550 camp⁰⁵
1213 3439 1251 3520 ΡΡ

353 3585 520 3652 transtulit.
543 3585 607 3651 Sed
628 3609 730 3676 neque
744 3587 898 3675 Tyndaris
917 3581 1143 3666 immortalitate
1160 3565 1251 3634 doutlf'

355 3716 392 3758 ac
407 3696 562 3781 sapienter
573 3696 737 3784 Euripides
749 3720 818 3761 eam
829 3698 867 3761 ab
881 3694 992 3760 Oreste
1003 3693 1133 3758 occisam
1146 3671 1218 3745 redit·
1252 3713 1253 3756 y

399 3799 455 3867 ΧῘ·
482 3801 648 3882 Quomodo
669 3804 762 3891 igitur
783 3802 867 3869 illam
887 3825 925 3868 ex
944 3801 1007 3868 sato
1032 3798 1184 3886 genituram
1198 3761 1253 3888 puli
