2640 4622
187 323 192 342 ,
299 249 365 326 iil.
598 268 711 314 saecri
732 269 852 314 rusrrrr
875 273 1032 318 usensis

299 397 410 464 preces
424 374 579 446 aurificia
595 397 719 444 rocam.
737 376 894 463 Equidem
908 401 1022 467 preces
1035 391 1069 444 et
1086 381 1260 468 gratiarnm
1271 403 1296 444 er

298 483 412 558 tiones.
428 505 498 570 qun
514 481 647 570 udiqnis
664 493 872 572 peraguntur,
889 484 957 550 sola
972 509 1042 551 esse
1062 487 1206 574 perfecta
1222 503 1252 552 ot
1264 489 1298 552 ts

297 603 427 680 aoeepta
441 589 596 658 sacrificia
611 592 725 680 etipse
740 594 912 679 pronuntio
921 593 944 658 ¹.
969 595 1046 660 Hac
1060 597 1150 660 enim
1166 597 1298 662 Christis

296 723 423 788 quoque
438 699 505 766 sota
519 721 670 788 peregere
680 699 874 776 didicerunt,
886 702 984 766 etiam
1000 703 1033 766 in
1048 703 1298 768 recordationen*-

297 807 411 872 monim
426 829 490 872 sure
504 807 596 873 siccae
611 819 644 872 et
657 806 797 895 liquide,
812 808 846 872 in
867 831 929 895 qua
947 809 1047 874 etiam
1066 812 1225 896 passionis
1241 837 1296 898 qur

296 913 394 980 Filios
405 915 466 980 {tet
480 923 611 1001 proptor
626 937 681 981 eos
694 911 838 1001 pertulit,
854 913 1079 979 recordantur.
1098 917 1206 1004 Hujus
1220 941 1297 980 non

298 1035 334 1086 ut
351 1021 573 1109 profanaretur
590 1041 648 1108 per
662 1031 766 1086 totum
781 1022 892 1086 orbem
906 1033 1068 1086 terrarum
1079 1034 1115 1086 et
1133 1022 1296 1112 blaspbem-

296 1143 511 1221 appoteretur,
528 1130 688 1219 principes
703 1129 904 1196 sacerdotum
918 1129 1028 1218 populi
1040 1132 1144 1196 rests-i
1155 1145 1191 1197 et
1200 1113 1293 1220 magia·

297 1239 508 1328 perfecerunt.
532 1237 596 1304 Sed
616 1237 686 1304 haec
708 1239 774 1325 ipsa
796 1261 921 1326 quoque
939 1239 1068 1304 sordide
1091 1241 1293 1309 indumentum

248 1341 257 1352 ⁸
297 1348 385 1414 robis
404 1346 548 1435 imposita
570 1344 607 1408 iis
629 1346 778 1411 omnibus
796 1345 850 1433 qui
869 1367 909 1410 ex
922 1347 1053 1412 nomino
1073 1346 1162 1414 Jesu
1175 1349 1243 1415 iacti
1255 1375 1288 1412 se:

298 1455 481 1528 Christiani,
502 1453 588 1519 Deus
608 1477 626 1517 n
647 1453 738 1521 nohis
755 1451 877 1518 sublata
890 1455 1049 1530 ostendet,
1068 1477 1153 1522 cum
1169 1481 1290 1522 omnes

296 1567 393 1631 vitam
409 1563 583 1636 revocabit,
599 1574 632 1628 et
646 1561 724 1628 alios
740 1563 869 1650 (pridem
883 1563 916 1628 in
930 1575 1052 1628 interno
1067 1578 1107 1630 ot
1126 1567 1288 1632 indissoide

297 1695 397 1761 regno
408 1673 608 1758 incorruptos
619 1680 653 1734 et
668 1668 861 1736 immortales
871 1680 904 1734 ot
914 1668 1034 1735 doloris
1044 1687 1205 1761 expertes
1218 1670 1298 1740 coss-i

297 1792 378 1856 tuot,
402 1777 480 1844 elios
502 1789 609 1844 autem
632 1777 665 1841 in
687 1788 842 1842 zotanum
857 1775 1158 1868 ignissupplics'um
1181 1781 1283 1846 dnm

297 1887 395 1968 Quod
415 1897 523 1952 antem
539 1897 573 1950 et
590 1886 651 1972 ipsi
672 1907 727 1950 ros
747 1885 891 1972 decipitis
908 1896 941 1950 et
958 1887 1110 1974 magistri
1130 1893 1236 1964 vestri,
1252 1893 1286 1954 ts.

294 1997 493 2085 scripturam
505 1993 550 2059 sic
564 1993 828 2080 interpretamini,
841 1991 929 2078 quasi
942 1992 982 2058 de
999 1993 1161 2083 dispersis
1177 2001 1286 2079 vester

297 2106 380 2170 neris
396 2103 578 2170 hominibus
595 2100 692 2174 dicat,
708 2123 820 2166 eorum
838 2123 947 2187 preces
966 2113 1000 2166 et
1020 2104 1188 2172 sacrificia
1202 2109 1230 2172 in
1243 2130 1285 2170 ont

297 2214 368 2280 loco
384 2224 505 2302 puroet
519 2223 648 2300 accepta
660 2233 745 2284 esses
759 2212 920 2298 agnoscito
930 2235 986 2277 ros
1001 2215 1143 2279 mentiri
1159 2232 1191 2280 et
1206 2238 1288 2303 oper

297 2323 372 2388 dare
383 2333 419 2385 ut
433 2321 464 2384 in
475 2321 623 2385 omnibus
634 2321 839 2407 vosmetipsos
851 2319 1031 2408 decipiatis:
1047 2323 1188 2409 primam
1196 2323 1286 2409 quiin

297 2429 370 2516 qnia
382 2450 423 2493 ne
434 2449 520 2492 nunc
530 2427 661 2516 quidem
676 2427 717 2492 ab
730 2437 803 2491 ortu
816 2424 888 2491 solis
905 2427 945 2491 ad
956 2449 1121 2494 occasum
1133 2430 1250 2496 utinm
1257 2439 1288 2490 est

298 2559 398 2628 genus
419 2547 571 2610 vestrum,
596 2555 634 2600 ao
655 2547 764 2623 gentes
785 2534 891 2598 videro
912 2544 961 2599 est
982 2535 1016 2599 in
1041 2539 1169 2624 quibos
1192 2537 1289 2603 nondun

298 2648 462 2736 quisquam
470 2657 611 2710 restrum
620 2643 782 2709 habitarit.
798 2641 927 2708 Nullum
938 2643 1024 2708 enim
1035 2649 1297 2737 omninogenussJ

298 2757 362 2822 sive
370 2754 569 2825 (imorum,
581 2751 647 2816 sire
656 2749 882 2824 Barbarorum,
895 2751 919 2816 si
931 2749 1077 2837 quolibet
1088 2757 1226 2822 nomine
1234 2753 1286 2844 app!

299 2864 417 2938 lentur,
432 2859 482 2926 rei
502 2859 770 2926 Hamaxobiorum
780 2858 835 2946 qui
848 2859 881 2923 in
895 2855 1042 2946 plaustris
1057 2859 1203 2950 degunt,
1216 2864 1280 2928 veli

298 2972 427 3038 modum
448 2969 503 3057 qui
523 2967 670 3032 domibus
694 2978 816 3040 carent,
838 2965 886 3030 vel
908 2965 1115 3034 Scenitarum
1144 2975 1205 3059 qui
1227 2993 1287 3062 pes·

297 3091 462 3170 pascentes
477 3075 623 3142 habitant
642 3075 675 3140 in
689 3073 845 3147 tentoriis,
858 3069 995 3149 nulium,
1008 3076 1162 3162 inquam,
1183 3084 1289 3166 ejusne

295 3209 396 3276 genus
407 3195 468 3260 est,
477 3184 580 3270 inquo
589 3203 720 3269 nonper
730 3181 1087 3248 nomencruciiixiJesu
1098 3207 1224 3272 pmoes
1234 3203 1287 3272 etp

297 3299 414 3364 tiorum
424 3293 564 3360 actiones
575 3291 659 3356 Patri
670 3303 703 3358 et
718 3290 861 3355 Creatori
873 3293 1093 3356 universorum
1105 3291 1207 3360 [iant.
1223 3293 1291 3362 Μ

297 3430 372 3473 vero
391 3404 464 3493 quia
487 3424 551 3490 quo
570 3413 713 3488 tempore
735 3397 890 3486 propheta
909 3397 1079 3464 Malachiae
1098 3400 1175 3469 heac
1197 3406 1282 3472 diceto

297 3515 441 3584 nondum
452 3510 583 3600 dispersi
596 3509 690 3574 eratis
702 3509 734 3573 in
745 3529 857 3574 omnes
869 3505 937 3573 ilias
949 3517 1041 3572 terrae
1052 3522 1166 3596 partes
1178 3515 1215 3580 in
1227 3515 1291 3602 quit:-

297 3647 386 3689 nunc
399 3623 488 3695 estis,
505 3620 537 3685 id
552 3619 639 3708 qnod
653 3619 748 3682 etiem
759 3639 799 3680 ex
811 3615 975 3703 Scriptura
986 3617 1195 3704 perspicitur.

342 3729 487 3796 cxvttt.
502 3730 721 3808 Quamobrem
735 3725 831 3790 satius
842 3737 890 3789 est
903 3737 951 3800 ut,
963 3727 1182 3794 contentionis
1193 3733 1289 3796 studia

330 3853 339 3887 ¹
350 3852 415 3901 Vide
426 3852 459 3899 ad
470 3851 566 3900 calcem
577 3851 766 3900 adnotationem
781 3849 908 3912 quintam.
