2636 4648
176 269 239 348 blo
495 291 615 338 sanevi-
632 291 744 336 insani
768 293 837 342 tin„
857 293 888 335 vv

177 401 229 468 illa
246 425 317 491 que
332 424 406 469 cnm
428 399 527 470 multa
545 397 755 475 sollieitudine
770 403 1029 470 adinveniuntur.
1051 403 1210 483 Quoniam

174 508 270 598 igitur
286 534 346 600 pro
362 511 456 578 nobs
471 523 539 576 erat
554 509 626 600 plns
643 510 773 600 diligere
795 511 911 587 Deum,
929 533 1005 578 enm
1025 511 1137 578 labore
1152 513 1212 578 hoc

176 621 268 688 nobis
283 621 463 687 adinvenire
478 621 634 714 Dominus
646 622 770 697 docuit,
781 634 815 687 et
829 620 1002 712 Apostolus
1014 621 1158 686 tradidit.
1175 621 1212 686 Et

176 731 1121 807 aliasnutemessetvidclicetnostruminsensatumbonnm,
1130 732 1211 822 qnod

175 853 259 908 esset
278 841 530 916 inexercitatum.
554 841 618 908 Sed
637 853 676 910 et
697 842 805 908 sidere
829 867 897 909 non
920 843 954 909 in
975 855 1103 910 tantum
1125 842 1212 908 nobis

176 962 259 1015 esset
277 948 576 1026 desiderabile,'n1si
592 952 850 1041 cognovissemus
868 963 1028 1039 quantum
1046 963 1132 1016 esset
1146 973 1211 1015 ma·

178 1058 243 1127 lum
259 1081 323 1128 non
337 1059 444 1125 videre
462 1082 471 1124 ε
488 1071 521 1126 et
535 1062 617 1126 hene
629 1059 734 1126 valere
745 1071 852 1125 antem
869 1057 953 1124 male
970 1058 1106 1124 valentis
1121 1081 1213 1148 expe

178 1169 289 1236 rientia
305 1167 523 1236 honorabilius
537 1168 650 1244 ellioitt
669 1179 702 1234 et
723 1166 843 1244 lneem,
860 1170 1070 1236 tenebrarum
1084 1191 1214 1256 compa-

178 1277 273 1352 rntios
288 1291 322 1344 et
332 1279 444 1354 vitum.
456 1278 577 1346 mortis.
595 1277 649 1346 Sic
664 1290 698 1344 et
711 1276 838 1346 coeleste
850 1301 986 1368 regnum
999 1277 1215 1344 honorabilius

178 1397 226 1452 est
240 1386 289 1453 his
304 1389 358 1477 qui
375 1400 595 1478 cognoverunt
608 1402 782 1456 termnum.
802 1389 933 1470 Quanto
952 1400 1063 1454 sutem
1078 1389 1216 1454 honora-

177 1497 286 1574 hilius,
303 1511 391 1566 tento
406 1500 504 1589 magis
519 1498 678 1590 diligimus
694 1497 772 1566 illud
793 1523 801 1564 s
819 1512 852 1565 ot
871 1499 896 1566 si
911 1498 983 1588 plus
1002 1497 1085 1564 illud
1099 1497 1215 1564 dilexs-

180 1607 293 1684 rimus‚
306 1607 454 1676 clariores
465 1609 584 1675 erimus
596 1607 682 1697 opud
695 1607 808 1675 Deum.
823 1607 886 1674 Pro
897 1607 991 1673 nobis
1001 1607 1101 1696 igitar
1112 1607 1214 1672 omnia
1302 1591 1303 1602 ¹

180 1717 253 1786 haeo
266 1719 414 1786 sustinuit
431 1716 599 1794 Dominus,
616 1717 662 1783 uti
677 1740 734 1806 per
748 1717 855 1784 omnis
870 1715 1002 1791 eruditi,
1022 1717 1055 1782 in
1068 1715 1217 1782 omnihus
1302 1743 1303 1786 p

182 1827 216 1892 in
230 1827 373 1894 futurum
389 1827 487 1894 simus
505 1826 603 1901 nanti,
623 1838 656 1891 et
675 1848 912 1914 perseveremus
932 1826 964 1890 in
979 1825 1069 1890 omni
1083 1826 1157 1912 ejus
1172 1823 1220 1888 di-

183 1935 332 2015 lectione,
348 1935 577 2004 rationabiliter
588 1935 698 2002 ¹edocti
713 1933 844 2024 diligere
860 1933 965 2002 Deum
983 1955 991 1997 :
1009 1933 1079 1998 Deo
1090 1930 1220 2020 quidem

183 2047 474 2137 magnanimitatem
493 2057 662 2136 prestante
681 2045 714 2112 in
734 2045 889 2135 apostasia
913 2042 1069 2115 hominis;
1089 2043 1221 2108 homine

137 2183 142 2196 ·
184 2168 292 2222 antem
309 2155 436 2222 erudito
456 2179 514 2244 per
534 2177 618 2231 eam,
635 2153 907 2243 quemadmodum
925 2165 959 2218 et
972 2151 1134 2241 Propheta
1152 2151 1220 2216 ait:

193 2266 412 2333 «Emendabit
431 2278 463 2333 te
484 2266 643 2332 abscessio
657 2277 713 2330 tua
734 2263 763 2336 ’ς
783 2262 1006 2353 spraeliniente
1023 2262 1093 2328 Deo
1115 2261 1221 2328 omnia

185 2373 225 2438 ad
243 2373 381 2440 hominis
405 2372 646 2464 perfectionem.
664 2383 697 2439 ot
712 2371 756 2438 ad
772 2372 962 2447 efficaciam,
983 2384 1017 2437 et
1036 2371 1224 2440 manifesta-

186 2482 307 2550 tionem
318 2485 560 2574 dispositionum
575 2507 583 2549 :
598 2483 644 2548 uti
658 2495 691 2548 et
706 2481 831 2548 bonitas
846 2481 1046 2556 ostendatur,
1057 2493 1092 2546 et
1104 2480 1226 2568 justitia

186 2592 383 2684 perficietur,
406 2606 439 2660 et
454 2591 597 2662 Ecclesia
610 2593 658 2658 'nd
675 2591 808 2682 ligurem
828 2591 974 2680 imaginis
988 2589 1061 2656 Filii
1079 2592 1155 2679 ojus
1169 2613 1227 2686 co:
1302 2589 1303 2610 l

189 2717 327 2795 aptetur,
343 2717 377 2771 et
391 2705 521 2772 tandem
535 2703 705 2794 aliquando
720 2715 864 2768 maturus
878 2700 935 2767 liat
952 2701 1064 2784 homo,
1079 2695 1228 2768 in'lantis

189 2827 406 2884 moturesoeus
421 2803 651 2882 sd'vidondum
665 2825 697 2880 et
712 2811 904 2902 capiendum
917 2812 1032 2878 Deum.

513 3015 664 3083 CAPUT
691 3014 901 3084 XXXVIII.

362 3183 423 3242 Cur
434 3173 488 3242 non
502 3181 537 3241 ab
552 3184 627 3242 nnio
640 3181 883 3265 pevſsscmsfactus
897 3195 937 3241 ast
949 3181 1054 3258 lenm?

235 3350 260 3416 l.
279 3349 314 3416 Si
328 3349 391 3416 hoc
402 3347 488 3416 dicat
497 3347 609 3436 aliquis
623 3371 631 3413 ε
647 3347 850 3436 Quidenimi
868 3370 933 3414 non
946 3357 1073 3436 poterat
1083 3348 1123 3412 ab
1136 3346 1233 3412 initio

192 3461 278 3527 Deus
302 3459 479 3549 perlectum
503 3457 611 3525 iecisse
634 3457 823 3528 bominem?
843 3456 942 3534 Sciat,
964 3456 1118 3547 quoniam
1142 3457 1233 3523 Deus
1302 3503 1303 3510 κ

192 3569 322 3659 quidem
331 3592 412 3635 -cum
426 3568 608 3657 semper'sit
622 3567 721 3644 idem,
737 3577 770 3632 et
793 3568 933 3643 innatus,
951 3577 1107 3655 qnantum
1126 3566 1172 3632 ed
1190 3567 1235 3654 ip-

164 3765 165 3768 *
193 3692 341 3756 sumest,
357 3675 461 3746 otnnia
477 3677 637 3769 possibilia
651 3678 690 3743 ei.
712 3677 792 3758 Qua
807 3689 916 3744 autem
931 3677 1011 3744 laets
1027 3679 1160 3745 suntab
1180 3702 1234 3751 eo.

193 3789 370 3857 secundum
385 3789 473 3878 quod
491 3801 598 3880 postea
616 3785 745 3856 iacturae
760 3787 886 3858 initium
902 3787 1096 3863 habueruut,
1113 3811 1236 3856 seeum

229 3921 347 3970 ¹levem.
363 3939 391 3980 n,
408 3936 442 3984 ¹9·
