2648 4598
259 213 298 254 nn
321 209 571 254 ossuuuecrroun
595 205 790 250 uooruouuu.
976 187 1033 248 105

19 321 200 409 sapientiam
220 328 457 408 cognoscentes,
476 337 514 380 ac
535 314 596 401 legi
618 326 650 378 et
668 313 794 400 juetitiae
814 315 1035 401 obsequentes,
1062 391 1066 400 ¹

17 443 169 518 perpetuo
191 430 225 496 iu
246 429 283 493 iis
305 429 383 493 citro
411 423 511 490 ullum
535 423 674 489 laborem
699 435 903 510 permaneant
924 423 1038 509 quibus
1068 399 1079 426 ⁹

16 549 194 604 anteactam
208 538 317 610 vitam,
333 535 473 622 quamvis
488 534 520 598 in
537 533 667 598 terrenis
682 545 784 597 essent
798 543 830 597 ct
846 532 1038 619 corruptioni

16 647 160 712 obnoxiis
192 645 390 733 corporibus,
417 642 539 708 sortiter
570 638 792 706 toleraverunt.
822 641 1039 728 Quaecumque

16 757 105 820 enim
125 753 251 820 alterius
266 777 359 820 causo
383 752 508 818 condita
524 761 611 824 sunt,
628 749 686 814 illis
701 773 835 838 quorum
851 771 944 816 cause
961 773 1040 816 con-

18 865 84 929 dita
101 876 174 928 sunt
189 887 252 928 non
264 865 329 949 jam
344 861 536 928 exstantibus
551 860 664 924 merito
675 872 707 924 et
719 861 785 947 ipsu
800 883 867 924 esse
884 861 1038 933 desinont,

11 995 81 1038 ¹nec
91 971 205 1037 frustra
216 971 458 1059 permanserint:
470 979 635 1058 propterea
645 968 730 1054 quod
741 969 821 1034 inter
833 969 934 1034 divina
945 991 1039 1057 opere

11 1078 99 1145 mihil
114 1080 154 1144 sit
169 1076 230 1144 loci
245 1081 340 1144 rebus
350 1076 521 1145 inutilibus.
538 1077 618 1155 Quae
629 1097 703 1142 vero
714 1079 755 1142 ob
767 1076 851 1142 benc
860 1078 958 1165 ipsam
970 1101 1041 1144 eou-

11 1211 88 1252 cam
104 1187 230 1254 condita
246 1200 319 1252 sunt
334 1200 369 1252 ut
382 1200 499 1262 essent,
514 1197 548 1251 et
560 1187 657 1252 vitam
670 1186 729 1252 sibi
741 1188 979 1252 convenientem
991 1188 1042 1253 de·
1091 1216 1094 1222 ·

11 1308 143 1385 sgerent,
161 1318 236 1361 cum
252 1296 319 1362 baec
333 1319 426 1363 causa
439 1294 581 1384 colligata
594 1296 633 1360 sit
648 1317 723 1360 cum
738 1307 862 1370 nature,
879 1305 911 1360 et
927 1296 959 1360 in
978 1295 1041 1360 sola
1059 1307 1063 1318 '

11 1405 174 1470 existendi
195 1406 315 1470 ratione
333 1405 447 1493 posita,
469 1406 505 1470 iis
525 1403 603 1471 nibil
625 1425 763 1490 uuquam
782 1405 880 1492 possit
902 1404 1043 1470 occidere

11 1536 81 1580 cur
100 1512 229 1576 omnino
248 1535 317 1578 esse
338 1513 492 1580 desinant.
514 1511 578 1578 Sed
593 1535 668 1578 cum
690 1535 783 1578 causa
805 1512 870 1588 illa,
893 1516 934 1578 ob
950 1535 1069 1599 quam,

19 1621 148 1688 condita
164 1632 250 1696 sunt,
266 1643 391 1710 semper
405 1621 559 1688 existendi
578 1621 698 1686 ratione
720 1633 896 1709 specteturr
917 1643 1045 1687 necesse
1151 1628 1154 1638 '

18 1743 70 1796 ost
85 1729 126 1794 ad
140 1731 381 1818 perpetuitatem
397 1728 511 1794 animal
527 1730 570 1794 ita
585 1728 749 1794 conditum
764 1730 891 1804 servari,
903 1751 940 1793 eo
952 1749 1045 1818 agens

11 1849 53 1914 ,et
69 1837 191 1924 patiens
206 1857 274 1921 quae
290 1837 386 1924 ipsius
402 1835 521 1902 riaturae
536 1846 725 1921 congruunt,
739 1835 861 1902 duobus
876 1835 934 1902 illis
947 1836 1046 1925 parti-

11 1950 98 2026 bus,
114 1943 280 2030 exquibus
291 1957 426 2020 constat,
439 1945 524 2032 quod
535 1968 628 2010 suum
639 1946 792 2034 cujusque
802 1960 849 2012 est
863 1948 895 2012 in
906 1947 1045 2012 medium

11 2053 228 2136 offerentibus
248 2079 256 2120 ε
274 2056 316 2120 ita
332 2064 368 2118 ut
382 2053 486 2118 anima
505 2052 701 2140 aequabiliter
720 2055 754 2118 in
775 2078 836 2142 qua
858 2056 984 2121 condita
998 2067 1046 2122 est

11 2174 137 2248 ,natura
152 2175 253 2228 exstet
267 2171 300 2226 et
320 2173 515 2248 permaneat,
531 2184 709 2248 munusque
725 2163 784 2227 sibi
800 2185 974 2252 congruum
989 2165 1046 2230 ad·
1075 2215 1077 2220 -

11 2271 183 2356 ¹..ministret
202 2272 268 2356 (est
282 2283 388 2338 autem
404 2269 568 2358 proprium
583 2271 652 2358 ejus
667 2291 781 2335 munus
796 2275 935 2360 corporis
954 2296 1046 2361 appe·

11 2381 101 2470 :titus
117 2403 239 2466 regere,
254 2389 286 2444 et
301 2377 454 2466 quidquid
469 2399 600 2464 usquam
615 2377 774 2453 inciderit,
790 2379 823 2447 id
840 2381 918 2468 aptis
934 2381 1047 2467 dijudi-

11 2513 98 2580 ,care
108 2499 140 2555 et
151 2490 253 2556 metiri
262 2489 386 2577 judiciis
395 2501 427 2554 et
435 2489 619 2574 mensuris);
631 2509 746 2574 corpus
756 2501 862 2554 autem
872 2491 1047 2556 secundum

11 2609 172 2672 ,naturam
188 2598 228 2664 ad
242 2620 278 2662 ca
294 2621 362 2684 quae
379 2609 556 2686 congruunt
571 2612 746 2672 moveatur,
763 2607 796 2662 et
809 2598 977 2662 destinatas
988 2599 1046 2663 sibi

11 2704 216 2774 ‚mutationes
236 2704 381 2791 accipiat,
399 2716 431 2770 et
452 2725 527 2769 cum
546 2705 765 2790 caeterisquae
787 2703 828 2766 od
849 2713 973 2766 {etatem
992 2711 1047 2766 aut

11 2795 164 2901 'speeiem
185 2825 240 2877 aut
260 2813 508 2900 magnitudinem
530 2813 699 2898 pertinent,
715 2812 815 2898 ipsum
830 2811 925 2874 etium
942 2833 1048 2875 resur-

11 2923 213 3008 =rectionem.
239 2921 295 2986 Est
315 2922 402 2986 enim
422 2922 541 3006 species
567 2919 711 3008 quaedum
735 2919 929 2995 mutationis,
950 2943 1047 3008 eeque

25 3030 172 3094 omnium
184 3039 353 3114 postrema,
369 3027 570 3101 resurrectio,
583 3039 735 3091 eteorum
747 3025 800 3113 qui
812 3031 1049 3118 tunctemporis

26 3137 138 3202 adbuc
152 3146 350 3224 superarunt,
367 3135 399 3199 in
415 3133 527 3200 melius
541 3134 729 3202 immutatio.

75 3246 166 3312 XIII.
199 3244 323 3323 Quibus
350 3245 444 3310 rebus
465 3267 529 3310 non
556 3243 659 3309 minos
683 3243 875 3310 confidentes
897 3267 992 3333 quam
1014 3247 1050 3311 iia

26 3379 103 3445 quse
121 3356 186 3442 jam
204 3363 389 3428 evenerunt,
412 3375 450 3418 ac
465 3354 625 3441 propriam
644 3363 789 3418 naturum
804 3351 1049 3430 considerantes,

27 3487 107 3532 cum
127 3461 295 3528 obnoxiam
314 3462 443 3549 egestati
462 3473 493 3526 et
513 3461 706 3550 corruptioni
722 3462 816 3526 vitam
833 3461 1001 3551 diligimus,
1018 3477 1052 3529 ut

28 3573 179 3664 praesenti
193 3593 259 3636 aevo
274 3571 526 3644 convenientem,
546 3580 615 3634 tum
631 3569 804 3636 immunem
820 3593 837 3633 a
853 3572 1052 3658 corruptione

28 3682 471 3774 perpetuitatemconstunter
486 3701 660 3767 speramus,
681 3701 776 3766 quam
795 3679 922 3766 quidem
938 3703 1000 3744 non
1015 3705 1051 3745 ex

30 3791 200 3860 bominum
221 3792 407 3857 commentis
428 3791 632 3865 somniamus,
655 3788 729 3855 salso
750 3813 804 3878 spe
825 3791 1053 3879 nobismetipsis
