2710 4662
77 265 97 280 ι
101 264 115 281 ι
136 263 153 280 t
188 261 248 282 Qu!
252 259 758 284 usmnuuunsumwhmm
762 263 895 284 mum
899 265 1093 290 WMQUQQ

53 385 463 576 sauctus
506 457 1076 626 murmanus,

357 737 803 874 sumansu.

496 999 662 1052 ottAEcth.

475 1119 554 1274 itt·
584 1189 676 1276 ¹⁶9·l

385 1421 778 1457 -ῥομ-

109 1627 862 1714 SarcrnsPonrcanrus‚circa‘annum80
875 1623 1102 1700 christianam

59 1735 182 1808 fidem
194 1733 402 1831 amplexus,
414 1732 971 1852 etepiscopnssmyrnensisass
970 1737 1104 1804 Ioanne

67 1839 256 1936 Apostolo
273 1861 331 1908 an.
353 1837 404 1936 96
421 1838 657 1921 constitutus,
677 1838 843 1930 quinque
863 1848 1021 1922 tantum,
1045 1837 1107 1910 sed

69 1941 385 2042 splendidissimis
400 1945 483 2012 ritae
496 1941 771 2011 circumstantiis
782 1941 949 2010 innotuit.

128 2052 251 2120 Prima
263 2047 426 2169 quidem,
439 2047 539 2146 quod
551 2071 622 2119 non
630 2047 740 2118 modo
754 2061 995 2120 transeuntem
1006 2025 1106 2147 Igna·

71 2158 191 2240 tium,
201 2151 265 2224 sed
277 2169 315 2224 et
324 2157 496 2252 scriptam
510 2151 557 2224 ab
566 2175 609 2224 eo
619 2167 702 2250 post
714 2155 903 2224 transitum
917 2156 1104 2250 epistolam

66 2263 287 2357 susceperit.

119 2366 303 2454 Secunda,
326 2365 445 2463 quod,
466 2390 550 2438 curn
569 2365 753 2464 Apostolis
775 2382 1022 2457 conversatus,
1043 2394 1102 2444 eo·

68 2497 157 2542 ιιιιιι
173 2471 349 2544 indivulse
363 2471 540 2544 doctrinis
553 2472 752 2557 inhaeserit‚
761 2470 862 2568 quod
875 2476 1031 2544 maxime
1043 2500 1104 2572 pa-

71 2591 126 2648 tet
143 2599 188 2646 ex
199 2579 351 2674 epistola
364 2584 402 2650 B.
416 2581 542 2649 lrcnaei
560 2578 638 2672 ejus
648 2575 819 2674 discipuli
837 2575 883 2648 ad
897 2577 1104 2653 Florinum:

70 2716 86 2748 a
98 2682 187 2756 Vidi
203 2699 255 2770 te,
275 2687 412 2782 inquit,
436 2709 519 2756 cum
538 2682 659 2754 adhuc
682 2707 774 2780 puer
794 2705 925 2770 essem,
948 2687 989 2754 in
1010 2686 1107 2758 iufe-

72 2819 90 2854 »
103 2793 201 2860 riore
224 2793 308 2860 Asia
331 2790 428 2887 apud
462 2789 702 2886 Polycarpum
730 2786 920 2885 splendide
943 2803 1108 2886 agentem

77 2897 147 2964 nin
177 2895 327 2990 palatio,
354 2911 391 2966 et
412 2919 633 2992 magnopere
662 2893 891 2965 laborantem
919 2905 962 2964 ut
991 2909 1026 2967 te
1055 2895 1108 2967 illi

83 3031 98 3062 ι
113 3000 342 3096 approbares.
369 3005 511 3074 Etenim
534 3025 577 3073 ea
601 3026 685 3098 quae
706 3015 794 3072 tunc
821 3005 994 3099 temporis
1010 3017 1108 3100 gesta

88 3129 104 3162 n
118 3114 203 3170 suut
223 3103 350 3174 melius
372 3106 546 3175 memoria
574 3119 699 3193 teneo,
725 3125 835 3202 quarn
859 3103 921 3174 illa
939 3129 1022 3202 quae
1040 3130 1107 3176 nu·
1129 3155 1135 3164 -

89 3234 107 3270 ι
121 3227 190 3300 per
212 3207 438 3278 acciderunt:
464 3209 553 3282 adeo
578 3225 621 3280 ut
644 3225 682 3284 ct
705 3209 825 3280 locum
849 3212 971 3305 ipsum
991 3209 1110 3282 dicere

89 3333 284 3407 »possem,
315 3314 352 3380 in
381 3338 454 3408 quo
481 3313 707 3389 beatissimus
735 3315 954 3411 Polycarpus
986 3315 1110 3390 sedens

86 3417 334 3490 »disserebat
325 3444 539 3516 ,processus
552 3445 701 3518 quoque
714 3421 792 3517 ejus
808 3425 1048 3542 etingressus,
1061 3429 1108 3495 ri-

86 3540 235 3624 »taeque
254 3529 367 3596 totius
385 3521 549 3614 formam,
566 3542 603 3598 et
614 3531 778 3624 corporis
795 3529 962 3624 speciem,
975 3551 1107 3604 sermo·

87 3657 180 3704 »nes
204 3630 365 3731 denique
385 3657 481 3731 quos
507 3633 552 3704 ad
575 3634 731 3732 populos
750 3632 917 3724 habebat,
943 3650 980 3708 et
1004 3637 1106 3712 fami·

87 3736 236 3810 uliarcm
264 3736 568 3810 consuetudinem
598 3762 680 3836 quae
706 3737 757 3808 illi
783 3761 863 3810 cum
886 3743 1035 3832 Joanne,
1066 3761 1107 3815 ut

90 3843 300 3934 inerrabat,
319 3861 354 3918 et
370 3870 454 3918 cum
470 3846 618 3944 reliquis
632 3849 697 3943 qui
715 3847 906 3920 Dominum
923 3845 1110 3937 vidissent,
