2492 4632
344 321 467 370 corrns
490 321 641 372 manns.
943 307 1007 384 4⁵⁵

15 451 243 518 admodum
259 449 369 518 volunt
385 453 650 542 interpretenturc
665 449 781 540 quibus
798 464 931 518 utuntur
948 454 1011 521 sin·

14 561 116 625 lter
133 559 280 650 magistri
296 583 408 626 eorum
427 581 434 625 ι
453 583 531 648 quas
547 559 733 626 traditiones
749 557 890 626 volentes
906 562 1010 629 sindi-

27 668 146 760 chi
161 669 221 736 Dei
234 669 409 735 instituenti
421 691 475 734 eos
487 669 528 734 nd
542 669 714 746 adventum
729 669 846 736 Christi
862 683 926 738 non
939 673 1012 739 sub-

14 799 128 843 esse
139 775 332 852 voluerunt3
347 775 403 842 sed
414 789 447 840 et
456 776 629 842 Dominum
642 779 816 866 arguebant
828 779 860 844 in
872 781 1012 847 sabbatis

14 897 153 961 ntem,
166 886 254 974 quod
265 883 409 974 quidem,
422 885 505 952 sicut
519 885 736 975 prediximus,
747 884 813 952 Lex
826 909 891 952 uon
904 888 1010 975 prohi-

14 1007 53 1058 t.
87 995 230 1060 Etenim
244 993 303 1083 ipsi
322 992 500 1060 secundum
515 991 634 1082 aliquid
650 996 817 1070 curabunt,
838 995 1012 1062 circumci-

14 1125 61 1168 :s
88 1103 264 1170 hominem
280 1103 312 1168 in
326 1103 476 1177 sebbnt03
492 1125 526 1168 se
541 1114 648 1167 sutem
663 1101 747 1191 ipsos
763 1124 827 1168 non
844 1103 1013 1193 redargue·

22 1261 35 1288 ,
77 1233 151 1303 per
174 1211 378 1279 traditionem
404 1222 436 1276 et
462 1210 648 1299 prodictam
673 1207 886 1278 Pharisaicam
909 1211 1011 1302 legem

14 1321 244 1412 §gredientcs
266 1332 461 1409 preceptum
480 1319 553 1396 Dei,
575 1331 608 1385 et
622 1331 818 1409 praeceptum
833 1319 925 1410 Legis
948 1343 1014 1388 non

13 1445 143 1509 entes,
160 1430 195 1498 id
213 1443 274 1507 est,
289 1430 494 1524 dilectionem
509 1451 579 1518 quse
593 1441 642 1497 est
656 1453 730 1520 erga
746 1430 861 1498 Deum
900 1459 901 1464 ¹

13 1545 36 1608 ζ.
56 1542 236 1623 Quoniam
247 1553 355 1610 autern
365 1540 429 1608 hoc
439 1540 579 1630 primum
589 1553 622 1607 et
633 1542 808 1608 maximum
819 1554 1014 1631 pracceptum

25 1675 186 1740 sequens
197 1663 305 1717 autem
316 1671 390 1741 erga
402 1651 595 1740 proximum,
608 1651 764 1718 Dominus
780 1651 902 1728 docuit,
913 1663 1015 1716 totam

13 1789 87 1848 ‚em
106 1775 143 1830 ct
156 1761 331 1852 Prophetas
352 1761 491 1851 pendere
507 1761 616 1829 dicens
629 1783 670 1826 cx
690 1761 765 1850 ipsis
780 1762 956 1850 praeceptis.
976 1763 1018 1828 Et

13 1899 23 1938 e
45 1885 169 1940 autem
184 1871 270 1938 aliud
286 1872 390 1961 majus
405 1870 468 1938 hoc
481 1883 641 1960 praecepto
657 1894 721 1938 nnn
734 1870 869 1938 detulit:
885 1870 943 1938 scd
954 1870 1018 1937 hoc

13 2007 76 2049 um
101 1977 270 2050 renovavit
289 1982 353 2048 suis
376 1978 551 2070 discipulis,
570 1981 688 2068 jubens
708 1981 753 2047 eis
768 1981 873 2046 Deum
889 1979 1018 2069 diligere

18 2105 96 2159 tcto
114 2093 228 2168 corde,
243 2104 276 2158 et
296 2103 428 2158 caeteros
442 2089 713 2179 quemadmodum
729 2113 772 2156 se.
797 2088 830 2154 Si
854 2102 960 2158 nutem
977 2091 1017 2157 ab

12 2227 30 2268 n
50 2202 273 2270 descendisset
286 2201 392 2278 Patre,
409 2223 573 2290 nunquam
585 2223 624 2266 ex
638 2199 721 2290 Lege
732 2199 836 2289 primo
848 2213 880 2266 et
891 2222 1018 2268 summo

12 2337 51 2378 ns
69 2324 154 2378 esset
170 2321 343 2400 praecepto,
359 2309 415 2378 sed
431 2311 540 2398 utique
554 2307 740 2376 omnimodo
754 2309 930 2377 eniteretur
945 2331 1016 2378 ma-

12 2446 25 2486 s
42 2421 112 2488 hoc
128 2444 144 2485 c
161 2421 303 2510 perlecto
321 2418 414 2486 Patre
429 2419 566 2496 deferre,
587 2441 652 2486 non
673 2438 712 2486 eo
732 2418 778 2484 uti
799 2421 886 2508 qnod
909 2443 927 2486 n
949 2421 1018 2486 Dec

12 2531 78 2618 egis
101 2529 206 2596 luisset
226 2531 348 2596 dotum.
366 2531 407 2596 Et
427 2528 543 2596 Paulus
562 2539 695 2596 autern:
716 2527 950 2618 «adimpletio,
967 2528 1019 2596 in-

12 2641 98 2728 quit,
111 2639 210 2730 Legis,
224 2638 374 2708 dilectio¹
390 2663 398 2706 t
413 2653 467 2706 »et
477 2639 625 2706 omnihus
636 2640 758 2706 caeteris
770 2639 1021 2714 evacuatis,mn-

12 2775 62 2818 ere
78 2751 188 2828 fidem,
204 2775 306 2842 spem,
324 2750 545 2826 dilectionem:
563 2753 719 2838 mojorem
741 2761 849 2815 sutem
864 2771 932 2815 esse
949 2771 1021 2815 om-

12 2867 75 2930 ium
95 2861 322 2931 dilectionem²
342 2886 350 2928 ε
368 2873 399 2927 et
420 2882 528 2950 neque
546 2860 741 2948 agnitionem
761 2858 829 2924 sine
850 2855 1021 2956 dilectione

12 2995 56 3037 nac
71 2984 120 3038 est
134 2995 207 3062 erga
222 2973 340 3048 Deum,
355 2981 505 3060 prostare
519 2966 655 3055 aliquid;
673 2989 778 3056 neque
793 2967 1020 3055 mysteriorum

12 3081 315 3170 omprehensionem,
338 3102 441 3167 neque
463 3077 574 3153 sudem,
596 3099 700 3165 neque
720 3076 937 3167 prophetiam
965 3078 1021 3144 sed

12 3193 96 3258 mnia
119 3211 218 3258 vacue
233 3203 266 3257 et
281 3189 396 3256 frustra
412 3210 481 3254 csse
495 3188 563 3254 sinc
582 3185 770 3254 dilectione¹
789 3209 797 3252 ε
817 3185 1021 3254 dilectionem

12 3299 223 3390 croperlicere
235 3299 412 3388 perlectum
423 3295 644 3370 hominemrct
656 3319 731 3361 eum
739 3296 793 3384 qui
805 3294 906 3385 diligit
917 3297 1022 3365 Deum

12 3435 59 3478 sse
74 3407 261 3499 perlectum,
274 3409 350 3474 etin
365 3406 428 3474 hoc
438 3429 519 3482 aevo,
532 3418 564 3472 et
577 3406 610 3472 in
621 3404 738 3472 luturo.
754 3405 925 3494 Nunquam
935 3407 1022 3476 enim

12 3522 163 3588 ‚esinirnus
186 3519 351 3611 diligentes
373 3517 478 3586 Deum
485 3542 495 3593 ;
513 3516 572 3584 sed
593 3528 711 3606 quanto
732 3515 804 3606 plus
822 3539 897 3583 eum
915 3517 1022 3586 intuiti

12 3632 155 3706 norimus,
170 3641 259 3696 uoto
273 3628 345 3718 plus
359 3649 436 3694 cnm
450 3625 619 3728 diligimus.

40 3740 96 3807 111.
113 3739 148 3806 ln
164 3737 249 3830 Lege
267 3739 364 3829 igitur
385 3750 417 3804 et
437 3737 470 3804 in
488 3735 659 3828 Evangelio
678 3757 753 3804 cum
774 3737 814 3803 sit
834 3735 974 3826 primum
990 3749 1023 3804 et

12 3849 164 3916 unximum
184 3861 397 3940 preceptum,
419 3845 549 3937 diligere
571 3847 744 3916 Dominum
764 3847 867 3916 Deum
891 3871 931 3916 ex
956 3861 1024 3916 toto

35 3983 42 4017 ¹
54 3983 122 4032 Rom.
132 3999 187 4040 rna,
202 3997 239 4032 rc.
248 3981 299 4021 ...t
314 3999 323 4030 ι
337 3982 396 4034 Cor.
409 3997 464 4042 arur,
478 3979 514 4031 ιδ.
529 3976 577 4017 -t
587 3944 651 4028 liat.
663 3995 685 4026 ι.

793 4067 843 4127 28.
