2606 4620
311 235 369 280 'nr
396 237 529 279 ataoauu
552 229 768 276 rnanauonuu:
988 198 1051 276 485

22 339 158 424 quidem
183 339 303 406 auxilio·
324 343 482 416 dcstituti,
505 365 615 406 verum
635 336 773 404 roborati
793 357 810 398 a
829 333 916 406 Deo,
937 341 970 394 et
989 339 1054 392 tam

20 449 126 511 animi
141 472 236 535 quam
252 453 393 539 corporis
408 453 515 538 vigore
530 451 668 514 firmati:
685 446 738 534 qui
753 443 882 532 quidem
898 438 1054 506 accende-

18 555 107 618 bant
119 569 261 631 caeteros,
274 569 307 622 ct
318 557 571 623 consolabantur.
589 554 648 622 Alii
658 548 865 624 veronorelli,
876 547 931 635 qui
944 565 1054 612 recens

21 662 250 746 comprehensi
271 665 410 737 fuerunt,
433 687 569 750 quorum
589 681 720 748 corpora
742 656 935 728 cruciatibus
956 651 1056 740 Perse·

23 765 138 828 rendis
153 769 296 832 nondum
310 780 523 843 assueverant,
544 791 618 833 cum
638 767 821 855 gravitatem
840 760 976 828 carceris
991 757 1055 846 pati

25 895 95 935 non
112 885 251 958 possent,
269 875 299 938 in
316 876 380 963 ipsa
396 875 538 941 custodia
554 873 762 961 exspirarunt.

73 971 132 1042 IX.
152 979 354 1046 beatissimus
368 995 474 1047 autem
489 982 654 1055 Pothinus,
673 982 727 1076 qui
743 980 958 1067 episcopatum
973 975 1054 1062 Lug-

25 1083 181 1149 dunensis
207 1087 347 1152 ecclesiae
373 1088 626 1162 administrabat,
651 1086 863 1174 nonagenario
885 1085 999 1170 major,
1023 1095 1056 1146 et

24 1214 163 1278 corpore
178 1195 350 1260 admodum
370 1197 495 1261 inlirmo
511 1197 550 1261 ob
567 1207 754 1283 praesentem
770 1194 898 1281 quidem
913 1191 1053 1278 corporis

22 1301 277 1367 imbecillitatem
295 1327 377 1394 aegre
396 1305 540 1392 spiritum
556 1304 696 1378 trahens,
716 1314 867 1384 ceterum
882 1323 950 1386 prae
961 1298 1055 1385 cupi-

22 1407 127 1470 ditate
143 1410 333 1477 imminentis
348 1414 491 1500 martyrii
505 1411 642 1477 mirabili
657 1410 819 1476 alacritate
835 1406 1055 1472 animidirma-

23 1527 92 1588 tus,
109 1516 204 1580 etiam
215 1518 280 1603 ipse
292 1520 332 1583 ad
344 1520 483 1585 tribunal
499 1521 660 1584 serebatur
672 1543 680 1582 ε
700 1540 834 1605 corpore
846 1516 975 1603 quidem
987 1535 1054 1602 par

20 1621 85 1683 tim
105 1623 151 1684 ob
165 1637 373 1700 senectutem,
394 1627 510 1714 partim
528 1627 559 1689 vi
579 1627 682 1690 morbi
701 1625 826 1712 penitus
845 1623 997 1688 exhausto
1010 1643 1055 1686 ac

20 1726 148 1799 soluto;
167 1731 304 1796 animam
320 1757 395 1798 vero
411 1735 517 1799 adbuc
532 1734 683 1807 retinens,
704 1745 739 1797 ut
753 1754 812 1819 per
825 1753 894 1795 eam
910 1730 1053 1794 Christus

20 1835 247 1921 triumpharet.
268 1839 410 1905 Perlatus
431 1841 524 1928 igitur
542 1862 559 1903 a
576 1839 728 1904 militibus
747 1839 788 1902 ad
806 1835 956 1912 tribuual,
978 1860 1054 1924 pro-

21 1944 231 2026 sequentibus
243 1947 346 2034 ipsum
358 1949 591 2036 magistratibus
604 1948 750 2022 civitatis,
762 1958 794 2010 et
806 1945 949 2010 universa
961 1943 1052 2031 plebe

21 2052 121 2116 variis
133 2075 207 2116 eum
218 2054 499 2121 acclamationibus
509 2057 692 2144 impetente,
710 2067 859 2142 tanquam
871 2056 936 2141 ipse
949 2053 1053 2118 Chris·

20 2171 78 2221 tus
93 2173 187 2233 esset,
203 2164 364 2249 egregium
383 2165 482 2228 edidit
497 2165 722 2228 testimonium.
745 2163 957 2250 Interrogatus
975 2185 1050 2227 vero

18 2289 40 2327 a
59 2265 203 2350 praeside,
224 2267 368 2351 quisnam
384 2282 465 2332 esset
481 2269 733 2334 Christianorum
747 2268 845 2341 Deus,
867 2268 1047 2354 respoudit:

19 2369 66 2432 St
77 2371 197 2457 dignus
207 2373 320 2456 fucris,
340 2397 514 2462 cognosces.
532 2375 606 2438 Post
620 2376 688 2440 haec
702 2375 820 2462 absque
833 2373 896 2438 ullo
908 2375 1053 2439 humani-

20 2476 98 2539 tatis
110 2491 253 2564 respectu
266 2491 419 2568 raptatus,
437 2496 529 2570 atque
542 2483 715 2548 innumeris
727 2481 824 2570 plagis
836 2483 967 2548 affectus
978 2495 1026 2546 est
1041 2507 1048 2548 ε

18 2607 99 2648 cum
118 2585 138 2647 ii
155 2586 282 2671 quidem
301 2592 354 2675 qui
374 2592 503 2678 propius
522 2591 702 2666 adstabant,
724 2590 864 2656 calcibus
886 2603 918 2655 et
937 2593 1050 2678 pugnis

19 2689 113 2754 illum
129 2693 357 2760 contumeliose
373 2691 571 2786 appeterent,
589 2721 650 2763 nec
666 2697 762 2762 ullam
777 2698 847 2783 ejus
861 2698 944 2761 aetati
960 2721 1051 2762 reve-

18 2798 159 2862 rentiam
178 2800 379 2874 exhiberentr
402 2806 455 2890 qui
476 2828 549 2869 vero
568 2804 690 2893 longius
709 2806 879 2880 distabant,
897 2805 1050 2891 quidquid

20 2903 65 2966 ad
84 2926 213 2969 manum
228 2919 297 2972 erat
312 2908 344 2972 iu
359 2911 462 2996 ipsum
474 2911 672 2996 conjicerent
678 2936 687 2983 ;
703 2933 815 2975 omnes
825 2911 961 2997 denique
974 2935 1047 2999 gra-

19 3009 141 3074 vissimi
158 3010 263 3078 delicti
280 3037 318 3080 ac
333 3017 448 3102 piaculi
465 3041 535 3082 reos
552 3041 585 3081 se
600 3019 827 3096 existimarent,
847 3019 906 3084 nisi
920 3042 978 3107 pro
994 3043 1049 3084 sua

19 3113 155 3200 quisque
176 3130 264 3202 parte
283 3122 311 3184 ei
331 3110 507 3206 petulanter
526 3122 677 3192 insultare
696 3127 897 3192 studuissent.
922 3127 1049 3215 Quippe

20 3223 87 3286 boc
102 3223 197 3287 modo
213 3224 360 3311 injuriam
377 3229 508 3295 deorum
523 3256 654 3298 suorum
668 3233 790 3299 ulturos
805 3257 838 3298 se
853 3235 1049 3300 arbitraban-

18 3342 84 3394 tur.
107 3331 230 3396 Exinde
249 3335 299 3397 vix
318 3335 423 3402 adbuc
442 3341 562 3425 spirans
582 3343 614 3407 in
633 3365 794 3408 carcerem
812 3342 974 3428 projectus
988 3355 1049 3416 est,

16 3436 214 3524 tandemque
228 3451 300 3526 post
313 3442 447 3508 biduum
463 3447 601 3511 animam
614 3447 779 3535 exhalarit.

64 3543 107 3608 X.
128 3546 188 3610 llic
204 3570 278 3613 vero
293 3550 459 3638 singularis
479 3554 623 3641 quaedam
640 3555 699 3619 Dei
718 3555 919 3644 dispensatio,
939 3570 971 3623 et
987 3560 1048 3624 im-

16 3673 129 3714 mensa
150 3651 227 3717 Jesu
251 3656 368 3723 Christi
391 3661 606 3728 misericordia
629 3664 799 3750 apparuit:
827 3687 898 3730 raro
920 3667 1048 3751 quidem

15 3758 102 3822 inter
121 3758 232 3828 tratres
254 3767 410 3854 exemplo,
436 3769 492 3835 sed
512 3793 529 3836 a
552 3771 738 3838 dexteritate
759 3771 948 3860 ingenioque
971 3773 1049 3842 Jesu
