2646 4628
370 287 432 352 286
503 360 505 364 y
689 303 803 350 sarcrr
826 305 943 349 sanans
970 304 1035 348 ur.
1062 304 1085 346 u

364 419 455 484 beret
475 413 631 504 optimum
652 413 816 482 donaverit
837 416 878 482 ei.
901 416 1017 505 ipsam
1033 424 1134 479 autem
1153 411 1246 478 adrian

365 524 559 612 reliquarum
573 524 795 612 operationum
806 524 1052 592 indifferentem
1064 522 1248 589 sententiane

365 646 478 725 putent
492 655 510 698 a
526 633 654 701 nemine
669 634 702 700 in
718 643 823 700 totum
836 655 930 724 posse
946 631 1149 720 coinquinari
1159 643 1248 718 prqtog

364 744 540 818 rositatem,
558 740 634 807 lieet
648 741 873 830 quodcumque
893 739 1102 808 manducent
1118 735 1160 802 rel
1174 760 1251 825 opera.

366 853 495 941 Cynicis
506 849 729 939 possederunt,
740 873 817 920 cum
828 851 891 918 sint
902 874 984 918 cum
997 850 1049 916 eis
1059 847 1185 936 ejusden
1193 859 1253 910 teta

363 965 404 1030 Et
419 959 689 1050 minutiloquium,
705 973 738 1027 et
760 960 972 1028 subtilitatem
997 961 1090 1026 circa
1109 956 1253 1046 quastiom

363 1075 404 1140 sit
418 1070 669 1148 Aristotelicum,
686 1072 802 1138 inferre
817 1071 890 1138 lidei
903 1083 1085 1138 conantur.

407 1179 725 1262 Quodautemvelint
735 1183 769 1248 in
780 1205 930 1248 numeros
940 1181 1121 1248 transferre
1132 1171 1253 1242 universal

362 1315 380 1358 a
399 1291 616 1382 Pythagoricis
635 1305 839 1381 acceperunt
863 1291 1015 1360 Primum
1031 1292 1119 1358 enim
1136 1287 1164 1352 bi
1183 1285 1253 1348 initiat

362 1403 452 1469 nium
466 1425 616 1468 numeros
632 1402 876 1478 substituerunt,
892 1415 925 1470 et
939 1403 1080 1468 initium
1093 1401 1209 1489 ipsorum
1219 1415 1253 1485 qut

360 1512 528 1600 imparem,
544 1532 584 1574 ex
598 1510 713 1598 quibus
727 1521 760 1575 et
773 1533 811 1576 aa
826 1533 897 1598 quae
915 1509 1087 1578 sensibilia
1105 1517 1137 1574 et
1152 1508 1242 1572 ben:

361 1621 578 1710 subjecerunt.
591 1621 632 1686 Et
647 1617 746 1685 altera
761 1619 892 1708 quidem
908 1619 1149 1688 substitutionis
1159 1617 1245 1682 initiae

361 1745 428 1798 tera
443 1740 552 1797 autem
566 1730 751 1796 sensationis
765 1741 798 1795 et
813 1731 1023 1798 substantie:
1040 1729 1192 1818 exquibus
1221 1725 1237 1774 '-

360 1843 413 1910 nia
427 1839 567 1930 perlecta
583 1840 708 1916 dieunt,
724 1841 996 1928 quemadmodum
1015 1852 1155 1908 statuam
1170 1835 1247 1900 tce:

360 1963 391 2018 et
407 1949 447 2017 de
462 1949 662 2016 formatione.
679 1951 750 2016 lloc
763 1963 871 2016 autem
886 1951 908 2016 ii
923 1951 973 2017 bis
988 1952 1050 2040 qui
1067 1960 1142 2015 sunt
1154 1959 1211 2010 extra
1229 1971 1240 2000 r-

360 2069 558 2150 aptaverunt.
573 2058 767 2125 Senaationis
781 2073 888 2126 autem
900 2061 987 2126 initia
1002 2061 1166 2132 dixerunt,
1175 2055 1237 2137 inqu

360 2193 413 2236 sus
425 2166 601 2257 intelligens
612 2179 660 2233 est
670 2169 741 2256 ejus
752 2169 838 2257 quod
849 2170 988 2259 primum
1000 2173 1235 2258 assumptunatt

360 2279 568 2368 quoadusque
588 2277 756 2368 defatigata
771 2279 812 2344 ad
830 2302 931 2346 unum
950 2291 982 2346 et
1003 2275 1187 2348 indivisibile
1229 2276 1243 2310 ·’

360 2391 401 2456 Et
415 2411 483 2456 esse
498 2388 643 2454 omnium
659 2387 798 2464 initium,
813 2400 847 2454 et
863 2390 1081 2457 substantiam
1100 2387 1222 2458 umnec,
1240 2397 1241 2400 ’

360 2499 453 2566 tionis
468 2499 551 2573 llen,
568 2495 676 2572 idest,
694 2520 811 2571 unums
830 2523 869 2564 ex
883 2499 946 2566 boc
960 2509 1075 2566 autem
1091 2491 1237 2587 dysteos*

360 2603 918 2695 dem,etpentadem,etreliquorum
925 2593 1225 2694 multifariamgenat¹

357 2716 428 2782 baec
441 2714 475 2779 bi
486 2713 527 2778 ad
539 2714 671 2779 verbum
683 2711 723 2778 de
734 2712 933 2782 Plenitudine
949 2739 1087 2784 suorum
1100 2725 1132 2782 et
1142 2699 1235 2798 nque
1250 2697 1253 2764 l

358 2824 442 2890 unde
457 2824 554 2889 etiam
568 2833 601 2889 et
614 2847 667 2890 eas
683 2847 753 2912 quae
765 2837 842 2892 sunt
852 2826 892 2892 de
903 2849 981 2903 uno,
994 2824 1209 2916 conjugationes
1228 2807 1231 2814 ¹

357 2946 410 2999 tur
421 2932 638 3008 introducere,
651 2956 722 3022 que
733 2933 860 3002 Marcus
873 2935 958 3002 velut
968 2959 1024 3002 sua
1035 2939 1169 3026 jactans,
1178 2922 1236 2994 ,elau

357 3040 477 3130 aliquid
501 3041 585 3108 visus
606 3053 654 3108 est
676 3056 793 3131 preter
815 3043 953 3136 reliquos
970 3046 1175 3114 adinvenisset
1191 3026 1240 3117 Pub,

331 3199 340 3216 ι
356 3153 738 3245 quaternationem,relut
746 3160 876 3248 genesin
884 3172 916 3226 et
924 3173 1063 3226 matrem
1074 3155 1214 3227 οπιπὶιιθν
1238 3184 1241 3192 ·

398 3261 549 3329 Dicemus
568 3271 677 3329 autem
700 3265 851 3333 adversus
868 3291 923 3334 eoa
941 3291 950 3334 τ
973 3269 1130 3334 Utrumne
1147 3262 1240 3329 Ιπὶπθθν

352 3372 495 3462 praedicti
516 3382 604 3447 sunt,
621 3394 696 3438 cum
714 3378 829 3463 quibua
844 3378 957 3444 eedem
979 3379 1121 3446 dicentes
1134 3353 1241 3459 ππεπιθὼν

353 3492 532 3571 gnorerunt
552 3481 730 3560 veritatem,
746 3498 802 3550 aut
819 3509 885 3554 non
904 3484 1141 3578 cognoverunt?
1158 3470 1253 3602 naq

354 3601 584 3678 cognoverunt,
598 3591 758 3680 superflua
773 3608 822 3660 est
837 3594 1009 3663 Salvatoris
1023 3599 1057 3664 in
1068 3577 1251 3666 buncuttsslll‘

353 3697 485 3762 scando.
505 3695 626 3786 thuid
639 3701 725 3766 enim
741 3702 977 3770 descendebat?
992 3701 1148 3794 Numquid
1160 3707 1187 3762 ut
1195 3704 1253 3817 ὼν]

353 3806 606 3890 cognoscebatur
631 3811 758 3886 veritas,
785 3812 818 3878 in
843 3813 1039 3902 agnitionem
1058 3792 1234 3882 adduceretll

352 3927 549 4000 ννὸὼθνθθθῑ
570 3940 642 3986 enm
663 3919 868 3990 hominibusi
889 3923 924 3994 Si
943 3937 1052 3995 autem
1066 3947 1127 3994 non
1140 3917 1245 4003 οπςθθννν

1240 3812 1244 3832 t

1247 3854 1249 3869 ι
