<?xml version="1.0" encoding="UTF-8"?>
<!DOCTYPE html PUBLIC "-//W3C//DTD XHTML 1.0 Transitional//EN"
    "http://www.w3.org/TR/xhtml1/DTD/xhtml1-transitional.dtd">
<html xmlns="http://www.w3.org/1999/xhtml" xml:lang="en" lang="en">
 <head>
  <title>
</title>
<meta http-equiv="Content-Type" content="text/html;charset=utf-8" />
  <meta name='ocr-system' content='tesseract 3.04.00' />
  <meta name='ocr-capabilities' content='ocr_page ocr_carea ocr_par ocr_line ocrx_word'/>
</head>
<body>
  <div class='ocr_page' id='page_1' title='image "./collectioselect02guilgoog_0567.png"; bbox 0 0 2630 4614; ppageno 0'>
   <div class='ocr_carea' id='block_1_1' title="bbox 364 237 975 325">
    <p class='ocr_par' dir='ltr' id='par_1_1' title="bbox 364 237 975 325">
     <span class='ocr_line' id='line_1_1' title="bbox 364 237 975 325; baseline -0.023 -10"><span class='ocrx_word' id='word_1_1' title='bbox 364 237 403 300; x_wconf 76' lang='lat'><strong>⁰2</strong></span> <span class='ocrx_word' id='word_1_2' title='bbox 767 259 975 325; x_wconf 76' lang='lat' dir='ltr'><strong>aronnacomz</strong></span> 
     </span>
    </p>
   </div>
   <div class='ocr_carea' id='block_1_2' title="bbox 361 365 1255 2296">
    <p class='ocr_par' dir='ltr' id='par_1_2' title="bbox 363 365 1246 560">
     <span class='ocr_line' id='line_1_2' title="bbox 363 365 1246 454; baseline 0.009 -24"><span class='ocrx_word' id='word_1_3' title='bbox 363 367 478 431; x_wconf 81' lang='lat' dir='ltr'><strong>habero</strong></span> <span class='ocrx_word' id='word_1_4' title='bbox 492 365 680 438; x_wconf 79' lang='lat' dir='ltr'><strong>videbimur,</strong></span> <span class='ocrx_word' id='word_1_5' title='bbox 696 377 731 428; x_wconf 84' lang='lat' dir='ltr'><strong>ut</strong></span> <span class='ocrx_word' id='word_1_6' title='bbox 750 366 803 451; x_wconf 86' lang='lat' dir='ltr'><strong>qui</strong></span> <span class='ocrx_word' id='word_1_7' title='bbox 820 379 937 432; x_wconf 80' lang='lat' dir='ltr'><strong>aeterno</strong></span> <span class='ocrx_word' id='word_1_8' title='bbox 950 367 1246 454; x_wconf 64' lang='lat' dir='ltr'><strong>adaperuerunt</strong></span> 
     </span>
     <span class='ocr_line' id='line_1_3' title="bbox 363 472 772 560; baseline -0.002 -22"><span class='ocrx_word' id='word_1_9' title='bbox 363 472 509 538; x_wconf 83' lang='lat' dir='ltr'><strong>solutioni</strong></span> <span class='ocrx_word' id='word_1_10' title='bbox 523 483 555 538; x_wconf 90' lang='lat' dir='ltr'><strong>et</strong></span> <span class='ocrx_word' id='word_1_11' title='bbox 570 473 772 560; x_wconf 89' lang='lat' dir='ltr'><strong>corruptioni.</strong></span> 
     </span>
    </p>

    <p class='ocr_par' dir='ltr' id='par_1_3' title="bbox 361 577 1255 2296">
     <span class='ocr_line' id='line_1_4' title="bbox 406 577 1247 674; baseline 0.004 -28"><span class='ocrx_word' id='word_1_12' title='bbox 406 580 492 646; x_wconf 83' lang='lat' dir='ltr'>xvl.</span> <span class='ocrx_word' id='word_1_13' title='bbox 509 577 679 645; x_wconf 83' lang='lat' dir='ltr'><strong>Praeclnrns</strong></span> <span class='ocrx_word' id='word_1_14' title='bbox 695 580 822 666; x_wconf 85' lang='lat' dir='ltr'><strong>quidem</strong></span> <span class='ocrx_word' id='word_1_15' title='bbox 834 583 971 648; x_wconf 85' lang='lat' dir='ltr'><strong>mundus</strong></span> <span class='ocrx_word' id='word_1_16' title='bbox 986 595 1046 648; x_wconf 88' lang='lat' dir='ltr'><strong>tum</strong></span> <span class='ocrx_word' id='word_1_17' title='bbox 1058 586 1247 674; x_wconf 59' lang='lat' dir='ltr'><strong>magnitudinem</strong></span> 
     </span>
     <span class='ocr_line' id='line_1_5' title="bbox 364 686 1247 780; baseline 0.006 -27"><span class='ocrx_word' id='word_1_18' title='bbox 364 689 468 753; x_wconf 83' lang='lat' dir='ltr'><strong>omnia</strong></span> <span class='ocrx_word' id='word_1_19' title='bbox 483 686 715 776; x_wconf 71' lang='lat' dir='ltr'><strong>complectitur,</strong></span> <span class='ocrx_word' id='word_1_20' title='bbox 731 699 799 752; x_wconf 89' lang='lat' dir='ltr'><strong>tum</strong></span> <span class='ocrx_word' id='word_1_21' title='bbox 812 711 923 754; x_wconf 87' lang='lat' dir='ltr'><strong>eorum</strong></span> <span class='ocrx_word' id='word_1_22' title='bbox 935 713 1002 777; x_wconf 81' lang='lat' dir='ltr'><strong>quae</strong></span> <span class='ocrx_word' id='word_1_23' title='bbox 1015 692 1044 756; x_wconf 94' lang='lat' dir='ltr'><strong>in</strong></span> <span class='ocrx_word' id='word_1_24' title='bbox 1056 690 1156 780; x_wconf 83' lang='lat' dir='ltr'><strong>obliquo</strong></span> <span class='ocrx_word' id='word_1_25' title='bbox 1164 695 1247 760; x_wconf 69' lang='lat' dir='ltr'><strong>circio:</strong></span> 
     </span>
     <span class='ocr_line' id='line_1_6' title="bbox 363 796 1246 888; baseline 0.005 -30"><span class='ocrx_word' id='word_1_26' title='bbox 363 817 474 859; x_wconf 89' lang='lat' dir='ltr'><strong>eorum</strong></span> <span class='ocrx_word' id='word_1_27' title='bbox 495 818 563 880; x_wconf 85' lang='lat' dir='ltr'><strong>quae</strong></span> <span class='ocrx_word' id='word_1_28' title='bbox 584 796 667 862; x_wconf 82' lang='lat' dir='ltr'><strong>circa</strong></span> <span class='ocrx_word' id='word_1_29' title='bbox 685 798 942 885; x_wconf 78' lang='lat' dir='ltr'><strong>septentrionem,</strong></span> <span class='ocrx_word' id='word_1_30' title='bbox 964 799 1147 888; x_wconf 72' lang='lat' dir='ltr'>dispositione,</span> <span class='ocrx_word' id='word_1_31' title='bbox 1161 814 1202 864; x_wconf 90' lang='lat' dir='ltr'><strong>tun</strong></span> <span class='ocrx_word' id='word_1_32' title='bbox 1212 805 1246 862; x_wconf 75' lang='lat' dir='ltr'><strong>cic</strong></span> 
     </span>
     <span class='ocr_line' id='line_1_7' title="bbox 364 901 1247 991; baseline 0.005 -25"><span class='ocrx_word' id='word_1_33' title='bbox 364 903 464 991; x_wconf 78' lang='lat' dir='ltr'><strong>figura</strong></span> <span class='ocrx_word' id='word_1_34' title='bbox 479 901 644 990; x_wconf 68' lang='lat' dir='ltr'><strong>sphaericat</strong></span> <span class='ocrx_word' id='word_1_35' title='bbox 659 927 723 970; x_wconf 92' lang='lat' dir='ltr'><strong>non</strong></span> <span class='ocrx_word' id='word_1_36' title='bbox 738 903 789 969; x_wconf 89' lang='lat' dir='ltr'><strong>ille</strong></span> <span class='ocrx_word' id='word_1_37' title='bbox 801 917 919 982; x_wconf 84' lang='lat' dir='ltr'><strong>tomen,</strong></span> <span class='ocrx_word' id='word_1_38' title='bbox 934 908 989 972; x_wconf 81' lang='lat' dir='ltr'><strong>sed</strong></span> <span class='ocrx_word' id='word_1_39' title='bbox 1000 908 1096 973; x_wconf 78' lang='lat' dir='ltr'><strong>artifex</strong></span> <span class='ocrx_word' id='word_1_40' title='bbox 1104 909 1247 973; x_wconf 65' lang='lat' dir='ltr'><strong>adorarunt</strong></span> 
     </span>
     <span class='ocr_line' id='line_1_8' title="bbox 364 1011 1248 1104; baseline -0.002 -28"><span class='ocrx_word' id='word_1_41' title='bbox 364 1035 425 1098; x_wconf 89' lang='lat' dir='ltr'><strong>que</strong></span> <span class='ocrx_word' id='word_1_42' title='bbox 439 1011 523 1076; x_wconf 92' lang='lat' dir='ltr'><strong>enim</strong></span> <span class='ocrx_word' id='word_1_43' title='bbox 538 1012 592 1098; x_wconf 89' lang='lat' dir='ltr'><strong>qui</strong></span> <span class='ocrx_word' id='word_1_44' title='bbox 606 1012 647 1077; x_wconf 83' lang='lat' dir='ltr'><strong>ad</strong></span> <span class='ocrx_word' id='word_1_45' title='bbox 658 1035 710 1078; x_wconf 81' lang='lat' dir='ltr'><strong>vos</strong></span> <span class='ocrx_word' id='word_1_46' title='bbox 725 1014 882 1078; x_wconf 81' lang='lat' dir='ltr'><strong>accedunt</strong></span> <span class='ocrx_word' id='word_1_47' title='bbox 896 1016 1025 1093; x_wconf 83' lang='lat' dir='ltr'><strong>subditi,</strong></span> <span class='ocrx_word' id='word_1_48' title='bbox 1036 1017 1111 1081; x_wconf 81' lang='lat' dir='ltr'><strong>vobio</strong></span> <span class='ocrx_word' id='word_1_49' title='bbox 1121 1017 1248 1104; x_wconf 75' lang='lat' dir='ltr'><strong>principitor</strong></span> 
     </span>
     <span class='ocr_line' id='line_1_9' title="bbox 363 1119 1248 1213; baseline 0.001 -29"><span class='ocrx_word' id='word_1_50' title='bbox 363 1119 509 1194; x_wconf 86' lang='lat' dir='ltr'><strong>dominis,</strong></span> <span class='ocrx_word' id='word_1_51' title='bbox 526 1141 544 1183; x_wconf 90' lang='lat' dir='ltr'><strong>a</strong></span> <span class='ocrx_word' id='word_1_52' title='bbox 564 1120 677 1208; x_wconf 87' lang='lat' dir='ltr'><strong>quibus</strong></span> <span class='ocrx_word' id='word_1_53' title='bbox 697 1142 771 1185; x_wconf 82' lang='lat' dir='ltr'><strong>sune</strong></span> <span class='ocrx_word' id='word_1_54' title='bbox 789 1143 826 1184; x_wconf 90' lang='lat' dir='ltr'><strong>ea</strong></span> <span class='ocrx_word' id='word_1_55' title='bbox 845 1123 960 1209; x_wconf 85' lang='lat' dir='ltr'><strong>quibua</strong></span> <span class='ocrx_word' id='word_1_56' title='bbox 979 1123 1105 1213; x_wconf 76' lang='lat' dir='ltr'><strong>indigent</strong></span> <span class='ocrx_word' id='word_1_57' title='bbox 1119 1137 1248 1208; x_wconf 63' lang='lat' dir='ltr'><strong>musteum.</strong></span> 
     </span>
     <span class='ocr_line' id='line_1_10' title="bbox 363 1225 1247 1316; baseline -0.006 -24"><span class='ocrx_word' id='word_1_58' title='bbox 363 1226 547 1302; x_wconf 75' lang='lat' dir='ltr'>insalutatis,</span> <span class='ocrx_word' id='word_1_59' title='bbox 558 1227 598 1291; x_wconf 89' lang='lat' dir='ltr'><strong>ad</strong></span> <span class='ocrx_word' id='word_1_60' title='bbox 610 1225 714 1313; x_wconf 84' lang='lat' dir='ltr'><strong>pnlotii</strong></span> <span class='ocrx_word' id='word_1_61' title='bbox 727 1227 819 1292; x_wconf 78' lang='lat' dir='ltr'><strong>vestri</strong></span> <span class='ocrx_word' id='word_1_62' title='bbox 830 1228 1088 1316; x_wconf 76' lang='lat' dir='ltr'><strong>magnificentiam</strong></span> <span class='ocrx_word' id='word_1_63' title='bbox 1096 1229 1247 1316; x_wconf 68' lang='lat' dir='ltr'><strong>coniup&#39;ncn</strong></span> 
     </span>
     <span class='ocr_line' id='line_1_11' title="bbox 362 1334 1247 1425; baseline -0.007 -23"><span class='ocrx_word' id='word_1_64' title='bbox 362 1337 480 1425; x_wconf 80' lang='lat' dir='ltr'><strong>regiam</strong></span> <span class='ocrx_word' id='word_1_65' title='bbox 501 1335 628 1423; x_wconf 85' lang='lat' dir='ltr'><strong>quidem</strong></span> <span class='ocrx_word' id='word_1_66' title='bbox 651 1334 780 1400; x_wconf 92' lang='lat' dir='ltr'><strong>domum</strong></span> <span class='ocrx_word' id='word_1_67' title='bbox 795 1335 897 1400; x_wconf 87' lang='lat' dir='ltr'><strong>obiter</strong></span> <span class='ocrx_word' id='word_1_68' title='bbox 911 1349 1093 1425; x_wconf 70' lang='lat' dir='ltr'><strong>spectantes,</strong></span> <span class='ocrx_word' id='word_1_69' title='bbox 1105 1335 1204 1425; x_wconf 78' lang='lat' dir='ltr'><strong>preclaro</strong></span> <span class='ocrx_word' id='word_1_70' title='bbox 1214 1335 1247 1396; x_wconf 64' lang='lat' dir='ltr'><strong>,to</strong></span> 
     </span>
     <span class='ocr_line' id='line_1_12' title="bbox 362 1443 1247 1534; baseline -0.005 -24"><span class='ocrx_word' id='word_1_71' title='bbox 362 1457 467 1510; x_wconf 88' lang='lat' dir='ltr'><strong>nntom</strong></span> <span class='ocrx_word' id='word_1_72' title='bbox 489 1443 654 1517; x_wconf 80' lang='lat' dir='ltr'><strong>mirantur,</strong></span> <span class='ocrx_word' id='word_1_73' title='bbox 678 1466 732 1508; x_wconf 84' lang='lat' dir='ltr'><strong>vos</strong></span> <span class='ocrx_word' id='word_1_74' title='bbox 754 1455 859 1508; x_wconf 85' lang='lat' dir='ltr'><strong>cutem</strong></span> <span class='ocrx_word' id='word_1_75' title='bbox 883 1445 971 1510; x_wconf 91' lang='lat' dir='ltr'><strong>omui</strong></span> <span class='ocrx_word' id='word_1_76' title='bbox 993 1467 1110 1534; x_wconf 82' lang='lat' dir='ltr'><strong>prorsus</strong></span> <span class='ocrx_word' id='word_1_77' title='bbox 1120 1444 1198 1508; x_wconf 86' lang='lat' dir='ltr'><strong>horon</strong></span> <span class='ocrx_word' id='word_1_78' title='bbox 1207 1463 1247 1527; x_wconf 70' lang='lat' dir='ltr'><strong>pu</strong></span> 
     </span>
     <span class='ocr_line' id='line_1_13' title="bbox 361 1550 1247 1643; baseline -0.01 -24"><span class='ocrx_word' id='word_1_79' title='bbox 361 1566 523 1643; x_wconf 86' lang='lat' dir='ltr'><strong>quuntnr:</strong></span> <span class='ocrx_word' id='word_1_80' title='bbox 545 1574 583 1617; x_wconf 82' lang='lat' dir='ltr'><strong>oc</strong></span> <span class='ocrx_word' id='word_1_81' title='bbox 603 1574 659 1616; x_wconf 83' lang='lat' dir='ltr'><strong>vos</strong></span> <span class='ocrx_word' id='word_1_82' title='bbox 674 1550 814 1639; x_wconf 88' lang='lat' dir='ltr'><strong>quidem,</strong></span> <span class='ocrx_word' id='word_1_83' title='bbox 830 1551 942 1642; x_wconf 76' lang='lat' dir='ltr'><strong>Reges,</strong></span> <span class='ocrx_word' id='word_1_84' title='bbox 966 1555 1053 1621; x_wconf 83' lang='lat' dir='ltr'><strong>vohis</strong></span> <span class='ocrx_word' id='word_1_85' title='bbox 1072 1555 1118 1642; x_wconf 83' lang='lat' dir='ltr'><strong>ipsi</strong></span> <span class='ocrx_word' id='word_1_86' title='bbox 1132 1553 1195 1640; x_wconf 68' lang='lat' dir='ltr'><strong>regin</strong></span> <span class='ocrx_word' id='word_1_87' title='bbox 1206 1551 1247 1611; x_wconf 61' lang='lat' dir='ltr'><strong>iou*</strong></span> 
     </span>
     <span class='ocr_line' id='line_1_14' title="bbox 363 1657 1247 1748; baseline -0.007 -19"><span class='ocrx_word' id='word_1_88' title='bbox 363 1663 528 1729; x_wconf 80' lang='lat' dir='ltr'><strong>adornetis.</strong></span> <span class='ocrx_word' id='word_1_89' title='bbox 550 1660 684 1725; x_wconf 86' lang='lat' dir='ltr'><strong>Mundus</strong></span> <span class='ocrx_word' id='word_1_90' title='bbox 701 1671 807 1726; x_wconf 85' lang='lat' dir='ltr'><strong>autem</strong></span> <span class='ocrx_word' id='word_1_91' title='bbox 822 1682 884 1725; x_wconf 93' lang='lat' dir='ltr'><strong>non</strong></span> <span class='ocrx_word' id='word_1_92' title='bbox 899 1661 972 1727; x_wconf 88' lang='lat' dir='ltr'><strong>ideo</strong></span> <span class='ocrx_word' id='word_1_93' title='bbox 988 1657 1247 1748; x_wconf 59' lang='lat' dir='ltr'><strong>scotunquodooirip·</strong></span> 
     </span>
     <span class='ocr_line' id='line_1_15' title="bbox 363 1769 1243 1857; baseline -0.008 -18"><span class='ocrx_word' id='word_1_94' title='bbox 363 1786 411 1839; x_wconf 86' lang='lat' dir='ltr'><strong>ret</strong></span> <span class='ocrx_word' id='word_1_95' title='bbox 422 1773 523 1838; x_wconf 86' lang='lat' dir='ltr'><strong>Deus:</strong></span> <span class='ocrx_word' id='word_1_96' title='bbox 537 1770 642 1836; x_wconf 86' lang='lat' dir='ltr'><strong>omnin</strong></span> <span class='ocrx_word' id='word_1_97' title='bbox 652 1771 737 1836; x_wconf 92' lang='lat' dir='ltr'><strong>enim</strong></span> <span class='ocrx_word' id='word_1_98' title='bbox 745 1771 803 1857; x_wconf 89' lang='lat' dir='ltr'><strong>ipsi</strong></span> <span class='ocrx_word' id='word_1_99' title='bbox 815 1771 873 1836; x_wconf 90' lang='lat' dir='ltr'><strong>sibi</strong></span> <span class='ocrx_word' id='word_1_100' title='bbox 883 1769 969 1836; x_wconf 81' lang='lat' dir='ltr'><strong>Deus</strong></span> <span class='ocrx_word' id='word_1_101' title='bbox 983 1785 1043 1848; x_wconf 87' lang='lat' dir='ltr'><strong>est,</strong></span> <span class='ocrx_word' id='word_1_102' title='bbox 1053 1771 1243 1838; x_wconf 72' lang='lat' dir='ltr'><strong>iuueniorem</strong></span> 
     </span>
     <span class='ocr_line' id='line_1_16' title="bbox 361 1877 1255 1971; baseline -0.012 -19"><span class='ocrx_word' id='word_1_103' title='bbox 361 1884 497 1952; x_wconf 83' lang='lat' dir='ltr'><strong>mundus</strong></span> <span class='ocrx_word' id='word_1_104' title='bbox 520 1882 689 1971; x_wconf 84' lang='lat' dir='ltr'><strong>perfectus,</strong></span> <span class='ocrx_word' id='word_1_105' title='bbox 714 1882 851 1968; x_wconf 86' lang='lat' dir='ltr'><strong>spiritus,</strong></span> <span class='ocrx_word' id='word_1_106' title='bbox 875 1884 1029 1970; x_wconf 89' lang='lat' dir='ltr'><strong>potentia,</strong></span> <span class='ocrx_word' id='word_1_107' title='bbox 1053 1883 1128 1948; x_wconf 87' lang='lat' dir='ltr'><strong>ratio.</strong></span> <span class='ocrx_word' id='word_1_108' title='bbox 1146 1877 1255 1958; x_wconf 54' lang='lat' dir='ltr'><strong>tinniret</strong></span> 
     </span>
     <span class='ocr_line' id='line_1_17' title="bbox 361 1990 1246 2080; baseline -0.011 -20"><span class='ocrx_word' id='word_1_109' title='bbox 361 1995 425 2060; x_wconf 85' lang='lat' dir='ltr'><strong>sive</strong></span> <span class='ocrx_word' id='word_1_110' title='bbox 439 1992 576 2058; x_wconf 86' lang='lat' dir='ltr'><strong>muudus</strong></span> <span class='ocrx_word' id='word_1_111' title='bbox 591 1991 780 2057; x_wconf 91' lang='lat' dir='ltr'><strong>concinnum</strong></span> <span class='ocrx_word' id='word_1_112' title='bbox 795 1991 954 2079; x_wconf 77' lang='lat' dir='ltr'><strong>quoddam</strong></span> <span class='ocrx_word' id='word_1_113' title='bbox 970 2005 1061 2059; x_wconf 80' lang='lat' dir='ltr'><strong>estet</strong></span> <span class='ocrx_word' id='word_1_114' title='bbox 1074 1990 1246 2080; x_wconf 75' lang='lat' dir='ltr'><strong>quotirnuu</strong></span> 
     </span>
     <span class='ocr_line' id='line_1_18' title="bbox 362 2088 1247 2190; baseline -0.001 -22"><span class='ocrx_word' id='word_1_115' title='bbox 362 2115 525 2168; x_wconf 84' lang='lat' dir='ltr'><strong>moveatur</strong></span> <span class='ocrx_word' id='word_1_116' title='bbox 535 2102 795 2174; x_wconf 70' lang='lat' dir='ltr'><strong>instrumentum</strong></span> <span class='ocrx_word' id='word_1_117' title='bbox 806 2104 940 2189; x_wconf 87' lang='lat' dir='ltr'><strong>cumqui</strong></span> <span class='ocrx_word' id='word_1_118' title='bbox 955 2127 1051 2170; x_wconf 81' lang='lat' dir='ltr'><strong>sonos</strong></span> <span class='ocrx_word' id='word_1_119' title='bbox 1062 2088 1247 2190; x_wconf 57' lang='lat' dir='ltr'><strong>temperttttttiii</strong></span> 
     </span>
     <span class='ocr_line' id='line_1_19' title="bbox 363 2199 1247 2296; baseline 0.001 -21"><span class='ocrx_word' id='word_1_120' title='bbox 363 2234 400 2277; x_wconf 87' lang='lat' dir='ltr'><strong>ac</strong></span> <span class='ocrx_word' id='word_1_121' title='bbox 420 2231 622 2276; x_wconf 81' lang='lat' dir='ltr'><strong>numerosum</strong></span> <span class='ocrx_word' id='word_1_122' title='bbox 641 2220 831 2274; x_wconf 78' lang='lat' dir='ltr'><strong>concentum</strong></span> <span class='ocrx_word' id='word_1_123' title='bbox 845 2210 1041 2288; x_wconf 76' lang='lat' dir='ltr'><strong>modulatur,</strong></span> <span class='ocrx_word' id='word_1_124' title='bbox 1063 2235 1119 2277; x_wconf 92' lang='lat' dir='ltr'><strong>uon</strong></span> <span class='ocrx_word' id='word_1_125' title='bbox 1134 2199 1247 2296; x_wconf 58' lang='lat' dir='ltr'><strong>pnicu-</strong></span> 
     </span>
    </p>
   </div>
   <div class='ocr_carea' id='block_1_3' title="bbox 364 2298 1249 2514">
    <p class='ocr_par' dir='ltr' id='par_1_4' title="bbox 364 2298 1249 2514">
     <span class='ocr_line' id='line_1_20' title="bbox 365 2298 1247 2407; baseline -0.003 -22"><span class='ocrx_word' id='word_1_126' title='bbox 365 2330 507 2384; x_wconf 89' lang='lat' dir='ltr'><strong>mentum</strong></span> <span class='ocrx_word' id='word_1_127' title='bbox 522 2318 629 2381; x_wconf 84' lang='lat' dir='ltr'><strong>odoro.</strong></span> <span class='ocrx_word' id='word_1_128' title='bbox 650 2317 758 2404; x_wconf 89' lang='lat' dir='ltr'><strong>Neque</strong></span> <span class='ocrx_word' id='word_1_129' title='bbox 773 2317 857 2381; x_wconf 88' lang='lat' dir='ltr'><strong>euim</strong></span> <span class='ocrx_word' id='word_1_130' title='bbox 871 2319 1020 2407; x_wconf 80' lang='lat' dir='ltr'><strong>praesides</strong></span> <span class='ocrx_word' id='word_1_131' title='bbox 1036 2322 1068 2385; x_wconf 95' lang='lat' dir='ltr'><strong>in</strong></span> <span class='ocrx_word' id='word_1_132' title='bbox 1082 2298 1247 2385; x_wconf 68' lang='lat' dir='ltr'><strong>oem&#39;niuctl·</strong></span> 
     </span>
     <span class='ocr_line' id='line_1_21' title="bbox 364 2419 1249 2514; baseline -0.021 -21"><span class='ocrx_word' id='word_1_133' title='bbox 364 2426 509 2493; x_wconf 79' lang='lat' dir='ltr'><strong>thaoaedia</strong></span> <span class='ocrx_word' id='word_1_134' title='bbox 522 2426 750 2514; x_wconf 72' lang='lat' dir='ltr'><strong>praetermissis,</strong></span> <span class='ocrx_word' id='word_1_135' title='bbox 763 2426 896 2494; x_wconf 78' lang='lat' dir='ltr'><strong>citharas</strong></span> <span class='ocrx_word' id='word_1_136' title='bbox 909 2452 1023 2496; x_wconf 90' lang='lat' dir='ltr'><strong>eornm</strong></span> <span class='ocrx_word' id='word_1_137' title='bbox 1036 2419 1249 2496; x_wconf 76' lang='lat' dir='ltr'><strong>coronantiinmt</strong></span> 
     </span>
    </p>
   </div>
   <div class='ocr_carea' id='block_1_4' title="bbox 273 2515 1254 2738">
    <p class='ocr_par' dir='ltr' id='par_1_5' title="bbox 273 2515 1254 2738">
     <span class='ocr_line' id='line_1_22' title="bbox 273 2515 1248 2628; baseline -0.011 -20"><span class='ocrx_word' id='word_1_138' title='bbox 273 2609 277 2618; x_wconf 82' lang='grc'>,</span> <span class='ocrx_word' id='word_1_139' title='bbox 366 2539 436 2612; x_wconf 87' lang='lat' dir='ltr'><strong>dus,</strong></span> <span class='ocrx_word' id='word_1_140' title='bbox 453 2549 488 2601; x_wconf 88' lang='lat' dir='ltr'><strong>nt</strong></span> <span class='ocrx_word' id='word_1_141' title='bbox 506 2537 549 2600; x_wconf 86' lang='lat' dir='ltr'><strong>nit</strong></span> <span class='ocrx_word' id='word_1_142' title='bbox 567 2535 667 2610; x_wconf 82' lang='lat' dir='ltr'><strong>Plato,</strong></span> <span class='ocrx_word' id='word_1_143' title='bbox 683 2559 732 2600; x_wconf 79' lang='lat' dir='ltr'><strong>ors</strong></span> <span class='ocrx_word' id='word_1_144' title='bbox 753 2536 811 2601; x_wconf 90' lang='lat' dir='ltr'><strong>Dei</strong></span> <span class='ocrx_word' id='word_1_145' title='bbox 827 2549 888 2613; x_wconf 78' lang='lat' dir='ltr'><strong>est3</strong></span> <span class='ocrx_word' id='word_1_146' title='bbox 906 2540 1066 2606; x_wconf 84' lang='lat' dir='ltr'><strong>admirans</strong></span> <span class='ocrx_word' id='word_1_147' title='bbox 1086 2541 1141 2628; x_wconf 82' lang='lat' dir='ltr'><strong>ejus</strong></span> <span class='ocrx_word' id='word_1_148' title='bbox 1153 2515 1248 2621; x_wconf 65' lang='lat' dir='ltr'><strong>prun</strong></span> 
     </span>
     <span class='ocr_line' id='line_1_23' title="bbox 366 2633 1254 2738; baseline -0.017 -24"><span class='ocrx_word' id='word_1_149' title='bbox 366 2671 438 2714; x_wconf 85' lang='lat' dir='ltr'><strong>nem</strong></span> <span class='ocrx_word' id='word_1_150' title='bbox 454 2645 494 2710; x_wconf 88' lang='lat' dir='ltr'><strong>ad</strong></span> <span class='ocrx_word' id='word_1_151' title='bbox 509 2643 661 2710; x_wconf 82' lang='lat' dir='ltr'><strong>artificem</strong></span> <span class='ocrx_word' id='word_1_152' title='bbox 676 2644 755 2709; x_wconf 87' lang='lat' dir='ltr'><strong>odeo</strong></span> <span class='ocrx_word' id='word_1_153' title='bbox 766 2633 782 2706; x_wconf 76' lang='lat'><strong>¹:</strong></span> <span class='ocrx_word' id='word_1_154' title='bbox 801 2646 865 2710; x_wconf 81' lang='lat' dir='ltr'><strong>sive</strong></span> <span class='ocrx_word' id='word_1_155' title='bbox 878 2644 960 2712; x_wconf 86' lang='lat' dir='ltr'><strong>illius</strong></span> <span class='ocrx_word' id='word_1_156' title='bbox 976 2647 1136 2738; x_wconf 77' lang='lat' dir='ltr'><strong>substantia</strong></span> <span class='ocrx_word' id='word_1_157' title='bbox 1146 2641 1254 2726; x_wconf 53' lang='lat' dir='ltr'><strong>erinon?</strong></span> 
     </span>
    </p>
   </div>
   <div class='ocr_carea' id='block_1_5' title="bbox 280 2751 1253 3931">
    <p class='ocr_par' dir='ltr' id='par_1_6' title="bbox 280 2751 1253 3931">
     <span class='ocr_line' id='line_1_24' title="bbox 365 2751 1251 2844; baseline -0.005 -22"><span class='ocrx_word' id='word_1_158' title='bbox 365 2753 578 2844; x_wconf 83' lang='lat' dir='ltr'><strong>Peripateticis</strong></span> <span class='ocrx_word' id='word_1_159' title='bbox 600 2751 718 2842; x_wconf 62' lang='lat' dir='ltr'><strong>plocen</strong></span> <span class='ocrx_word' id='word_1_160' title='bbox 740 2775 937 2842; x_wconf 79' lang='lat' dir='ltr'><strong>nequaquem</strong></span> <span class='ocrx_word' id='word_1_161' title='bbox 956 2756 1031 2833; x_wconf 84' lang='lat' dir='ltr'><strong>Dei,</strong></span> <span class='ocrx_word' id='word_1_162' title='bbox 1051 2756 1101 2844; x_wconf 90' lang='lat' dir='ltr'><strong>qui</strong></span> <span class='ocrx_word' id='word_1_163' title='bbox 1117 2753 1251 2819; x_wconf 41' lang='lat' dir='ltr'><strong>mutuo&amp;</strong></span> 
     </span>
     <span class='ocr_line' id='line_1_25' title="bbox 365 2855 1251 2951; baseline -0.017 -20"><span class='ocrx_word' id='word_1_164' title='bbox 365 2876 476 2931; x_wconf 84' lang='lat' dir='ltr'><strong>auctor</strong></span> <span class='ocrx_word' id='word_1_165' title='bbox 490 2872 550 2937; x_wconf 87' lang='lat' dir='ltr'><strong>est,</strong></span> <span class='ocrx_word' id='word_1_166' title='bbox 565 2861 681 2926; x_wconf 84' lang='lat' dir='ltr'><strong>omisso</strong></span> <span class='ocrx_word' id='word_1_167' title='bbox 694 2858 794 2937; x_wconf 91' lang='lat' dir='ltr'><strong>cultu,</strong></span> <span class='ocrx_word' id='word_1_168' title='bbox 808 2861 848 2926; x_wconf 85' lang='lat' dir='ltr'><strong>ad</strong></span> <span class='ocrx_word' id='word_1_169' title='bbox 864 2885 960 2951; x_wconf 82' lang='lat' dir='ltr'><strong>egena</strong></span> <span class='ocrx_word' id='word_1_170' title='bbox 975 2876 1009 2930; x_wconf 87' lang='lat' dir='ltr'><strong>et</strong></span> <span class='ocrx_word' id='word_1_171' title='bbox 1023 2863 1137 2930; x_wconf 84' lang='lat' dir='ltr'><strong>infirma</strong></span> <span class='ocrx_word' id='word_1_172' title='bbox 1148 2855 1251 2921; x_wconf 69' lang='lat' dir='ltr'><strong>eleut</strong></span> 
     </span>
     <span class='ocr_line' id='line_1_26' title="bbox 365 2958 1251 3062; baseline -0.014 -26"><span class='ocrx_word' id='word_1_173' title='bbox 365 2972 543 3058; x_wconf 83' lang='lat' dir='ltr'><strong>objicimus,</strong></span> <span class='ocrx_word' id='word_1_174' title='bbox 560 2991 644 3044; x_wconf 89' lang='lat' dir='ltr'><strong>aere,</strong></span> <span class='ocrx_word' id='word_1_175' title='bbox 667 2980 703 3032; x_wconf 93' lang='lat' dir='ltr'><strong>nt</strong></span> <span class='ocrx_word' id='word_1_176' title='bbox 717 2969 775 3057; x_wconf 81' lang='lat' dir='ltr'><strong>ipsi</strong></span> <span class='ocrx_word' id='word_1_177' title='bbox 795 2969 1019 3046; x_wconf 64' lang='lat' dir='ltr'><strong>existimante</strong></span> <span class='ocrx_word' id='word_1_178' title='bbox 1036 2958 1251 3062; x_wconf 63' lang='lat' dir='ltr'><strong>perpessionem</strong></span> 
     </span>
     <span class='ocr_line' id='line_1_27' title="bbox 365 3057 1253 3164; baseline -0.024 -19"><span class='ocrx_word' id='word_1_179' title='bbox 365 3079 528 3146; x_wconf 82' lang='lat' dir='ltr'><strong>motorium</strong></span> <span class='ocrx_word' id='word_1_180' title='bbox 538 3076 728 3164; x_wconf 79' lang='lat' dir='ltr'><strong>perpessioni</strong></span> <span class='ocrx_word' id='word_1_181' title='bbox 740 3077 906 3144; x_wconf 90' lang='lat' dir='ltr'><strong>obnoxiam</strong></span> <span class='ocrx_word' id='word_1_182' title='bbox 917 3079 1091 3146; x_wconf 78' lang='lat' dir='ltr'><strong>adorantes.</strong></span> <span class='ocrx_word' id='word_1_183' title='bbox 1103 3057 1253 3158; x_wconf 70' lang='lat' dir='ltr'><strong>sinquisttir</strong></span> 
     </span>
     <span class='ocr_line' id='line_1_28' title="bbox 364 3165 1252 3278; baseline -0.01 -24"><span class='ocrx_word' id='word_1_184' title='bbox 364 3200 491 3255; x_wconf 76' lang='lat' dir='ltr'><strong>testatos</strong></span> <span class='ocrx_word' id='word_1_185' title='bbox 505 3185 615 3253; x_wconf 89' lang='lat' dir='ltr'><strong>mundi</strong></span> <span class='ocrx_word' id='word_1_186' title='bbox 631 3198 734 3274; x_wconf 83' lang='lat' dir='ltr'><strong>portes</strong></span> <span class='ocrx_word' id='word_1_187' title='bbox 751 3187 919 3261; x_wconf 62' lang='lat' dir='ltr'><strong>existimem</strong></span> <span class='ocrx_word' id='word_1_188' title='bbox 938 3212 1003 3254; x_wconf 93' lang='lat' dir='ltr'><strong>non</strong></span> <span class='ocrx_word' id='word_1_189' title='bbox 1018 3190 1058 3256; x_wconf 84' lang='lat' dir='ltr'><strong>ad</strong></span> <span class='ocrx_word' id='word_1_190' title='bbox 1073 3191 1204 3278; x_wconf 73' lang='lat' dir='ltr'><strong>potestates</strong></span> <span class='ocrx_word' id='word_1_191' title='bbox 1214 3165 1252 3274; x_wconf 48' lang='lat' dir='ltr'><strong>tii*</strong></span> 
     </span>
     <span class='ocr_line' id='line_1_29' title="bbox 366 3270 1253 3369; baseline -0.012 -3"><span class='ocrx_word' id='word_1_192' title='bbox 366 3296 489 3366; x_wconf 90' lang='lat' dir='ltr'><strong>colendi</strong></span> <span class='ocrx_word' id='word_1_193' title='bbox 504 3317 609 3369; x_wconf 82' lang='lat' dir='ltr'><strong>conso,</strong></span> <span class='ocrx_word' id='word_1_194' title='bbox 626 3294 680 3358; x_wconf 84' lang='lat' dir='ltr'><strong>sed</strong></span> <span class='ocrx_word' id='word_1_195' title='bbox 696 3293 737 3359; x_wconf 86' lang='lat' dir='ltr'><strong>ad</strong></span> <span class='ocrx_word' id='word_1_196' title='bbox 751 3317 860 3360; x_wconf 90' lang='lat' dir='ltr'><strong>earum</strong></span> <span class='ocrx_word' id='word_1_197' title='bbox 874 3309 1048 3363; x_wconf 87' lang='lat' dir='ltr'><strong>creatorem</strong></span> <span class='ocrx_word' id='word_1_198' title='bbox 1064 3309 1095 3362; x_wconf 89' lang='lat' dir='ltr'><strong>et</strong></span> <span class='ocrx_word' id='word_1_199' title='bbox 1113 3270 1253 3360; x_wconf 65' lang='lat' dir='ltr'><strong>dominun-it</strong></span> 
     </span>
     <span class='ocr_line' id='line_1_30' title="bbox 280 3393 1253 3496; baseline -0.014 -23"><span class='ocrx_word' id='word_1_200' title='bbox 280 3433 284 3442; x_wconf 84' lang='grc'><strong>’</strong></span> <span class='ocrx_word' id='word_1_201' title='bbox 365 3431 401 3474; x_wconf 90' lang='lat' dir='ltr'><strong>en</strong></span> <span class='ocrx_word' id='word_1_202' title='bbox 416 3418 489 3496; x_wconf 92' lang='lat' dir='ltr'><strong>peto</strong></span> <span class='ocrx_word' id='word_1_203' title='bbox 504 3427 522 3468; x_wconf 84' lang='lat' dir='ltr'><strong>n</strong></span> <span class='ocrx_word' id='word_1_204' title='bbox 538 3403 679 3477; x_wconf 85' lang='lat' dir='ltr'><strong>materia,</strong></span> <span class='ocrx_word' id='word_1_205' title='bbox 695 3403 809 3488; x_wconf 82' lang='lat' dir='ltr'><strong>quibus</strong></span> <span class='ocrx_word' id='word_1_206' title='bbox 823 3404 889 3492; x_wconf 80' lang='lat' dir='ltr'><strong>ipsa</strong></span> <span class='ocrx_word' id='word_1_207' title='bbox 907 3416 1008 3479; x_wconf 73' lang='lat' dir='ltr'><strong>caret:</strong></span> <span class='ocrx_word' id='word_1_208' title='bbox 1026 3428 1085 3472; x_wconf 92' lang='lat' dir='ltr'><strong>nec</strong></span> <span class='ocrx_word' id='word_1_209' title='bbox 1101 3401 1189 3469; x_wconf 79' lang='lat' dir='ltr'><strong>relicto</strong></span> <span class='ocrx_word' id='word_1_210' title='bbox 1199 3393 1253 3460; x_wconf 52' lang='lat' dir='ltr'><strong>Det</strong></span> 
     </span>
     <span class='ocr_line' id='line_1_31' title="bbox 366 3492 1253 3603; baseline -0.024 -20"><span class='ocrx_word' id='word_1_211' title='bbox 366 3528 471 3582; x_wconf 76' lang='lat' dir='ltr'><strong>mento</strong></span> <span class='ocrx_word' id='word_1_212' title='bbox 493 3512 575 3588; x_wconf 93' lang='lat' dir='ltr'><strong>colo,</strong></span> <span class='ocrx_word' id='word_1_213' title='bbox 597 3512 710 3599; x_wconf 86' lang='lat' dir='ltr'><strong>quibus</strong></span> <span class='ocrx_word' id='word_1_214' title='bbox 733 3511 811 3576; x_wconf 90' lang='lat' dir='ltr'><strong>nihil</strong></span> <span class='ocrx_word' id='word_1_215' title='bbox 833 3512 966 3603; x_wconf 82' lang='lat' dir='ltr'><strong>amplius</strong></span> <span class='ocrx_word' id='word_1_216' title='bbox 981 3513 1066 3590; x_wconf 88' lang='lat' dir='ltr'><strong>licet,</strong></span> <span class='ocrx_word' id='word_1_217' title='bbox 1086 3492 1253 3602; x_wconf 57' lang='lat' dir='ltr'><strong>quamquoiii</strong></span> 
     </span>
     <span class='ocr_line' id='line_1_32' title="bbox 367 3605 1253 3712; baseline -0.012 -23"><span class='ocrx_word' id='word_1_218' title='bbox 367 3636 460 3690; x_wconf 87' lang='lat' dir='ltr'><strong>sunt:</strong></span> <span class='ocrx_word' id='word_1_219' title='bbox 485 3623 543 3688; x_wconf 86' lang='lat' dir='ltr'><strong>otsi</strong></span> <span class='ocrx_word' id='word_1_220' title='bbox 559 3621 643 3686; x_wconf 90' lang='lat' dir='ltr'><strong>enim</strong></span> <span class='ocrx_word' id='word_1_221' title='bbox 659 3621 725 3686; x_wconf 85' lang='lat' dir='ltr'><strong>visu</strong></span> <span class='ocrx_word' id='word_1_222' title='bbox 745 3621 893 3710; x_wconf 81' lang='lat' dir='ltr'><strong>praeclnra</strong></span> <span class='ocrx_word' id='word_1_223' title='bbox 908 3635 1037 3712; x_wconf 91' lang='lat' dir='ltr'><strong>propter</strong></span> <span class='ocrx_word' id='word_1_224' title='bbox 1050 3621 1157 3712; x_wconf 82' lang='lat' dir='ltr'><strong>opificio</strong></span> <span class='ocrx_word' id='word_1_225' title='bbox 1171 3605 1253 3679; x_wconf 60' lang='lat' dir='ltr'><strong>arten-t</strong></span> 
     </span>
     <span class='ocr_line' id='line_1_33' title="bbox 366 3713 1253 3798; baseline -0.003 -2"><span class='ocrx_word' id='word_1_226' title='bbox 366 3745 471 3798; x_wconf 83' lang='lat' dir='ltr'><strong>tomen</strong></span> <span class='ocrx_word' id='word_1_227' title='bbox 486 3755 503 3796; x_wconf 91' lang='lat' dir='ltr'><strong>o</strong></span> <span class='ocrx_word' id='word_1_228' title='bbox 518 3729 655 3796; x_wconf 84' lang='lat' dir='ltr'><strong>materiae</strong></span> <span class='ocrx_word' id='word_1_229' title='bbox 666 3743 778 3796; x_wconf 81' lang='lat' dir='ltr'><strong>notura</strong></span> <span class='ocrx_word' id='word_1_230' title='bbox 790 3731 964 3797; x_wconf 83' lang='lat' dir='ltr'><strong>discedunt.</strong></span> <span class='ocrx_word' id='word_1_231' title='bbox 980 3730 1079 3798; x_wconf 80' lang='lat' dir='ltr'><strong>Testis</strong></span> <span class='ocrx_word' id='word_1_232' title='bbox 1088 3713 1253 3796; x_wconf 54' lang='lat' dir='ltr'><strong>accedithtii</strong></span> 
     </span>
     <span class='ocr_line' id='line_1_34' title="bbox 365 3817 1253 3931; baseline -0.009 -24"><span class='ocrx_word' id='word_1_233' title='bbox 365 3842 468 3908; x_wconf 81' lang='lat' dir='ltr'><strong>tentiae</strong></span> <span class='ocrx_word' id='word_1_234' title='bbox 483 3843 556 3931; x_wconf 76' lang='lat' dir='ltr'><strong>ipse</strong></span> <span class='ocrx_word' id='word_1_235' title='bbox 570 3839 668 3907; x_wconf 75' lang='lat' dir='ltr'><strong>Plato.</strong></span> <span class='ocrx_word' id='word_1_236' title='bbox 682 3868 694 3901; x_wconf 78' lang='grc' dir='ltr'>ι</span> <span class='ocrx_word' id='word_1_237' title='bbox 707 3843 802 3921; x_wconf 89' lang='lat' dir='ltr'><strong>Quod</strong></span> <span class='ocrx_word' id='word_1_238' title='bbox 813 3843 898 3910; x_wconf 89' lang='lat' dir='ltr'><strong>enim</strong></span> <span class='ocrx_word' id='word_1_239' title='bbox 909 3842 1038 3922; x_wconf 87' lang='lat' dir='ltr'><strong>coelum,</strong></span> <span class='ocrx_word' id='word_1_240' title='bbox 1055 3842 1154 3931; x_wconf 86' lang='lat' dir='ltr'><strong>inquit,</strong></span> <span class='ocrx_word' id='word_1_241' title='bbox 1167 3847 1189 3900; x_wconf 87' lang='lat' dir='ltr'><strong>et</strong></span> <span class='ocrx_word' id='word_1_242' title='bbox 1198 3817 1253 3892; x_wconf 68' lang='lat' dir='ltr'><strong>murti</strong></span> 
     </span>
    </p>
   </div>
   <div class='ocr_carea' id='block_1_6' title="bbox 0 0 1324 4614">
    <p class='ocr_par' dir='ltr' id='par_1_7' title="bbox 0 0 1324 4614">
     <span class='ocr_line' id='line_1_35' title="bbox 0 0 1324 4614; baseline 0 0"><span class='ocrx_word' id='word_1_243' title='bbox 0 0 1324 4614; x_wconf 95' lang='lat' dir='ltr'><strong> </strong></span> 
     </span>
    </p>
   </div>
  </div>
 </body>
</html>
