2630 4614
319 333 733 486 TATIANI

36 688 284 794 ORATIO
327 685 686 790 ADVERSUS
729 673 1029 783 GRAECOS.

410 987 650 1020 ⁸⁴00·—

74 1209 97 1270 l.
122 1206 165 1272 Nn
182 1205 337 1270 insensum
352 1204 480 1270 omnino
495 1205 527 1269 in
542 1204 692 1269 barbaros
709 1201 865 1273 animum,
881 1222 900 1264 o
915 1196 1037 1271 Graeci,

31 1316 135 1404 gerite,
148 1337 205 1380 uec
216 1337 326 1379 eorum
337 1295 472 1378 invidete
488 1305 619 1401 placitis.
631 1311 727 1390 Quod
738 1311 823 1375 euim
834 1307 917 1395 apud
929 1329 982 1370 vos
994 1305 1039 1370 in·

28 1424 166 1486 stitutum
178 1445 241 1486 uon
253 1444 269 1484 a
282 1421 422 1486 barbaris
435 1420 586 1508 originem
602 1419 746 1508 accepit?
759 1418 839 1484 Nam
847 1414 1040 1480 Telmessen-

27 1533 106 1594 sium
120 1530 332 1618 spectatissimi
348 1529 506 1596 divinandi
524 1553 562 1594 ex
576 1529 704 1594 somniis
724 1540 824 1593 artem
840 1527 1039 1598 invenerunt,

25 1639 237 1728 praenoscendi
260 1663 299 1704 ex
318 1640 408 1704 astris
427 1639 534 1714 Cares,
557 1638 696 1728 Phryges
715 1650 749 1702 ct
762 1639 943 1730 Isaurorum
958 1635 1039 1698 anti-

25 1750 165 1838 quissimi
180 1747 331 1837 auspicia,
352 1749 585 1836 haruspicinam
601 1747 721 1837 Cyprii,
740 1744 962 1812 astronomiam
978 1743 1041 1808 Bu-

25 1857 157 1943 bylonii,
174 1856 310 1944 magiam
330 1855 444 1930 Persae,
467 1856 670 1944 geometriam
692 1854 843 1944 AEgyptii,
866 1852 1042 1918 litterarum

25 1965 178 2029 elementa
190 1963 363 2028 phenices.
376 1963 575 2052 Quapropter
583 1964 713 2028 desinite
722 1963 845 2028 inventa
857 1962 961 2027 dicare
972 1983 1042 2048 quae

25 2075 198 2138 imitatione
213 2095 357 2162 expressa
373 2085 454 2137 sunt.
474 2073 595 2139 Poesim
610 2075 695 2139 enim
709 2071 850 2139 excolere
865 2084 897 2138 et
915 2083 1041 2136 cantare

24 2184 133 2248 docuit
154 2174 208 2248 vos
228 2181 386 2270 Orpheus,
410 2183 494 2248 idem
514 2195 545 2248 et
567 2183 697 2256 initiari;
721 2180 871 2270 plasticen
887 2179 1038 2250 Tuscani;

24 2291 169 2357 historias
184 2291 339 2355 adornare
355 2292 570 2356 commentarii
582 2303 760 2379 temporum
771 2290 855 2379 apud
866 2287 1037 2377 AEgyptioa.

24 2403 152 2488 llarsyae
166 2411 273 2464 autom
291 2409 322 2463 et
338 2397 464 2488 Olympi
479 2400 626 2464 tibiarum
639 2397 885 2464 modulationem
897 2397 1042 2462 adscivis-

24 2513 69 2576 tis.
95 2511 198 2576 Ambo
220 2507 370 2596 Phryges,
389 2510 483 2574 ambo
505 2508 647 2574 homines
664 2520 812 2598 agrestes,
834 2505 946 2572 listulae
963 2529 1042 2572 con·-

24 2633 152 2687 :cntum
179 2618 379 2690 invenerunt,·
400 2619 508 2682 tubam
532 2615 698 2706 Tyrtheui3
731 2617 882 2682 lubricam
900 2618 1041 2681 aerariam

24 2729 196 2817 Cyclopem
216 2726 362 2815 epistolas
377 2729 515 2810 scribere
532 2727 659 2803 mulier,
674 2728 853 2801 Persarum,
870 2739 904 2791 ut
919 2729 962 2791 ait
974 2725 1045 2790 llel-

25 2839 154 2912 anicus,
171 2834 246 2901 olim
261 2837 379 2924 regina,
396 2837 448 2900 cui
463 2859 579 2900 nomen
593 2848 661 2901 erat
676 2837 805 2901 Atossae.
824 2835 978 2922 Deponite
990 2833 1043 2922 igi-

24 2974 69 3011 ur
85 2949 177 3011 hunc
192 2946 319 3019 lustum,
336 2967 396 3009 nec
410 2946 579 3009 verborum
594 2945 781 3032 elegantiam
800 2953 969 3014 ostentate:
989 2945 1044 3032 qui

24 3058 98 3118 lum
121 3052 325 3140 vosmetipsos
345 3050 491 3126 laudatis,
508 3052 695 3116 domesticos
710 3051 864 3116 adhibetis
883 3064 1040 3140 patronos.

24 3162 161 3248 Oportet
177 3172 281 3222 autern
294 3159 395 3244 utqui
413 3159 495 3223 hanc
510 3156 636 3223 laudem
651 3159 710 3224 sihi
728 3171 885 3248 arrogant,
902 3160 935 3234 ii,
952 3161 977 3225 si
992 3184 1043 3226 sa-

24 3271 122 3342 siant,
141 3265 275 3332 aliorum
290 3267 501 3332 testimonium
512 3279 704 3356 exspectent,
720 3291 758 3334 ac
772 3269 804 3333 iu
816 3269 880 3356 ipsa
892 3271 1047 3336 sermonis

24 3374 282 3444 ›ronuntiatione
293 3373 376 3438 inter
386 3398 419 3439 se
434 3376 639 3442 consentiant.
656 3377 747 3442 Nunc
755 3388 861 3442 autem
873 3378 960 3441 robis
972 3375 1043 3442 solis

24 3485 157 3573 tentigit
174 3507 214 3548 ne
227 3484 258 3547 in
273 3480 436 3568 colloquiis
451 3483 577 3572 quidem
589 3483 704 3550 similes
714 3509 807 3550 sonos
818 3485 926 3558 edere;
941 3509 1043 3574 nequo

24 3598 105 3662 anim
118 3593 312 3660 Doricorum
327 3591 437 3656 eadem
449 3591 544 3658 dictio
556 3605 603 3657 est
618 3615 655 3658 ac
666 3591 855 3670 Atticorum,
868 3619 929 3661 nec
939 3593 1044 3664 AEoles

25 3704 167 3772 imiliter
187 3713 221 3766 ut
233 3701 324 3766 lones
339 3697 519 3788 loquuntur.
535 3701 614 3764 Cum
627 3681 701 3790 ergo
717 3713 838 3766 tantum
850 3704 888 3768 ait
899 3704 1045 3770 intereos

24 3813 202 3885 lissidium,
219 3811 302 3874 iuter
317 3832 394 3898 quos
410 3809 539 3874 minime
554 3812 733 3899 oportebat,
745 3820 879 3878 statuere
896 3837 960 3878 nou
975 3838 1044 3902 pos·

25 3949 87 3990 um
110 3943 211 4010 quem
235 3943 253 3984 a
276 3943 327 3984 mo
349 3918 496 3986 Graecum
514 3932 656 4008 oporteat
672 3919 830 4010 appellari.
859 3923 938 3988 llam
959 3923 1045 4011 quod
