2710 4662
259 284 300 366 78
642 301 753 347 sarem
777 301 899 347 ιιιιιτιι

257 409 306 475 bis
327 407 461 498 dignus,¹
481 428 577 494 quem
595 405 756 495 exemplar
776 417 886 472 vestre
905 407 1069 474 charitatis
1082 409 1215 496 accepi,
1239 431 1296 494 per

257 513 362 580 omnia
380 535 433 579 me
453 511 620 588 recrearit,
642 535 707 600 quo
725 512 823 577 modo
841 523 875 578 ot
889 513 994 602 ipsum
1013 513 1178 603 refrigeret
1197 513 1295 580 Pater

256 622 333 690 lesu
348 620 478 696 Christi,
496 643 646 687 unacum
663 621 828 696 Onesimo,
845 620 986 696 Burrbo,
1001 621 1118 712 Euplo.
1130 645 1170 688 ac
1184 622 1294 688 Fron-

257 746 345 808 tone.
366 755 424 821 per
440 754 522 820 quos
540 755 596 796 vos
618 753 728 797 omnes
748 731 856 820 quoad
877 732 1064 799 charitatem
1083 735 1158 800 vidi.
1184 733 1214 800 F
1216 755 1294 799 ruer

257 841 346 908 vobis
360 849 527 928 perpetuo,
544 839 569 905 si
583 839 697 928 dignus
712 838 813 906 fuero·
831 839 932 906 Decet
946 842 1053 930 itaque
1068 865 1124 908 ros
1137 844 1291 908 omnihus

256 950 359 1016 modia
377 947 554 1038 glorificare
573 948 747 1016 Dominum
765 949 876 1016 Jesum
894 949 1070 1028 Christum,
1088 952 1145 1039 qui
1167 949 1290 1041 glorisr

256 1059 339 1124 cavit
349 1081 417 1134 vos,
430 1069 467 1124 ut
477 1058 510 1124 in
521 1057 701 1124 obedientia
713 1079 775 1124 una
785 1059 872 1124 «sitis
883 1058 1029 1148 perlecti,
1041 1059 1156 1126 eadem
1167 1073 1285 1136 mente,

212 1146 217 1156 ⁸
255 1197 267 1230 r
284 1167 458 1254 eademqne
469 1168 641 1242 sententia3
656 1168 804 1256 idemque
816 1168 926 1234 dicatis
938 1168 979 1235 de
989 1169 1104 1234 eodem
1116 1169 1274 1244 omnes¹,»

256 1287 292 1342 ut
306 1275 441 1364 subjecti
456 1275 604 1363 episcopo
620 1286 653 1342 et
667 1277 877 1364 presbyterio,
895 1299 953 1366 per
971 1277 1077 1344 omnia
1097 1278 1281 1346 sanctificati

253 1383 330 1452 sitis.

298 1491 355 1560 Ill.
372 1491 444 1560 ‘Non
455 1493 604 1582 praecipio
618 1494 708 1558 vobis
721 1495 810 1580 quasi
823 1495 881 1561 sim
893 1494 1016 1584 aliquis.
1034 1496 1192 1576 Quamvis
1203 1501 1282 1566 enim

254 1602 378 1668 vinctus
396 1623 467 1667 sum
487 1601 519 1666 in
537 1599 679 1674 nomine,
701 1601 841 1667 noudum
858 1614 964 1670 tamen
984 1605 1147 1693 perfectus
1167 1611 1281 1676 sumin

253 1712 331 1780 lesu
348 1710 483 1778 Christo.
507 1708 600 1776 Nunc
619 1709 705 1774 enim
726 1709 843 1798 incipio
859 1712 1033 1802 discipulus
1048 1738 1136 1789 esses
1153 1729 1189 1782 et
1208 1717 1281 1784 allo·

254 1845 337 1909 quor
349 1844 405 1886 vos
420 1830 455 1885 ut
470 1818 680 1885 condoctores
696 1841 793 1884 meos.
814 1821 839 1886 N
843 1844 894 1887 am
909 1825 1078 1910 oportebat
1094 1848 1148 1890 me
1163 1850 1183 1892 a
1199 1831 1277 1896 vobis

253 1930 390 2003 incitari,
416 1927 493 2001 fido,
521 1926 748 2002 admonitione,
774 1929 939 2015 patientia,
966 1935 1217 2020 aequanimitate.
1244 1939 1276 2005 tt

255 2038 383 2130 quondo
395 2035 531 2103 charitas
541 2057 605 2100 non
617 2035 690 2100 sinit
701 2057 753 2101 me
764 2047 871 2103 tacere
886 2039 925 2104 de
936 2041 1037 2117 vobis,
1050 2055 1220 2132 propterea
1233 2071 1282 2114 an·

253 2147 365 2215 teverti
385 2168 441 2210 ros
460 2143 649 2222 admonere,
671 2148 759 2214 utin
780 2147 838 2212 Dei
858 2152 1047 2218 sententiam
1069 2160 1279 2224 concurratis.

253 2256 378 2323 Etenim
392 2252 486 2320 tosus
501 2252 659 2331 Christus,
676 2254 894 2344 inseparabilis
904 2271 1013 2326 nostra
1026 2263 1095 2338 rite,
1110 2253 1213 2330 Patris
1228 2281 1282 2333 est

252 2365 425 2438 sentcntia;
448 2372 534 2428 utet
557 2363 696 2453 episcopi
715 2387 774 2453 per
794 2377 886 2432 terrae
911 2369 1056 2440 terminos
1076 2369 1206 2446 deliniti,
1231 2396 1275 2438 ex

250 2478 327 2556 Jesu
343 2473 461 2542 Christi
474 2484 549 2541 sunt
563 2475 729 2542 sententia.

264 2660 269 2672 ¹
295 2585 348 2652 lV.
369 2585 458 2652 Unde
474 2586 566 2653 decet
584 2609 639 2651 vos
654 2586 687 2652 in
703 2586 845 2676 episcopi
857 2591 1047 2658 sententiam
1062 2613 1274 2658 concurrere:

249 2698 336 2788 quod
357 2708 390 2764 et
408 2697 522 2766 lacitis.
545 2696 625 2764 Nam
642 2697 850 2764 memorabile
869 2712 1010 2768 vestrum
1026 2703 1271 2791 presbyterium,

249 2810 381 2899 dignum
395 2793 482 2884 Deo,
504 2809 546 2872 ita
567 2816 751 2896 coaptatum
771 2819 819 2875 est
837 2811 1001 2901 episcopo,
1025 2825 1060 2878 ut
1081 2813 1211 2882 chordae
1231 2815 1271 2881 ei-

246 2919 356 2986 tharae.
374 2919 508 3006 Propter
522 2917 586 2984 hoc
600 2918 633 2983 in
649 2940 807 2986 consensu
827 2933 932 2988 vestro
952 2934 985 2987 et
1006 2924 1160 2990 concordi
1176 2924 1275 2990 chari-

246 3040 328 3112 tatep
350 3027 443 3095 Joaus
471 3027 616 3097 Christus
638 3028 773 3095 canitur.
801 3030 866 3097 Sed
892 3043 924 3097 et
947 3056 1001 3098 vos
1024 3033 1140 3122 singuli
1163 3035 1276 3101 chorus

246 3150 328 3212 estes
353 3149 390 3202 nt
410 3138 541 3211 consoni
564 3161 622 3225 per
645 3139 865 3218 concordiam,
888 3140 988 3208 melos
1009 3141 1067 3208 Dei
1090 3145 1278 3234 recipientes

244 3253 277 3318 in
297 3248 431 3344 unitate,
452 3245 585 3313 cantetis
608 3267 686 3314 voce
706 3269 768 3312 una
786 3271 843 3336 per
861 3249 974 3314 desum
994 3250 1161 3318 Christum
1175 3253 1273 3324 Patris

242 3385 307 3452 quo
321 3371 354 3426 et
368 3381 423 3428 vos
439 3357 557 3432 audiat,
574 3367 607 3423 et
621 3369 772 3446 agnoscat
786 3359 875 3424 exiis
891 3383 962 3446 quae
977 3362 1169 3450 operemini,
1183 3385 1276 3428 mem·

243 3475 301 3538 bra
320 3492 389 3537 esse
410 3492 465 3536 vos
483 3465 555 3534 Filii
574 3467 682 3556 ipsius.
707 3466 790 3538 Utile
810 3469 917 3556 itaque
937 3480 998 3546 est,
1021 3471 1054 3536 in
1073 3469 1273 3542 immaculata

247 3581 367 3650 unitate
382 3602 437 3646 vos
452 3601 537 3652 eese;
557 3589 592 3642 ut
607 3588 640 3644 et
653 3601 779 3666 semper
793 3578 989 3668 participetis
1001 3580 1080 3647 Deo.

287 3690 327 3763 V.
350 3688 383 3754 Si
399 3690 484 3758 enim
499 3714 558 3779 ego
572 3691 661 3758 brevi
676 3692 827 3780 temporis
841 3693 942 3780 spatio
957 3691 1053 3758 talem
1068 3691 1276 3760 consuetudi-

245 3823 318 3870 nem
332 3799 481 3868 contraxi
501 3822 575 3866 cum
593 3801 743 3892 episcopo
759 3811 876 3877 vestro,
893 3825 963 3894 quae
979 3825 1043 3870 non
1064 3803 1206 3870 humana
1222 3801 1275 3870 sed

275 3926 284 3960 ¹
297 3944 303 3974 ι
316 3927 373 3975 Cor.
387 3943 405 3985 ι,
421 3940 457 3973 ιο.
