2710 4662
230 237 290 312 ¹⁰4
614 264 728 311 saacrr
753 263 875 308 roraru

269 361 323 428 Vl.
343 362 444 428 Nemo
459 377 554 430 erret.
573 366 614 430 Et
625 365 873 456 supercaelestia,
890 380 923 435 et
937 368 1035 458 &oria
1050 366 1271 456 Angelorum,

224 482 257 536 et
269 471 430 559 principes
448 470 586 552 visibiles
601 496 640 539 ac
657 474 841 551 invisibiles,
861 476 887 541 si
906 499 972 542 non
987 476 1124 542 credant
1140 477 1180 542 in
1198 501 1274 543 san-

225 580 356 670 guinem
367 578 501 655 Christi3
516 580 845 672 etiamillisjudicium
855 597 912 650 est.
926 586 996 667 Qui
1002 584 1108 673 erupit,
1119 587 1269 673 eupiut¹.

224 675 329 758 Locus
338 690 499 756 neminem
511 691 632 760 efferat.
647 691 1267 781 Totumuamqueestlidesetcbaritas;

225 799 340 887 quibus
352 798 430 864 nibil
442 797 609 888 prelatum
616 813 674 866 est
692 801 897 868 Considerate
905 825 981 868 vero
990 825 1046 868 eos
1058 803 1116 890 qui
1129 803 1268 870 alienam

226 907 409 996 opinionem
425 917 557 973 tuentur
571 919 682 982 contra
696 909 829 996 gratiam
841 909 918 974 Jesu
935 907 1053 976 Christi
1068 933 1144 996 quae
1155 911 1201 975 ad
1214 935 1269 976 nos

227 1015 325 1088 venit,
345 1037 409 1102 quo
425 1013 522 1080 modo
539 1015 689 1082 contrarii
705 1015 768 1080 sint
783 1017 947 1082 sententias
957 1017 1027 1082 Dei.
1047 1017 1098 1083 De
1112 1016 1268 1084 charitate

227 1146 293 1189 non
308 1135 356 1188 est
371 1145 448 1189 cura
464 1122 550 1212 ipsis,
568 1145 634 1189 non
649 1123 689 1188 de
704 1123 811 1199 vidua,
828 1145 894 1190 noa
910 1124 949 1188 de
965 1123 1129 1213 orphano,
1148 1149 1214 1192 nou
1227 1126 1264 1191 «te

228 1253 392 1322 oppresso,
407 1255 473 1300 non
488 1232 528 1298 de
539 1233 646 1300 vincto
662 1231 711 1300 vel
726 1231 842 1310 soluto,
858 1256 924 1300 non
936 1233 977 1298 de
986 1233 1156 1300 esuriente
1166 1234 1265 1302 eelsi-

228 1344 336 1410 tiente.

272 1453 342 1520 vlt.
365 1456 414 1522 Ab
431 1457 621 1524 eucharistia
638 1469 671 1523 et
686 1457 828 1548 oratione
843 1458 1020 1531 abstinent;
1042 1479 1086 1522 eo
1101 1458 1193 1544 qued
1204 1481 1261 1522 uon

231 1547 445 1632 confiteantur
471 1566 695 1632 eucharistiam
725 1590 856 1635 carnem
882 1589 950 1632 esse
976 1567 1153 1632 servatoris
1174 1569 1259 1632 nasei

229 1675 307 1742 deso
316 1675 447 1754 Christi,
460 1700 531 1766 quae
542 1700 602 1765 pro
612 1678 751 1764 peccatis
763 1677 879 1766 nostris
889 1699 978 1765 passa
990 1688 1055 1752 est,
1066 1699 1170 1766 quam
1178 1677 1254 1742 Pater

230 1808 285 1854 sua
298 1787 492 1876 benignitate
505 1786 676 1853 suscitavit.
692 1785 758 1864 Qui
769 1809 845 1876 ergo
857 1784 1087 1852 contradicunt
1099 1785 1245 1851 huicdoae

229 1895 302 1970 Dei,
316 1894 504 1960 altercantes
515 1895 704 1960 moriuntur.
723 1893 806 1960 Utile
822 1906 930 1962 autem
940 1905 1024 1960 esset
1033 1895 1113 1982 ipsis
1126 1894 1253 1983 diliges,

232 2017 268 2069 ut
283 2016 316 2070 et
332 2003 543 2093 resurgerent.
563 2005 663 2070 Decet
679 2006 785 2093 itaque
801 2006 960 2072 abstinere
976 2006 1016 2071 ab
1035 2005 1224 2092 ejusmodi;·
1234 2015 1264 2066 et

232 2136 293 2182 nec
307 2112 340 2176 in
354 2112 489 2201 privato,
507 2135 568 2178 nec
581 2113 615 2178 in
631 2114 795 2179 commrmi
809 2112 969 2201 colloquio
984 2113 1024 2178 de
1037 2110 1097 2176 illis
1109 2115 1215 2177 verba
1227 2111 1268 2176 ts·

233 2231 325 2288 ce're:
340 2221 504 2286 attendere
515 2233 622 2290 autem
633 2224 815 2313 Prophetis3
830 2225 990 2314 praecipue
999 2233 1100 2288 autem
1110 2223 1271 2308 Evange-

233 2330 289 2408 lio,
306 2331 339 2395 in
354 2353 418 2419 quo
428 2330 532 2418 passio
544 2332 635 2397 nobis
647 2345 785 2408 ostensa,
801 2343 834 2397 et
848 2331 1032 2398 resurreetio
1044 2327 1186 2418 perlecta
1198 2341 1264 2393 est.

232 2439 407 2508 Divisiones
422 2461 496 2504 vero
511 2437 621 2526 fugite,
639 2451 674 2503 ut
689 2440 881 2527 principium
896 2439 1061 2504 malorum.

277 2547 361 2614 Vlll.
392 2546 511 2614 Omnes
534 2547 720 2636 episcopum
743 2549 929 2636 sequimini,
952 2561 988 2613 ut
1009 2547 1100 2612 lesus
1123 2545 1269 2611 Christus

232 2660 359 2727 Patrem
366 2682 375 2731 ς
400 2668 433 2722 et
452 2657 700 2746 presbyterium,
723 2669 759 2721 ut
779 2656 956 2746 Apostolos.
982 2657 1143 2722 'Diaconos
1163 2668 1266 2720 autem

236 2767 455 2840 revereamini,
472 2777 507 2829 ut
522 2764 580 2830 Dei
596 2764 794 2831 mandatum.
814 2765 889 2831 Sine
904 2765 1054 2853 episcopo
1068 2785 1169 2828 nemo
1179 2763 1267 2852 quld·

238 2899 335 2964 quam
346 2875 442 2940 saciat
452 2895 566 2940 eorum
578 2896 648 2961 quae
660 2872 702 2936 ad
715 2871 891 2939 Ecclesiam
907 2883 1038 2962 spectat.
1055 2870 1141 2936 Rata
1156 2871 1261 2936 eucba·

236 2983 323 3049 ristia
348 2983 504 3048 habeatur
523 2980 574 3046 illa
600 3005 670 3069 quae
689 2984 747 3048 sub
767 2983 916 3070 episcopo
935 2980 1043 3056 suerit,
1065 2979 1117 3046 vel
1138 2982 1190 3046 eui
1207 2981 1263 3070 ipse

238 3091 435 3161 consesserit.
466 3090 526 3156 Ubi
549 3094 762 3180 comparuerit
780 3093 959 3180 episcopus,
985 3089 1029 3156 ibi
1051 3102 1085 3154 et
1102 3090 1268 3156 multitudo

238 3204 300 3268 sit:
319 3195 589 3289 quemadmodum
603 3199 659 3263 ubi
671 3198 766 3264 luerit
778 3200 921 3264 Christus
932 3199 1037 3276 lesus,
1050 3201 1096 3266 ibi
1109 3199 1271 3266 Catholica

236 3324 285 3378 est
300 3308 451 3377 Ecclesia.
471 3306 541 3375 Non
553 3305 629 3372 licet
643 3308 710 3374 sine
726 3309 887 3396 episcopo,
904 3332 1008 3395 neque
1022 3310 1201 3398 baptizare,
1218 3331 1270 3374 ne-

238 3445 302 3509 que
322 3442 444 3509 agapen
465 3416 650 3484 celebrare:
674 3417 730 3482 sed
749 3417 974 3504 quodcumque
1000 3417 1053 3482 ille
1077 3417 1271 3507 probaverit.

145 3604 153 3618 ι
239 3531 304 3598 hoc
314 3541 346 3592 et
356 3530 425 3592 Deo
436 3540 484 3592 est
495 3525 732 3616 beneplacitum
747 3550 754 3590 :
773 3539 808 3591 ut
822 3537 928 3592 tutum
944 3515 1112 3615 ratumque
1124 3528 1166 3592 sit
1178 3527 1273 3616 quod·

239 3655 377 3721 eumque
392 3633 504 3720 agitur.

284 3743 342 3812 IX.
362 3739 618 3809 Consentaneum
632 3754 682 3810 est
696 3742 845 3830 deinceps
858 3742 1058 3830 resipisceret
1077 3754 1111 3807 et
1123 3741 1204 3808 dum
1219 3742 1273 3806 ad·

274 3868 385 3918 illattla.
398 3882 449 3924 xix,
464 3883 501 3916 aa.
