2738 4632
255 191 317 262 252
580 211 694 256 annom
717 207 832 256 rusam
856 209 917 254 ms.
943 209 954 252 r

250 319 388 410 quadum
406 318 557 408 sapientia
575 316 695 408 pollere
713 318 773 388 sibi
792 315 952 393 ridentur,
973 335 1073 410 seque
1093 316 1184 406 ipsos
1202 337 1308 380 auer-

251 443 338 511 sam,
360 410 437 499 ‹luru
452 451 529 498 arcu
544 429 716 498 immodice
731 439 885 500 contento
899 426 1098 518 jaculantur,
1119 437 1218 492 tanto
1234 449 1309 492 ma-

251 541 298 629 gis
317 539 485 628 desipiunt.
508 540 660 629 Egressus
678 539 764 604 enim
783 539 968 605 immundus
987 537 1181 628 ignorantiae
1202 535 1307 625 spiri·

251 660 314 726 tus,
335 659 501 736 repostos
518 671 586 726 eos,
607 670 673 716 nou
691 647 772 723 lieo.
794 649 852 716 sed
872 645 1043 716 mundanis
1064 645 1306 734 quaestiouibus

245 769 423 845 occupatos
439 767 565 834 nactus,
581 759 751 847 assumptis
762 756 970 848 septemaliis
984 757 1156 846 spiritibus
1170 757 1303 844 nequio

250 868 338 946 ribus
353 889 593 957 se„eorumqne
603 868 723 944 animo,
741 869 830 956 quasi
845 891 916 956 qum
931 891 1026 956 supra
1042 867 1155 934 Deum
1173 867 1235 932 siut
1248 887 1305 932 oo·

250 975 401 1065 gitationa
420 977 692 1065 comprehendere
707 989 839 1066 queant,
861 975 1086 1050 intumelseto,
1109 986 1214 1064 atquo
1229 987 1304 1064 apta

251 1083 292 1150 ad
312 1085 545 1174 suscipiendum
567 1084 713 1154 fraudem
734 1071 932 1174 comparato,
957 1083 1120 1154 malorum
1146 1084 1302 1174 ignorau-

252 1194 303 1265 tta
318 1194 487 1285 spirituum
501 1197 679 1287 ogdoadem
695 1196 728 1268 iu
743 1219 798 1268 eos
812 1196 954 1266 immisit.

300 1365 336 1442 6⁰
359 1347 514 1464 Quis‘sit
537 1371 775 1474 autemapud
805 1371 994 1450 haereticos
1025 1371 1295 1470 redemptionis

252 1473 384 1549 modus
402 1480 454 1549 sic
471 1480 639 1580 exponit¹
657 1506 665 1549 :

1338 1551 1339 1602 l

294 1644 394 1716 Porro
412 1649 643 1739 redemptionis
660 1652 867 1718 traditionem
888 1647 1079 1718 invisibilem
1103 1647 1190 1737 ipsis
1208 1659 1299 1734 atqua

252 1753 606 1846 incomprehensibilem
623 1784 691 1827 esse
715 1761 875 1851 contigit:
898 1773 934 1826 ut
953 1782 1025 1847 quae
1043 1781 1165 1824 eorum
1188 1779 1297 1847 parem

253 1863 305 1941 sit,
322 1887 393 1952 quae
407 1891 468 1934 neo
483 1869 726 1957 comprehendi,
743 1891 804 1934 nee
818 1868 919 1934 oculis
935 1867 1078 1956 conspici
1093 1879 1239 1954 queunt.
1258 1867 1296 1932 tls

253 1974 402 2062 proinde,
423 1999 498 2042 eum
516 1978 637 2043 ineerta
656 1989 689 2043 et
709 1977 864 2044 instabilis
883 1977 936 2072 sit,
958 1977 1028 2042 lieri
1049 1999 1115 2040 non
1139 1989 1251 2064 potest
1269 1987 1295 2038 ut

254 2105 325 2170 pno
339 2105 379 2151 ao
392 2083 530 2172 ‚simplici
549 2109 696 2151 sermone
711 2111 728 2151 a
744 2109 797 2152 ma
812 2098 1011 2176 exponaturs
1033 2083 1290 2174 quandoquidem

254 2189 471 2277 unusquisque
491 2214 603 2257 eorum
622 2215 681 2280 pro
700 2191 792 2259 libitu
812 2215 870 2258 sno
885 2215 957 2257 sam
973 2192 1087 2257 tradit·
1105 2192 1204 2271 Quot
1217 2195 1290 2258 anim

253 2310 327 2374 suut
346 2297 442 2386 hujus
462 2301 626 2368 sementim
645 2302 805 2376 doctores,
825 2312 874 2365 tot
892 2301 989 2366 etiam
1009 2312 1082 2369 sunt
1097 2301 1286 2388 redemptio-

254 2429 321 2478 nes.
340 2407 381 2477 Et
393 2407 523 2495 quidem
534 2409 674 2497 quorlad
688 2408 837 2498 baptismi
850 2407 946 2485 illius,
959 2429 1018 2497 per
1030 2431 1128 2497 mem
1140 2409 1187 2474 ad
1198 2409 1296 2478 Deum

140 2537 143 2544 ¹
255 2539 493 2605 regeneremur,
514 2517 755 2596 inficiationem,
774 2520 936 2608 totiusque
951 2520 1033 2586 adeo
1046 2519 1124 2585 lidai
1139 2520 1301 2607 abjectio-

255 2651 343 2704 nem,
365 2628 428 2697 hoo
450 2653 550 2719 genus
569 2653 586 2695 s
607 2629 724 2701 Satura
745 2643 929 2720 suggestum
948 2631 1001 2707 sit,
1027 2653 1105 2696 omn
1127 2629 1164 2694 ssi
1181 2653 1297 2696 eorum

256 2739 404 2830 dogmata
420 2739 591 2808 refellenda
609 2752 739 2810 ventum
754 2742 828 2817 erit,
846 2765 903 2807 suo
918 2740 991 2808 loeo
1005 2715 1199 2806 reseramus.

300 2850 399 2919 Aiunt
413 2863 521 2921 sutum
538 2851 622 2916 hanc
635 2850 673 2916 iis
689 2849 743 2938 qui
759 2849 934 2940 perlectam
951 2849 1170 2939 cognitionem
1189 2873 1291 2917 oense

258 2959 324 3028 euti
339 2971 428 3035 suut,
445 2958 655 3028 neeessariam
672 2982 756 3034 esse,
772 2971 807 3029 ut
820 2959 854 3024 in
864 2981 937 3026 eam
949 2960 1100 3025 virtutem
1115 2981 1195 3047 qum
1211 2983 1296 3050 supra

257 3070 363 3140 omniu
383 3071 503 3138 eminet
517 3081 748 3160 regenerentur
754 3095 763 3143 ;
778 3069 871 3136 aliter
886 3068 955 3135 fieri
975 3071 1061 3136 euim
1079 3093 1146 3136 non
1157 3095 1258 3160 posse
1268 3083 1297 3134 ut

258 3181 409 3268 uniquam
426 3179 531 3248 aditus
549 3180 590 3247 etl
606 3181 750 3247 Pleroma
763 3192 882 3268 putent,
899 3181 1016 3269 quippe
1033 3203 1108 3247 oum
1121 3203 1159 3248 ea
1176 3183 1220 3247 sit
1235 3205 1300 3270 qun

259 3315 362 3379 usque
380 3289 422 3364 ud
439 3289 588 3358 intimum
603 3289 700 3378 Bythi
718 3290 823 3358 sinum
840 3312 895 3355 eos
912 3289 1083 3354 detrudat:
1103 3291 1302 3379 etenim-per

260 3400 423 3490 oouspiuui
447 3400 583 3488 ¹quidem
601 3399 683 3465 lem
710 3399 906 3489 baptismum
929 3411 1059 3488 peecata
1080 3399 1220 3476 remitti,
1249 3421 1302 3487 prr

260 3512 509 3588 Christianum,
522 3512 576 3600 qui
589 3511 622 3576 in
633 3535 707 3577 eum
720 3509 934 3585 descenderit,
947 3506 1302 3617 redemptionempffli

259 3619 430 3690 factionem
446 3620 634 3710 comparari.
652 3618 748 3701 illum
761 3620 838 3685 item
853 3617 1036 3694 animalem,
1054 3617 1140 3686 hane
1155 3620 1302 3707 spiritua-

261 3728 325 3796 lem
346 3753 414 3796 esse
442 3743 595 3798 statuunt.
623 3731 671 3798 Ao
693 3733 887 3821 baptismum
910 3731 1039 3820 quidem
1062 3753 1080 3796 a
1106 3727 1238 3798 ‹loanne
1264 3731 1301 3796 ad

295 3856 380 3922 1(ἔτερ.
394 3875 442 3906 rm.
1020 3851 1022 3856 ¹
