2648 4598
365 249 421 292 trs
762 249 970 316 asssumpta

359 360 436 422 iiuur
459 338 629 422 eventuum
650 357 744 422 serios
766 357 863 422 iidem
889 381 996 424 eorum
1015 359 1075 424 iacit
1097 383 1189 446 pontu
1203 389 1239 450 op-

359 483 464 536 menta
478 467 575 534 oculis
589 467 757 556 spectando
777 491 841 534 uon
856 470 1029 542 tmduntur;
1045 468 1123 534 multo
1133 473 1233 559 nubum

358 601 396 642 ex
412 575 544 642 naturali
564 579 642 642 serie
664 579 827 644 veritatem
847 579 1038 668 investigans,
1055 581 1238 646 fidentissime·

359 685 517 760 rectionis,
540 708 614 749 cum
629 687 727 750 tutior
741 697 771 752 et
788 689 984 774 praestantior
997 689 1236 778 sitexperientirrdrr·

357 795 567 858 firmationem
581 795 729 860 veritatis.

400 901 502 968 ttvtt.
521 902 690 968 Rationum
706 915 865 970 momente
881 905 977 970 medo
995 929 1011 968 a
1026 906 1102 970 nobit
1113 905 1236 990 abionem

357 1013 433 1076 dum
445 1013 603 1100 proposita
614 1035 652 1077 ec
664 1015 928 1080 resurrectionem
940 1015 1124 1090 adsuueutia,
1135 1015 1236 1102 suntquis

355 1123 459 1188 omnia
475 1123 618 1210 ejusdem
633 1124 768 1210 generis,
783 1136 819 1188 ut
834 1147 873 1189 ex
887 1127 1002 1192 eodem
1015 1137 1079 1192 nata
1091 1127 1185 1214 principi
1195 1127 1237 1209 ‘pas
1254 1117 1255 1136 ¹

355 1231 472 1318 cipium
493 1243 600 1295 autem
623 1229 682 1294 iilis
704 1244 751 1296 est
773 1233 949 1320 primorum
971 1233 1118 1299 hominum
1135 1255 1161 1296 u
1172 1231 1232 1294 reu

354 1339 547 1426 generatio),
572 1337 627 1402 sed
646 1337 704 1402 alia
725 1361 762 1402 ex
780 1339 847 1426 ipso
868 1341 1090 1406 confirmantur
1104 1339 1198 1428 princpie
1207 1358 1233 1398 au·

354 1461 422 1512 orta
445 1459 530 1522 sunt,
552 1445 610 1511 alia
630 1459 749 1511 naturae
767 1459 799 1511 et
818 1447 888 1513 vitae
910 1449 1073 1516 bominum
1089 1445 1233 1534 mmtqtttt'ts·

353 1555 410 1622 Dei
427 1555 510 1620 circs
531 1577 588 1618 nos
603 1553 798 1640 providentia
814 1554 910 1619 fidem
926 1557 1080 1646 accipiunt
1097 1557 1161 1640 (nau
1171 1574 1235 1661 susp

353 1665 493 1732 cundum
514 1685 608 1750 quam
630 1674 661 1726 ct
681 1675 925 1750 propterquam
946 1666 1012 1730 neti
1033 1677 1098 1730 sunt
1111 1663 1236 1728 haume

353 1786 463 1838 natura
479 1771 644 1836 hominum
659 1769 818 1858 colligate,
833 1793 872 1834 ex
886 1773 1047 1839 creatione
1061 1775 1114 1838 rim
1125 1767 1237 1842 tuni*

352 1883 426 1947 titiae
445 1893 552 1945 autem
572 1881 663 1954 ratio,
684 1879 859 1944 secundum
878 1903 978 1966 quam
997 1883 1123 1948 homines
1135 1869 1237 1968 quiisti

352 1991 433 2057 maie
444 1991 587 2055 vixerunt
597 1987 718 2076 judicat
732 1989 829 2062 Deus,
845 2013 884 2053 ex
895 1993 1081 2056 eorumdem
1090 1983 1237 2056 inmuta.

352 2101 436 2166 iiiinc
455 2099 540 2164 enim
559 2105 743 2172 nascuntur,
764 2097 820 2162 sed
836 2099 934 2186 magis
951 2099 1092 2187 pendent
1105 2089 1238 2184 aparte

349 2207 508 2271 Prioribus
530 2217 649 2279 nutem,
676 2215 710 2268 ut
731 2203 903 2291 potuimus,
927 2195 1239 2290 demonstrarentur

349 2338 422 2380 sane
438 2313 531 2380 t'uerit
546 2313 641 2377 etiam
656 2335 695 2375 ex
709 2313 948 2400 posterioribus,
971 2315 1005 2380 id
1023 2328 1070 2381 est
1082 2301 1239 2383 exiti'ttttiiuc

349 2423 466 2488 bomini
486 2421 661 2486 secundum
680 2421 800 2508 justum
818 2419 973 2508 judicium
993 2417 1242 2512 praemisissent

346 2555 384 2596 ex
399 2531 468 2596 vite
483 2529 628 2594 burnanae
648 2529 711 2593 bue
726 2551 794 2594 rem
813 2529 1008 2617 propositum
1028 2527 1239 2598 demorante

345 2665 384 2705 ux
403 2639 475 2727 ipsis
494 2636 552 2702 iilis
572 2637 604 2701 id
618 2637 810 2725 praemittcre
830 2639 915 2725 quod
929 2651 1045 2704 natura
1060 2633 1258 2729 pnnccpsnrtap

346 2749 453 2836 judicii
469 2748 589 2813 ratione
605 2745 728 2810 initium
744 2745 963 2811 considerandi
977 2745 1095 2818 sncere;
1112 2763 1180 2808 unun
1188 2741 1243 2797 urus,

264 2875 269 2885 ’
346 2859 448 2924 studio
470 2855 683 2923 convenientis
706 2858 800 2920 rebus
823 2855 990 2943 propositis
1012 2849 1144 2946 principii
1158 2859 1178 2912 et
1192 2837 1245 2906 nib.

345 2967 559 3054 subjicientes,
576 2975 723 3052 oportere
739 2975 773 3027 ut
787 2963 841 3051 qui
857 2976 1033 3030 creatorem
1048 2963 1132 3052 hujus
1146 2952 1245 3022 enuit·

344 3076 471 3140 mittunt
487 3073 603 3146 Deum,
625 3073 695 3158 ejus
714 3073 872 3160 sapientire
887 3085 918 3138 et
933 3073 1059 3160 justitiae
1074 3057 1247 3162 eperumtfflif·

344 3181 518 3248 custodiam
543 3190 575 3243 et
598 3177 827 3265 providentiam
852 3179 1021 3268 assignent,
1045 3181 1069 3246 si
1084 3175 1189 3267 -quiden
1204 3167 1244 3229 ifle,

342 3290 501 3380 principiis
517 3309 701 3375 permanere
716 3285 825 3364 veiint,
845 3299 876 3352 et
891 3311 965 3353 cum
981 3289 1019 3354 do
1034 3287 1080 3354 bis
1094 3288 1129 3351 ita
1143 3279 1242 3348 ertias:

343 3403 385 3468 bii
400 3399 529 3466 omnino
547 3419 650 3485 neque
667 3397 698 3462 in
718 3395 797 3462 coelo
812 3419 914 3486 noque
929 3399 962 3464 iu
980 3409 1065 3464 terre*
1079 3381 1235 3486 gubernatu

341 3507 542 3599 providentiae
557 3528 667 3593 expers
683 3505 874 3579 existiment,
892 3505 946 3571 sed
965 3507 1005 3572 a'd
1021 3507 1130 3580 omnis,
1144 3495 1248 3566 sirelrta·

341 3619 403 3682 sive
418 3615 582 3690 exstantia,
599 3615 662 3679 sive
678 3637 771 3702 parva
787 3615 851 3680 sive
866 3638 992 3704 magna,
1009 3613 1239 3704 procurationes

341 3727 416 3790 toris
433 3748 595 3812 permeare
615 3735 795 3812 agnoscant.
821 3723 922 3810 Egent
941 3723 1025 3788 enim
1045 3747 1092 3787 res
1111 3727 1196 3786 creato
1210 3727 1250 3770 aar

342 3835 488 3898 creatoris
503 3833 746 3918 procuratione:
769 3829 924 3918 sigillatim
936 3843 1041 3896 autem
1057 3836 1247 3915 unaquaeqtttt*
