2674 4618
403 319 525 364 coarat
549 319 670 362 amcos
693 319 817 363 enarro.
995 367 997 374 ¹
1079 295 1118 363 55

109 427 294 516 corporibus.
324 425 434 494 Vestra
460 439 566 495 autem
587 427 710 494 iuvidiae
735 428 827 517 plena
847 447 885 493 ac
905 425 1048 516 plurimae
1068 451 1120 494 so-

106 535 222 602 cordiae.

145 643 298 710 XXXlll.
326 644 529 734 Quapropter
549 669 587 710 ex
607 647 644 711 iis
667 649 774 721 rehus,
791 669 872 734 rrpuas
894 669 949 714 vos
968 649 1002 714 in
1021 649 1124 737 pretio

108 751 239 826 hahetis,
255 750 383 840 planum
397 753 500 817 heere
518 753 656 828 decrevi,
672 765 778 819 nostra
793 755 933 821 instituta
948 769 1124 846 temperan-

109 860 182 925 tiam
196 883 332 936 soeyare,
348 873 450 926 restra
466 883 539 927 vero
551 861 670 927 insania
684 860 799 926 relerta
811 885 891 930 esso.
907 864 986 930 Nam
1000 863 1055 953 qui
1066 887 1124 930 nos

111 969 189 1034 inter
204 967 349 1038 mulieres
360 981 393 1036 et
403 969 630 1047 adolescentes,
642 971 725 1038 iuter
735 970 869 1060 drgines
880 985 912 1038 et
926 997 1003 1040 anus
1014 975 1125 1064 nugari

111 1078 222 1154 dicitis,
238 1089 270 1144 et
285 1080 357 1168 quia
372 1080 535 1146 vobiscum
550 1103 614 1148 non
630 1103 750 1157 sumus,
767 1081 917 1155 irridetisr
935 1084 1011 1171 quid
1026 1105 1126 1174 nuga-

110 1209 175 1254 rum
196 1187 301 1254 serunt
320 1211 370 1254 res
390 1188 573 1255 Graecorum
593 1189 711 1254 audite.
729 1187 894 1277 Nugantnr
911 1190 998 1255 enim
1016 1213 1126 1256 emam

110 1306 201 1370 artes,
216 1294 296 1360 dum
309 1296 432 1382 majore
446 1296 479 1361 in
492 1295 595 1384 pretio
613 1307 685 1360 sunt
699 1315 796 1382 quam
809 1296 903 1362 vestri
917 1295 973 1372 dii,
989 1308 1023 1362 et
1041 1299 1126 1364 circa

111 1426 295 1494 gynaeceum
307 1405 456 1472 indecore
470 1429 525 1470 vos
540 1405 655 1494 geritis.
670 1404 836 1472 Praxillam
850 1406 948 1483 enim,
965 1429 1034 1493 quae
1049 1406 1127 1474 nihil

110 1513 183 1580 utile
203 1514 396 1580 carminibus
416 1514 504 1590 dixit,
519 1535 634 1580 aeream
649 1513 723 1579 iecit
736 1513 904 1603 hysippusa
922 1513 1127 1581 learchidem

108 1625 327 1700 Menestratns,
345 1623 474 1712 Sappho
486 1623 687 1690 meretricem
705 1623 857 1700 Silanien,
879 1623 1031 1692 Erinnam
1052 1625 1129 1690 Les-

108 1735 190 1800 biam
206 1733 389 1822 Naucydes,
400 1735 531 1800 Boiscm
545 1733 725 1821 llyrtidem,
738 1733 862 1822 lllyrunr
878 1734 1061 1821 Byzantium
1072 1733 1130 1799 Ge-

108 1844 307 1933 praedatus,
323 1842 556 1933 Praxigoridem
566 1841 743 1932 Gomphus,
756 1842 873 1910 Clitum
885 1841 1127 1932 Amphistratus.

111 1953 195 2031 Quid
208 1952 297 2018 enim
317 1951 422 2018 dicam
440 1951 480 2018 de
500 1951 616 2040 tnya,
636 1949 778 2018 Telesilla
800 1964 833 2017 et
850 1952 1005 2039 llystidei’
1019 1953 1131 2020 Primae

112 2062 318 2150 Euthycrates
342 2073 375 2127 et
401 2061 643 2151 Cephisodotus,
666 2062 811 2128 oenandae
834 2063 1008 2140 Niceratus,
1031 2066 1130 2130 tertiae

114 2171 322 2247 Aristodotus,
332 2172 460 2260 opilices
470 2175 611 2248 luerunt;
625 2171 848 2240 Mnesarchidis
859 2175 1001 2263 Ephesia
1013 2169 1130 2263 Euthy-

111 2293 224 2356 crates,
235 2281 382 2348 Gorinnae
394 2281 546 2358 Silanion,
554 2281 769 2348 Thalarchidis
778 2283 899 2371 Argiva
909 2284 1127 2370 Euthycrates.
1180 2313 1187 2338 ι

108 2390 172 2454 llas
184 2410 350 2454 recensere
362 2387 460 2464 volui,
472 2411 512 2455 ne
524 2389 600 2476 quid
611 2389 682 2454 novi
694 2390 780 2479 apud
791 2413 847 2456 nos
858 2392 1039 2459 existimetis
1051 2393 1132 2468 lieri,

113 2511 210 2586 atque
229 2511 267 2563 ut
281 2501 476 2566 obuersantia
500 2499 597 2565 oculis
614 2514 819 2566 monumenta
835 2516 1065 2592 comparantes,
1080 2527 1133 2569 aas

111 2629 186 2693 quae
208 2607 296 2693 apud
314 2629 369 2672 noa
387 2605 647 2706 philosophantur
668 2631 732 2672 non
750 2609 913 2675 irrideatis.
940 2611 987 2677 Ac
1005 2611 1134 2701 Sappho

108 2715 244 2805 quidem
264 2717 414 2782 meretrix
432 2729 465 2782 et
483 2717 642 2805 impudica
663 2716 863 2792 muliercula;
882 2743 919 2785 ac
935 2743 1024 2785 suam
1039 2722 1135 2808 ipsius

109 2824 274 2891 lasciviam
286 2822 381 2890 canit.
397 2822 438 2890 dt
448 2847 557 2891 omnes
569 2825 690 2912 pudicae
701 2827 785 2913 apud
799 2847 856 2891 nos
871 2838 956 2902 sunt,
968 2838 1000 2892 et
1015 2829 1134 2895 circum

109 2928 183 2998 oola
207 2928 357 3017 virgines,
380 2928 481 2995 multo
501 2929 678 3019 praeclarius
701 2951 795 3018 quam
819 2941 919 2994 vestra
941 2929 992 2996 illa
1017 2933 1134 3022 puello,

109 3039 224 3103 divina
238 3037 365 3105 oracula
380 3039 593 3126 pronuntiant.
614 3038 814 3126 Quapropter
826 3033 945 3126 pudere
961 3061 1015 3105 ros
1030 3040 1137 3118 dehet,

114 3145 208 3232 quod
229 3145 288 3233 ipsi
306 3146 432 3233 quidem
452 3145 709 3214 muliercularum
729 3143 871 3234 discipuli
893 3147 971 3224 sitis,
990 3149 1136 3218 mulieres

113 3267 232 3320 autem
247 3254 385 3322 instituto
398 3268 507 3322 nostro
521 3255 674 3331 addictas,
690 3277 764 3322 cum
779 3254 969 3322 solemnibus
985 3279 1061 3346 quas
1076 3258 1136 3323 illaa

111 3365 244 3430 obeunt
255 3364 456 3431 conventibus
468 3364 637 3453 exagitatis.
650 3362 784 3443 Qualem
794 3365 878 3432 enim
891 3367 978 3432 vohis
994 3378 1026 3432 et
1043 3389 1137 3455 quam

106 3471 304 3562 praeclaram
312 3473 431 3563 prolem
441 3474 538 3541 edidit
546 3472 807 3563 Glaucippe,quaa
816 3486 993 3541 monstrum
1000 3478 1137 3565 peperit!

106 3583 389 3672 quemadmodum
407 3586 602 3652 demonstrat
620 3583 702 3650 illius
726 3596 839 3661 statuo,
858 3584 973 3673 opifice
992 3587 1137 3652 Nicerato

103 3693 303 3760 Atheniensi
318 3696 522 3762 Euctemouis
538 3695 612 3762 filio.
627 3695 692 3762 Etsi
708 3696 791 3762 enim
803 3695 1001 3784 elephantem
1018 3698 1138 3785 peperit

103 3801 307 3892 Glaucippe,
325 3804 402 3892 quid
417 3827 518 3870 causae
533 3816 580 3870 est
595 3825 651 3868 cur
666 3802 792 3893 publico
808 3804 927 3869 honore
940 3801 1141 3892 perfruatur?

104 3913 270 4000 Phrynen
278 3914 368 3982 vohis
379 3915 579 3980 meretricem
586 3913 752 3981 Praxiteles
760 3926 792 3980 ct
800 3913 974 3982 llorudotus
986 3915 1140 3990 lecerunt,

935 4026 963 4088 ὅ.
