<?xml version="1.0" encoding="UTF-8"?>
<!DOCTYPE html PUBLIC "-//W3C//DTD XHTML 1.0 Transitional//EN"
    "http://www.w3.org/TR/xhtml1/DTD/xhtml1-transitional.dtd">
<html xmlns="http://www.w3.org/1999/xhtml" xml:lang="en" lang="en">
 <head>
  <title>
</title>
<meta http-equiv="Content-Type" content="text/html;charset=utf-8" />
  <meta name='ocr-system' content='tesseract 3.04.00' />
  <meta name='ocr-capabilities' content='ocr_page ocr_carea ocr_par ocr_line ocrx_word'/>
</head>
<body>
  <div class='ocr_page' id='page_1' title='image "./collectioselect02guilgoog_0961.png"; bbox 0 0 2648 4634; ppageno 0'>
   <div class='ocr_carea' id='block_1_1' title="bbox 227 269 946 347">
    <p class='ocr_par' dir='ltr' id='par_1_1' title="bbox 227 269 946 347">
     <span class='ocr_line' id='line_1_1' title="bbox 227 269 946 347; baseline -0.003 -15"><span class='ocrx_word' id='word_1_1' title='bbox 227 269 290 347; x_wconf 73' lang='lat' dir='ltr'><strong>dds</strong></span> <span class='ocrx_word' id='word_1_2' title='bbox 549 286 663 332; x_wconf 75' lang='lat' dir='ltr'><strong>cancri</strong></span> <span class='ocrx_word' id='word_1_3' title='bbox 688 285 802 332; x_wconf 79' lang='lat' dir='ltr'><strong>rasum</strong></span> <span class='ocrx_word' id='word_1_4' title='bbox 824 285 885 330; x_wconf 85' lang='lat' dir='ltr'><strong>nra.</strong></span> <span class='ocrx_word' id='word_1_5' title='bbox 914 286 946 330; x_wconf 83' lang='lat' dir='ltr'><strong>rr</strong></span> 
     </span>
    </p>
   </div>
   <div class='ocr_carea' id='block_1_2' title="bbox 225 393 1269 3886">
    <p class='ocr_par' dir='ltr' id='par_1_2' title="bbox 225 393 1269 3202">
     <span class='ocr_line' id='line_1_2' title="bbox 227 393 1269 476; baseline -0.004 -10"><span class='ocrx_word' id='word_1_6' title='bbox 227 409 306 476; x_wconf 83' lang='lat' dir='ltr'><strong>trae,</strong></span> <span class='ocrx_word' id='word_1_7' title='bbox 330 395 561 464; x_wconf 82' lang='lat' dir='ltr'><strong>inconsiderate</strong></span> <span class='ocrx_word' id='word_1_8' title='bbox 580 393 677 462; x_wconf 84' lang='lat' dir='ltr'><strong>elatii</strong></span> <span class='ocrx_word' id='word_1_9' title='bbox 695 393 836 464; x_wconf 78' lang='lat' dir='ltr'>Audistis</span> <span class='ocrx_word' id='word_1_10' title='bbox 851 419 864 456; x_wconf 80' lang='lat' dir='ltr'><strong>r</strong></span> <span class='ocrx_word' id='word_1_11' title='bbox 877 417 1008 464; x_wconf 80' lang='lat' dir='ltr'><strong>mensos</strong></span> <span class='ocrx_word' id='word_1_12' title='bbox 1031 419 1105 462; x_wconf 85' lang='lat' dir='ltr'><strong>esse</strong></span> <span class='ocrx_word' id='word_1_13' title='bbox 1123 393 1269 464; x_wconf 79' lang='lat' dir='ltr'><strong>ooelosia</strong></span> 
     </span>
     <span class='ocr_line' id='line_1_3' title="bbox 228 504 1269 598; baseline -0.001 -24"><span class='ocrx_word' id='word_1_14' title='bbox 228 537 241 574; x_wconf 77' lang='lat' dir='ltr'><strong>r</strong></span> <span class='ocrx_word' id='word_1_15' title='bbox 256 505 374 598; x_wconf 83' lang='lat' dir='ltr'><strong>palma¹</strong></span> <span class='ocrx_word' id='word_1_16' title='bbox 384 531 394 582; x_wconf 72' lang='grc' dir='ltr'>ς</span> <span class='ocrx_word' id='word_1_17' title='bbox 405 505 523 573; x_wconf 81' lang='lat' dir='ltr'><strong>»dicite</strong></span> <span class='ocrx_word' id='word_1_18' title='bbox 534 505 614 574; x_wconf 90' lang='lat' dir='ltr'><strong>mihi</strong></span> <span class='ocrx_word' id='word_1_19' title='bbox 625 527 822 583; x_wconf 87' lang='lat' dir='ltr'><strong>mensuram,</strong></span> <span class='ocrx_word' id='word_1_20' title='bbox 831 515 1020 573; x_wconf 84' lang='lat' dir='ltr'><strong>ctenerratc</strong></span> <span class='ocrx_word' id='word_1_21' title='bbox 1031 504 1269 574; x_wconf 67' lang='lat' dir='ltr'>multitudinem</span> 
     </span>
     <span class='ocr_line' id='line_1_4' title="bbox 225 611 1268 703; baseline -0.004 -20"><span class='ocrx_word' id='word_1_22' title='bbox 225 617 407 684; x_wconf 84' lang='lat' dir='ltr'><strong>cubitorum</strong></span> <span class='ocrx_word' id='word_1_23' title='bbox 418 611 684 681; x_wconf 76' lang='lat' dir='ltr'><strong>innumerabilem</strong></span> <span class='ocrx_word' id='word_1_24' title='bbox 695 635 704 678; x_wconf 76' lang='lat' dir='ltr'><strong>t</strong></span> <span class='ocrx_word' id='word_1_25' title='bbox 717 613 864 702; x_wconf 78' lang='lat' dir='ltr'>exponite</span> <span class='ocrx_word' id='word_1_26' title='bbox 874 613 954 682; x_wconf 86' lang='lat' dir='ltr'><strong>milri</strong></span> <span class='ocrx_word' id='word_1_27' title='bbox 965 611 1220 703; x_wconf 76' lang='lat' dir='ltr'><strong>plenitudinem,</strong></span> <span class='ocrx_word' id='word_1_28' title='bbox 1232 613 1268 679; x_wconf 71' lang='lat' dir='ltr'><strong>le</strong></span> 
     </span>
     <span class='ocr_line' id='line_1_5' title="bbox 226 718 1263 812; baseline -0.004 -21"><span class='ocrx_word' id='word_1_29' title='bbox 226 725 408 800; x_wconf 89' lang='lat' dir='ltr'><strong>titudinem,</strong></span> <span class='ocrx_word' id='word_1_30' title='bbox 424 734 458 790; x_wconf 93' lang='lat' dir='ltr'><strong>et</strong></span> <span class='ocrx_word' id='word_1_31' title='bbox 476 720 723 812; x_wconf 78' lang='lat' dir='ltr'><strong>longitudinem,</strong></span> <span class='ocrx_word' id='word_1_32' title='bbox 735 731 769 788; x_wconf 80' lang='lat' dir='ltr'><strong>et</strong></span> <span class='ocrx_word' id='word_1_33' title='bbox 786 718 1000 797; x_wconf 76' lang='lat' dir='ltr'><strong>altitudinem,</strong></span> <span class='ocrx_word' id='word_1_34' title='bbox 1013 722 1263 790; x_wconf 70' lang='lat' dir='ltr'><strong>circummensr</strong></span> 
     </span>
     <span class='ocr_line' id='line_1_6' title="bbox 227 827 1262 921; baseline -0.003 -21"><span class='ocrx_word' id='word_1_35' title='bbox 227 831 355 900; x_wconf 84' lang='lat' dir='ltr'><strong>rationis</strong></span> <span class='ocrx_word' id='word_1_36' title='bbox 370 829 498 896; x_wconf 88' lang='lat' dir='ltr'><strong>initium</strong></span> <span class='ocrx_word' id='word_1_37' title='bbox 518 841 552 896; x_wconf 90' lang='lat' dir='ltr'><strong>et</strong></span> <span class='ocrx_word' id='word_1_38' title='bbox 574 827 685 907; x_wconf 89' lang='lat' dir='ltr'><strong>linem,</strong></span> <span class='ocrx_word' id='word_1_39' title='bbox 701 851 771 917; x_wconf 78' lang='lat' dir='ltr'><strong>quae</strong></span> <span class='ocrx_word' id='word_1_40' title='bbox 787 851 851 896; x_wconf 92' lang='lat' dir='ltr'><strong>non</strong></span> <span class='ocrx_word' id='word_1_41' title='bbox 867 827 1016 921; x_wconf 89' lang='lat' dir='ltr'><strong>intelligit</strong></span> <span class='ocrx_word' id='word_1_42' title='bbox 1030 853 1090 898; x_wconf 87' lang='lat' dir='ltr'><strong>cor</strong></span> <span class='ocrx_word' id='word_1_43' title='bbox 1110 830 1262 904; x_wconf 55' lang='lat' dir='ltr'><strong>hominio</strong></span> 
     </span>
     <span class='ocr_line' id='line_1_7' title="bbox 226 935 1265 1030; baseline -0.004 -20"><span class='ocrx_word' id='word_1_44' title='bbox 226 955 259 1010; x_wconf 87' lang='lat' dir='ltr'><strong>et</strong></span> <span class='ocrx_word' id='word_1_45' title='bbox 273 963 338 1008; x_wconf 89' lang='lat' dir='ltr'><strong>non</strong></span> <span class='ocrx_word' id='word_1_46' title='bbox 355 937 603 1030; x_wconf 89' lang='lat' dir='ltr'><strong>comprehendit</strong></span> <span class='ocrx_word' id='word_1_47' title='bbox 617 961 665 1005; x_wconf 86' lang='lat' dir='ltr'><strong>ea.</strong></span> <span class='ocrx_word' id='word_1_48' title='bbox 684 935 767 1004; x_wconf 83' lang='lat' dir='ltr'><strong>Vere</strong></span> <span class='ocrx_word' id='word_1_49' title='bbox 781 938 867 1005; x_wconf 88' lang='lat' dir='ltr'><strong>enim</strong></span> <span class='ocrx_word' id='word_1_50' title='bbox 881 961 997 1030; x_wconf 75' lang='lat' dir='ltr'><strong>magne</strong></span> <span class='ocrx_word' id='word_1_51' title='bbox 1014 951 1092 1006; x_wconf 85' lang='lat' dir='ltr'><strong>sunt</strong></span> <span class='ocrx_word' id='word_1_52' title='bbox 1106 939 1265 1006; x_wconf 79' lang='lat' dir='ltr'><strong>thesemo</strong></span> 
     </span>
     <span class='ocr_line' id='line_1_8' title="bbox 226 1045 1265 1143; baseline -0.004 -23"><span class='ocrx_word' id='word_1_53' title='bbox 226 1051 371 1143; x_wconf 84' lang='lat' dir='ltr'><strong>phylecia</strong></span> <span class='ocrx_word' id='word_1_54' title='bbox 397 1049 565 1119; x_wconf 75' lang='lat' dir='ltr'><strong>colestia:</strong></span> <span class='ocrx_word' id='word_1_55' title='bbox 588 1045 854 1116; x_wconf 84' lang='lat' dir='ltr'><strong>immensurabilis</strong></span> <span class='ocrx_word' id='word_1_56' title='bbox 874 1051 975 1117; x_wconf 89' lang='lat' dir='ltr'><strong>estin</strong></span> <span class='ocrx_word' id='word_1_57' title='bbox 993 1049 1095 1118; x_wconf 84' lang='lat' dir='ltr'><strong>corde</strong></span> <span class='ocrx_word' id='word_1_58' title='bbox 1117 1050 1221 1126; x_wconf 80' lang='lat' dir='ltr'><strong>Deus,</strong></span> <span class='ocrx_word' id='word_1_59' title='bbox 1238 1063 1265 1116; x_wconf 86' lang='lat' dir='ltr'><strong>et</strong></span> 
     </span>
     <span class='ocr_line' id='line_1_9' title="bbox 225 1157 1264 1251; baseline -0.004 -23"><span class='ocrx_word' id='word_1_60' title='bbox 225 1157 557 1251; x_wconf 88' lang='lat' dir='ltr'><strong>incomprehensibilis</strong></span> <span class='ocrx_word' id='word_1_61' title='bbox 572 1159 604 1226; x_wconf 93' lang='lat' dir='ltr'><strong>in</strong></span> <span class='ocrx_word' id='word_1_62' title='bbox 619 1159 739 1236; x_wconf 87' lang='lat' dir='ltr'><strong>animo,</strong></span> <span class='ocrx_word' id='word_1_63' title='bbox 755 1157 810 1246; x_wconf 90' lang='lat' dir='ltr'><strong>qui</strong></span> <span class='ocrx_word' id='word_1_64' title='bbox 827 1157 1071 1249; x_wconf 88' lang='lat' dir='ltr'><strong>comprehendit</strong></span> <span class='ocrx_word' id='word_1_65' title='bbox 1082 1170 1264 1249; x_wconf 81' lang='lat' dir='ltr'><strong>terrampa</strong></span> 
     </span>
     <span class='ocr_line' id='line_1_10' title="bbox 228 1268 1263 1364; baseline 0 -28"><span class='ocrx_word' id='word_1_66' title='bbox 228 1268 313 1364; x_wconf 89' lang='lat' dir='ltr'><strong>gillo.</strong></span> <span class='ocrx_word' id='word_1_67' title='bbox 335 1269 416 1350; x_wconf 87' lang='lat' dir='ltr'><strong>Quis</strong></span> <span class='ocrx_word' id='word_1_68' title='bbox 434 1269 563 1359; x_wconf 72' lang='lat' dir='ltr'><strong>respicit</strong></span> <span class='ocrx_word' id='word_1_69' title='bbox 577 1289 760 1336; x_wconf 86' lang='lat' dir='ltr'><strong>mensuram</strong></span> <span class='ocrx_word' id='word_1_70' title='bbox 774 1268 911 1337; x_wconf 74' lang='lat' dir='ltr'><strong>dexterea</strong></span> <span class='ocrx_word' id='word_1_71' title='bbox 925 1269 1021 1359; x_wconf 82' lang='lat' dir='ltr'><strong>ejus?</strong></span> <span class='ocrx_word' id='word_1_72' title='bbox 1038 1269 1190 1360; x_wconf 81' lang='lat' dir='ltr'><strong>Digitum</strong></span> <span class='ocrx_word' id='word_1_73' title='bbox 1204 1273 1263 1360; x_wconf 85' lang='lat' dir='ltr'><strong>quir</strong></span> 
     </span>
     <span class='ocr_line' id='line_1_11' title="bbox 230 1371 1263 1471; baseline -0.003 -22"><span class='ocrx_word' id='word_1_74' title='bbox 230 1378 410 1471; x_wconf 60' lang='lat' dir='ltr'><strong>cognoscin</strong></span> <span class='ocrx_word' id='word_1_75' title='bbox 430 1389 487 1443; x_wconf 90' lang='lat' dir='ltr'><strong>aut</strong></span> <span class='ocrx_word' id='word_1_76' title='bbox 505 1371 636 1444; x_wconf 85' lang='lat' dir='ltr'><strong>manum</strong></span> <span class='ocrx_word' id='word_1_77' title='bbox 650 1379 719 1468; x_wconf 85' lang='lat' dir='ltr'><strong>ejus</strong></span> <span class='ocrx_word' id='word_1_78' title='bbox 734 1379 804 1468; x_wconf 88' lang='lat' dir='ltr'><strong>quis</strong></span> <span class='ocrx_word' id='word_1_79' title='bbox 821 1376 979 1468; x_wconf 88' lang='lat' dir='ltr'><strong>intelligit,</strong></span> <span class='ocrx_word' id='word_1_80' title='bbox 996 1401 1070 1445; x_wconf 84' lang='lat' dir='ltr'><strong>enm</strong></span> <span class='ocrx_word' id='word_1_81' title='bbox 1088 1401 1166 1467; x_wconf 76' lang='lat' dir='ltr'><strong>quse</strong></span> <span class='ocrx_word' id='word_1_82' title='bbox 1181 1403 1263 1446; x_wconf 74' lang='lat' dir='ltr'><strong>rnen</strong></span> 
     </span>
     <span class='ocr_line' id='line_1_12' title="bbox 228 1485 1262 1575; baseline 0 -19"><span class='ocrx_word' id='word_1_83' title='bbox 228 1500 317 1556; x_wconf 91' lang='lat' dir='ltr'><strong>surat</strong></span> <span class='ocrx_word' id='word_1_84' title='bbox 339 1485 506 1562; x_wconf 85' lang='lat' dir='ltr'><strong>immensa,</strong></span> <span class='ocrx_word' id='word_1_85' title='bbox 526 1506 598 1552; x_wconf 87' lang='lat' dir='ltr'><strong>cam</strong></span> <span class='ocrx_word' id='word_1_86' title='bbox 619 1509 689 1575; x_wconf 83' lang='lat' dir='ltr'><strong>quae</strong></span> <span class='ocrx_word' id='word_1_87' title='bbox 712 1487 814 1556; x_wconf 88' lang='lat' dir='ltr'><strong>tendit</strong></span> <span class='ocrx_word' id='word_1_88' title='bbox 832 1509 980 1555; x_wconf 85' lang='lat' dir='ltr'><strong>mensura</strong></span> <span class='ocrx_word' id='word_1_89' title='bbox 999 1509 1057 1552; x_wconf 86' lang='lat' dir='ltr'><strong>sna</strong></span> <span class='ocrx_word' id='word_1_90' title='bbox 1084 1511 1262 1556; x_wconf 75' lang='lat' dir='ltr'><strong>mensuram</strong></span> 
     </span>
     <span class='ocr_line' id='line_1_13' title="bbox 229 1593 1262 1685; baseline -0.006 -19"><span class='ocrx_word' id='word_1_91' title='bbox 229 1596 399 1673; x_wconf 83' lang='lat' dir='ltr'><strong>coelorum,</strong></span> <span class='ocrx_word' id='word_1_92' title='bbox 414 1605 447 1660; x_wconf 94' lang='lat' dir='ltr'><strong>et</strong></span> <span class='ocrx_word' id='word_1_93' title='bbox 462 1593 650 1684; x_wconf 75' lang='lat' dir='ltr'><strong>constringit</strong></span> <span class='ocrx_word' id='word_1_94' title='bbox 672 1593 791 1684; x_wconf 77' lang='lat' dir='ltr'><strong>pugillo</strong></span> <span class='ocrx_word' id='word_1_95' title='bbox 811 1606 928 1662; x_wconf 83' lang='lat' dir='ltr'><strong>terrem</strong></span> <span class='ocrx_word' id='word_1_96' title='bbox 943 1616 1019 1661; x_wconf 89' lang='lat' dir='ltr'><strong>cam</strong></span> <span class='ocrx_word' id='word_1_97' title='bbox 1041 1595 1183 1684; x_wconf 78' lang='lat' dir='ltr'><strong>abyssis,</strong></span> <span class='ocrx_word' id='word_1_98' title='bbox 1202 1620 1262 1685; x_wconf 74' lang='lat' dir='ltr'><strong>qua</strong></span> 
     </span>
     <span class='ocr_line' id='line_1_14' title="bbox 229 1700 1263 1792; baseline -0.006 -18"><span class='ocrx_word' id='word_1_99' title='bbox 229 1707 263 1773; x_wconf 90' lang='lat' dir='ltr'><strong>in</strong></span> <span class='ocrx_word' id='word_1_100' title='bbox 279 1728 312 1773; x_wconf 88' lang='lat' dir='ltr'><strong>se</strong></span> <span class='ocrx_word' id='word_1_101' title='bbox 327 1703 470 1772; x_wconf 88' lang='lat' dir='ltr'><strong>continet</strong></span> <span class='ocrx_word' id='word_1_102' title='bbox 485 1700 698 1779; x_wconf 90' lang='lat' dir='ltr'><strong>latitudinem,</strong></span> <span class='ocrx_word' id='word_1_103' title='bbox 714 1713 747 1768; x_wconf 89' lang='lat' dir='ltr'><strong>et</strong></span> <span class='ocrx_word' id='word_1_104' title='bbox 761 1701 1006 1792; x_wconf 87' lang='lat' dir='ltr'><strong>longitudinem,</strong></span> <span class='ocrx_word' id='word_1_105' title='bbox 1022 1714 1056 1768; x_wconf 88' lang='lat' dir='ltr'><strong>et</strong></span> <span class='ocrx_word' id='word_1_106' title='bbox 1069 1702 1263 1792; x_wconf 81' lang='lat' dir='ltr'><strong>profundum</strong></span> 
     </span>
     <span class='ocr_line' id='line_1_15' title="bbox 231 1810 1261 1903; baseline -0.006 -20"><span class='ocrx_word' id='word_1_107' title='bbox 231 1815 393 1890; x_wconf 86' lang='lat' dir='ltr'><strong>deorsum,</strong></span> <span class='ocrx_word' id='word_1_108' title='bbox 412 1825 445 1879; x_wconf 91' lang='lat' dir='ltr'><strong>et</strong></span> <span class='ocrx_word' id='word_1_109' title='bbox 469 1810 669 1880; x_wconf 81' lang='lat' dir='ltr'><strong>altitudinem</strong></span> <span class='ocrx_word' id='word_1_110' title='bbox 692 1835 863 1903; x_wconf 84' lang='lat' dir='ltr'><strong>supernam</strong></span> <span class='ocrx_word' id='word_1_111' title='bbox 886 1811 1040 1880; x_wconf 82' lang='lat' dir='ltr'><strong>unirersae</strong></span> <span class='ocrx_word' id='word_1_112' title='bbox 1060 1811 1261 1889; x_wconf 82' lang='lat' dir='ltr'><strong>conditionis,</strong></span> 
     </span>
     <span class='ocr_line' id='line_1_16' title="bbox 232 1917 1261 2016; baseline -0.006 -24"><span class='ocrx_word' id='word_1_113' title='bbox 232 1947 303 2016; x_wconf 75' lang='lat' dir='ltr'><strong>quse</strong></span> <span class='ocrx_word' id='word_1_114' title='bbox 318 1922 456 1996; x_wconf 84' lang='lat' dir='ltr'><strong>videtur,</strong></span> <span class='ocrx_word' id='word_1_115' title='bbox 472 1941 542 2008; x_wconf 86' lang='lat' dir='ltr'><strong>quae</strong></span> <span class='ocrx_word' id='word_1_116' title='bbox 558 1918 684 1986; x_wconf 80' lang='lat' dir='ltr'><strong>auditur</strong></span> <span class='ocrx_word' id='word_1_117' title='bbox 699 1932 733 1986; x_wconf 91' lang='lat' dir='ltr'><strong>et</strong></span> <span class='ocrx_word' id='word_1_118' title='bbox 750 1917 948 2011; x_wconf 87' lang='lat' dir='ltr'><strong>intelligitur,</strong></span> <span class='ocrx_word' id='word_1_119' title='bbox 963 1929 996 1986; x_wconf 86' lang='lat' dir='ltr'><strong>et</strong></span> <span class='ocrx_word' id='word_1_120' title='bbox 1010 1943 1083 2010; x_wconf 81' lang='lat' dir='ltr'><strong>quae</strong></span> <span class='ocrx_word' id='word_1_121' title='bbox 1105 1919 1261 1986; x_wconf 77' lang='lat' dir='ltr'><strong>invisibilis</strong></span> 
     </span>
     <span class='ocr_line' id='line_1_17' title="bbox 232 2029 1260 2122; baseline -0.005 -20"><span class='ocrx_word' id='word_1_122' title='bbox 232 2033 299 2102; x_wconf 82' lang='lat' dir='ltr'><strong>esti</strong></span> <span class='ocrx_word' id='word_1_123' title='bbox 320 2033 360 2098; x_wconf 87' lang='lat' dir='ltr'><strong>Et</strong></span> <span class='ocrx_word' id='word_1_124' title='bbox 380 2040 512 2122; x_wconf 90' lang='lat' dir='ltr'><strong>propter</strong></span> <span class='ocrx_word' id='word_1_125' title='bbox 530 2029 619 2098; x_wconf 78' lang='lat' dir='ltr'><strong>hoc«</strong></span> <span class='ocrx_word' id='word_1_126' title='bbox 633 2052 729 2120; x_wconf 82' lang='lat' dir='ltr'><strong>super</strong></span> <span class='ocrx_word' id='word_1_127' title='bbox 742 2053 839 2098; x_wconf 91' lang='lat' dir='ltr'><strong>omne</strong></span> <span class='ocrx_word' id='word_1_128' title='bbox 852 2031 993 2107; x_wconf 85' lang='lat' dir='ltr'><strong>initium,</strong></span> <span class='ocrx_word' id='word_1_129' title='bbox 1008 2041 1041 2096; x_wconf 92' lang='lat' dir='ltr'><strong>et</strong></span> <span class='ocrx_word' id='word_1_130' title='bbox 1063 2042 1260 2120; x_wconf 78' lang='lat' dir='ltr'><strong>potestatem,</strong></span> 
     </span>
     <span class='ocr_line' id='line_1_18' title="bbox 232 2137 1262 2229; baseline -0.002 -23"><span class='ocrx_word' id='word_1_131' title='bbox 232 2173 246 2206; x_wconf 72' lang='lat' dir='ltr'><strong>r</strong></span> <span class='ocrx_word' id='word_1_132' title='bbox 261 2153 295 2210; x_wconf 90' lang='lat' dir='ltr'><strong>et</strong></span> <span class='ocrx_word' id='word_1_133' title='bbox 305 2140 569 2216; x_wconf 88' lang='lat' dir='ltr'><strong>dominationem,</strong></span> <span class='ocrx_word' id='word_1_134' title='bbox 580 2151 615 2205; x_wconf 87' lang='lat' dir='ltr'><strong>et</strong></span> <span class='ocrx_word' id='word_1_135' title='bbox 625 2161 719 2206; x_wconf 90' lang='lat' dir='ltr'><strong>omne</strong></span> <span class='ocrx_word' id='word_1_136' title='bbox 730 2161 848 2207; x_wconf 88' lang='lat' dir='ltr'><strong>nomen</strong></span> <span class='ocrx_word' id='word_1_137' title='bbox 859 2137 947 2229; x_wconf 90' lang='lat' dir='ltr'><strong>quod</strong></span> <span class='ocrx_word' id='word_1_138' title='bbox 960 2139 1170 2207; x_wconf 72' lang='lat' dir='ltr'><strong>nominetur²</strong></span> <span class='ocrx_word' id='word_1_139' title='bbox 1183 2162 1262 2206; x_wconf 75' lang='lat' dir='ltr'><strong>rom</strong></span> 
     </span>
     <span class='ocr_line' id='line_1_19' title="bbox 232 2249 1262 2343; baseline -0.004 -21"><span class='ocrx_word' id='word_1_140' title='bbox 232 2253 322 2322; x_wconf 90' lang='lat' dir='ltr'><strong>niam</strong></span> <span class='ocrx_word' id='word_1_141' title='bbox 337 2274 408 2343; x_wconf 81' lang='lat' dir='ltr'><strong>quse</strong></span> <span class='ocrx_word' id='word_1_142' title='bbox 421 2249 504 2318; x_wconf 85' lang='lat' dir='ltr'><strong>lecta</strong></span> <span class='ocrx_word' id='word_1_143' title='bbox 528 2261 649 2316; x_wconf 86' lang='lat' dir='ltr'><strong>suntet</strong></span> <span class='ocrx_word' id='word_1_144' title='bbox 669 2251 796 2318; x_wconf 87' lang='lat' dir='ltr'><strong>condita</strong></span> <span class='ocrx_word' id='word_1_145' title='bbox 812 2263 898 2327; x_wconf 88' lang='lat' dir='ltr'><strong>sunt,</strong></span> <span class='ocrx_word' id='word_1_146' title='bbox 916 2251 1055 2319; x_wconf 82' lang='lat' dir='ltr'><strong>existens</strong></span> <span class='ocrx_word' id='word_1_147' title='bbox 1074 2251 1172 2318; x_wconf 87' lang='lat' dir='ltr'><strong>Deus.</strong></span> <span class='ocrx_word' id='word_1_148' title='bbox 1197 2251 1262 2340; x_wconf 83' lang='lat' dir='ltr'><strong>lpse</strong></span> 
     </span>
     <span class='ocr_line' id='line_1_20' title="bbox 231 2358 1263 2453; baseline -0.002 -23"><span class='ocrx_word' id='word_1_149' title='bbox 231 2375 279 2430; x_wconf 87' lang='lat' dir='ltr'><strong>est</strong></span> <span class='ocrx_word' id='word_1_150' title='bbox 294 2362 348 2451; x_wconf 91' lang='lat' dir='ltr'><strong>qui</strong></span> <span class='ocrx_word' id='word_1_151' title='bbox 363 2358 461 2428; x_wconf 87' lang='lat' dir='ltr'><strong>coelos</strong></span> <span class='ocrx_word' id='word_1_152' title='bbox 475 2359 600 2449; x_wconf 88' lang='lat' dir='ltr'><strong>implet,</strong></span> <span class='ocrx_word' id='word_1_153' title='bbox 616 2373 649 2428; x_wconf 91' lang='lat' dir='ltr'><strong>et</strong></span> <span class='ocrx_word' id='word_1_154' title='bbox 671 2362 823 2453; x_wconf 81' lang='lat' dir='ltr'><strong>perspicit</strong></span> <span class='ocrx_word' id='word_1_155' title='bbox 840 2363 984 2450; x_wconf 79' lang='lat' dir='ltr'><strong>abyssos,</strong></span> <span class='ocrx_word' id='word_1_156' title='bbox 1000 2363 1056 2451; x_wconf 83' lang='lat' dir='ltr'><strong>qui</strong></span> <span class='ocrx_word' id='word_1_157' title='bbox 1079 2375 1170 2429; x_wconf 84' lang='lat' dir='ltr'><strong>estet</strong></span> <span class='ocrx_word' id='word_1_158' title='bbox 1188 2383 1263 2428; x_wconf 89' lang='lat' dir='ltr'><strong>eom</strong></span> 
     </span>
     <span class='ocr_line' id='line_1_21' title="bbox 231 2471 1263 2564; baseline -0.004 -24"><span class='ocrx_word' id='word_1_159' title='bbox 231 2494 426 2564; x_wconf 89' lang='lat' dir='ltr'><strong>unoquoque</strong></span> <span class='ocrx_word' id='word_1_160' title='bbox 442 2483 587 2538; x_wconf 84' lang='lat' dir='ltr'><strong>nostrum</strong></span> <span class='ocrx_word' id='word_1_161' title='bbox 603 2494 611 2537; x_wconf 72' lang='grc' dir='ltr'>ι</span> <span class='ocrx_word' id='word_1_162' title='bbox 631 2471 756 2550; x_wconf 78' lang='lat' dir='ltr'><strong>«Deus,</strong></span> <span class='ocrx_word' id='word_1_163' title='bbox 772 2473 858 2540; x_wconf 91' lang='lat' dir='ltr'><strong>enim</strong></span> <span class='ocrx_word' id='word_1_164' title='bbox 873 2473 988 2560; x_wconf 89' lang='lat' dir='ltr'><strong>inquit,</strong></span> <span class='ocrx_word' id='word_1_165' title='bbox 1009 2473 1263 2564; x_wconf 81' lang='lat' dir='ltr'><strong>appropinquans</strong></span> 
     </span>
     <span class='ocr_line' id='line_1_22' title="bbox 232 2581 1262 2674; baseline 0 -26"><span class='ocrx_word' id='word_1_166' title='bbox 232 2613 245 2648; x_wconf 74' lang='lat' dir='ltr'><strong>a</strong></span> <span class='ocrx_word' id='word_1_167' title='bbox 261 2607 320 2674; x_wconf 86' lang='lat' dir='ltr'><strong>ago</strong></span> <span class='ocrx_word' id='word_1_168' title='bbox 334 2603 418 2659; x_wconf 86' lang='lat' dir='ltr'><strong>sum,</strong></span> <span class='ocrx_word' id='word_1_169' title='bbox 430 2593 463 2648; x_wconf 90' lang='lat' dir='ltr'><strong>et</strong></span> <span class='ocrx_word' id='word_1_170' title='bbox 476 2603 542 2648; x_wconf 93' lang='lat' dir='ltr'><strong>non</strong></span> <span class='ocrx_word' id='word_1_171' title='bbox 552 2581 638 2648; x_wconf 86' lang='lat' dir='ltr'><strong>Deus</strong></span> <span class='ocrx_word' id='word_1_172' title='bbox 650 2581 690 2650; x_wconf 88' lang='lat' dir='ltr'><strong>de</strong></span> <span class='ocrx_word' id='word_1_173' title='bbox 701 2581 885 2673; x_wconf 90' lang='lat' dir='ltr'><strong>longinquo.</strong></span> <span class='ocrx_word' id='word_1_174' title='bbox 899 2581 934 2648; x_wconf 86' lang='lat' dir='ltr'><strong>Si</strong></span> <span class='ocrx_word' id='word_1_175' title='bbox 950 2582 1262 2650; x_wconf 84' lang='lat' dir='ltr'><strong>absconditur-homo</strong></span> 
     </span>
     <span class='ocr_line' id='line_1_23' title="bbox 232 2690 1262 2781; baseline -0.001 -25"><span class='ocrx_word' id='word_1_176' title='bbox 232 2723 248 2756; x_wconf 72' lang='grc' dir='ltr'><strong>ι</strong></span> <span class='ocrx_word' id='word_1_177' title='bbox 260 2694 294 2762; x_wconf 90' lang='lat' dir='ltr'><strong>in</strong></span> <span class='ocrx_word' id='word_1_178' title='bbox 308 2690 481 2768; x_wconf 82' lang='lat' dir='ltr'><strong>absconsis,</strong></span> <span class='ocrx_word' id='word_1_179' title='bbox 494 2702 526 2756; x_wconf 91' lang='lat' dir='ltr'><strong>et</strong></span> <span class='ocrx_word' id='word_1_180' title='bbox 540 2711 600 2781; x_wconf 90' lang='lat' dir='ltr'><strong>ego</strong></span> <span class='ocrx_word' id='word_1_181' title='bbox 614 2713 690 2758; x_wconf 88' lang='lat' dir='ltr'><strong>eum</strong></span> <span class='ocrx_word' id='word_1_182' title='bbox 701 2714 767 2758; x_wconf 91' lang='lat' dir='ltr'><strong>non</strong></span> <span class='ocrx_word' id='word_1_183' title='bbox 783 2690 939 2759; x_wconf 76' lang='lat' dir='ltr'><strong>videbo&#39;i&#39;</strong></span> <span class='ocrx_word' id='word_1_184' title='bbox 950 2720 963 2755; x_wconf 80' lang='lat' dir='ltr'><strong>r</strong></span> <span class='ocrx_word' id='word_1_185' title='bbox 975 2691 1090 2760; x_wconf 84' lang='lat' dir='ltr'><strong>Manus</strong></span> <span class='ocrx_word' id='word_1_186' title='bbox 1101 2691 1189 2758; x_wconf 90' lang='lat' dir='ltr'><strong>enim</strong></span> <span class='ocrx_word' id='word_1_187' title='bbox 1200 2692 1262 2780; x_wconf 85' lang='lat' dir='ltr'><strong>ejus</strong></span> 
     </span>
     <span class='ocr_line' id='line_1_24' title="bbox 234 2797 1264 2891; baseline -0.002 -23"><span class='ocrx_word' id='word_1_188' title='bbox 234 2797 444 2891; x_wconf 81' lang='lat' dir='ltr'><strong>apprehendit</strong></span> <span class='ocrx_word' id='word_1_189' title='bbox 456 2797 562 2865; x_wconf 87' lang='lat' dir='ltr'><strong>omnia</strong></span> <span class='ocrx_word' id='word_1_190' title='bbox 578 2819 587 2863; x_wconf 78' lang='grc' dir='ltr'><strong>ε</strong></span> <span class='ocrx_word' id='word_1_191' title='bbox 605 2811 641 2866; x_wconf 90' lang='lat' dir='ltr'><strong>et</strong></span> <span class='ocrx_word' id='word_1_192' title='bbox 654 2799 720 2888; x_wconf 88' lang='lat' dir='ltr'><strong>ipsa</strong></span> <span class='ocrx_word' id='word_1_193' title='bbox 735 2811 784 2866; x_wconf 85' lang='lat' dir='ltr'><strong>est</strong></span> <span class='ocrx_word' id='word_1_194' title='bbox 798 2823 870 2891; x_wconf 83' lang='lat' dir='ltr'><strong>qnae</strong></span> <span class='ocrx_word' id='word_1_195' title='bbox 888 2800 985 2869; x_wconf 84' lang='lat' dir='ltr'><strong>coelos</strong></span> <span class='ocrx_word' id='word_1_196' title='bbox 1002 2800 1137 2890; x_wconf 89' lang='lat' dir='ltr'><strong>quidem</strong></span> <span class='ocrx_word' id='word_1_197' title='bbox 1152 2799 1264 2867; x_wconf 91' lang='lat' dir='ltr'><strong>illumi·</strong></span> 
     </span>
     <span class='ocr_line' id='line_1_25' title="bbox 233 2909 1262 3000; baseline -0.001 -21"><span class='ocrx_word' id='word_1_198' title='bbox 233 2924 301 2988; x_wconf 91' lang='lat' dir='ltr'><strong>uat,</strong></span> <span class='ocrx_word' id='word_1_199' title='bbox 317 2909 473 2976; x_wconf 85' lang='lat' dir='ltr'><strong>illuminat</strong></span> <span class='ocrx_word' id='word_1_200' title='bbox 487 2910 583 2978; x_wconf 88' lang='lat' dir='ltr'><strong>etiam</strong></span> <span class='ocrx_word' id='word_1_201' title='bbox 599 2932 670 3000; x_wconf 81' lang='lat' dir='ltr'><strong>quae</strong></span> <span class='ocrx_word' id='word_1_202' title='bbox 684 2913 743 2980; x_wconf 81' lang='lat' dir='ltr'><strong>suit</strong></span> <span class='ocrx_word' id='word_1_203' title='bbox 760 2911 843 2980; x_wconf 86' lang='lat' dir='ltr'><strong>coelo</strong></span> <span class='ocrx_word' id='word_1_204' title='bbox 856 2923 942 2990; x_wconf 86' lang='lat' dir='ltr'><strong>sunt,</strong></span> <span class='ocrx_word' id='word_1_205' title='bbox 955 2925 988 2980; x_wconf 90' lang='lat' dir='ltr'><strong>et</strong></span> <span class='ocrx_word' id='word_1_206' title='bbox 1003 2924 1169 2982; x_wconf 80' lang='lat' dir='ltr'><strong>scrutatur</strong></span> <span class='ocrx_word' id='word_1_207' title='bbox 1180 2935 1262 2978; x_wconf 78' lang='lat' dir='ltr'><strong>renes</strong></span> 
     </span>
     <span class='ocr_line' id='line_1_26' title="bbox 235 3019 1261 3100; baseline -0.001 -12"><span class='ocrx_word' id='word_1_208' title='bbox 235 3033 267 3088; x_wconf 89' lang='lat' dir='ltr'><strong>et</strong></span> <span class='ocrx_word' id='word_1_209' title='bbox 281 3019 391 3096; x_wconf 83' lang='lat' dir='ltr'><strong>corda,</strong></span> <span class='ocrx_word' id='word_1_210' title='bbox 407 3028 442 3086; x_wconf 89' lang='lat' dir='ltr'><strong>et</strong></span> <span class='ocrx_word' id='word_1_211' title='bbox 456 3020 489 3086; x_wconf 92' lang='lat' dir='ltr'><strong>in</strong></span> <span class='ocrx_word' id='word_1_212' title='bbox 504 3021 665 3088; x_wconf 84' lang='lat' dir='ltr'><strong>absconsis</strong></span> <span class='ocrx_word' id='word_1_213' title='bbox 679 3021 773 3099; x_wconf 90' lang='lat' dir='ltr'><strong>inest,</strong></span> <span class='ocrx_word' id='word_1_214' title='bbox 790 3033 823 3089; x_wconf 92' lang='lat' dir='ltr'><strong>et</strong></span> <span class='ocrx_word' id='word_1_215' title='bbox 845 3022 878 3090; x_wconf 94' lang='lat' dir='ltr'><strong>in</strong></span> <span class='ocrx_word' id='word_1_216' title='bbox 893 3022 1023 3092; x_wconf 87' lang='lat' dir='ltr'><strong>secretis</strong></span> <span class='ocrx_word' id='word_1_217' title='bbox 1043 3022 1177 3100; x_wconf 84' lang='lat' dir='ltr'><strong>nostris,</strong></span> <span class='ocrx_word' id='word_1_218' title='bbox 1192 3021 1261 3088; x_wconf 88' lang='lat' dir='ltr'><strong>etin</strong></span> 
     </span>
     <span class='ocr_line' id='line_1_27' title="bbox 235 3127 783 3202; baseline 0 -4"><span class='ocrx_word' id='word_1_219' title='bbox 235 3129 403 3202; x_wconf 75' lang='lat' dir='ltr'><strong>manifesto</strong></span> <span class='ocrx_word' id='word_1_220' title='bbox 417 3127 473 3195; x_wconf 86' lang='lat' dir='ltr'><strong>alit</strong></span> <span class='ocrx_word' id='word_1_221' title='bbox 487 3140 520 3196; x_wconf 88' lang='lat' dir='ltr'><strong>et</strong></span> <span class='ocrx_word' id='word_1_222' title='bbox 535 3143 703 3197; x_wconf 81' lang='lat' dir='ltr'><strong>conservat</strong></span> <span class='ocrx_word' id='word_1_223' title='bbox 716 3153 783 3198; x_wconf 90' lang='lat' dir='ltr'><strong>nos.</strong></span> 
     </span>
    </p>

    <p class='ocr_par' dir='ltr' id='par_1_3' title="bbox 234 3236 1263 3886">
     <span class='ocr_line' id='line_1_28' title="bbox 279 3236 1261 3332; baseline -0.004 -24"><span class='ocrx_word' id='word_1_224' title='bbox 279 3239 334 3308; x_wconf 86' lang='lat' dir='ltr'><strong>lll.</strong></span> <span class='ocrx_word' id='word_1_225' title='bbox 350 3237 384 3305; x_wconf 82' lang='lat' dir='ltr'><strong>si</strong></span> <span class='ocrx_word' id='word_1_226' title='bbox 395 3250 501 3304; x_wconf 87' lang='lat' dir='ltr'><strong>autem</strong></span> <span class='ocrx_word' id='word_1_227' title='bbox 518 3236 748 3327; x_wconf 87' lang='lat' dir='ltr'><strong>plenitudinem</strong></span> <span class='ocrx_word' id='word_1_228' title='bbox 762 3251 795 3306; x_wconf 89' lang='lat' dir='ltr'><strong>et</strong></span> <span class='ocrx_word' id='word_1_229' title='bbox 809 3240 1061 3332; x_wconf 76' lang='lat' dir='ltr'><strong>magnitudinem</strong></span> <span class='ocrx_word' id='word_1_230' title='bbox 1074 3263 1192 3308; x_wconf 86' lang='lat' dir='ltr'><strong>manus</strong></span> <span class='ocrx_word' id='word_1_231' title='bbox 1202 3241 1261 3328; x_wconf 84' lang='lat' dir='ltr'><strong>ejus</strong></span> 
     </span>
     <span class='ocr_line' id='line_1_29' title="bbox 235 3349 1262 3443; baseline -0.005 -22"><span class='ocrx_word' id='word_1_232' title='bbox 235 3375 300 3422; x_wconf 89' lang='lat' dir='ltr'><strong>nou</strong></span> <span class='ocrx_word' id='word_1_233' title='bbox 308 3349 553 3440; x_wconf 90' lang='lat' dir='ltr'><strong>comprehendit</strong></span> <span class='ocrx_word' id='word_1_234' title='bbox 562 3349 673 3428; x_wconf 89' lang='lat' dir='ltr'><strong>homo,</strong></span> <span class='ocrx_word' id='word_1_235' title='bbox 687 3351 956 3441; x_wconf 80' lang='lat' dir='ltr'><strong>quemadmodum</strong></span> <span class='ocrx_word' id='word_1_236' title='bbox 967 3351 1085 3443; x_wconf 90' lang='lat' dir='ltr'><strong>poterit</strong></span> <span class='ocrx_word' id='word_1_237' title='bbox 1096 3353 1170 3442; x_wconf 86' lang='lat' dir='ltr'><strong>quis</strong></span> <span class='ocrx_word' id='word_1_238' title='bbox 1182 3349 1262 3418; x_wconf 84' lang='lat' dir='ltr'><strong>intel·</strong></span> 
     </span>
     <span class='ocr_line' id='line_1_30' title="bbox 235 3461 1261 3554; baseline -0.004 -23"><span class='ocrx_word' id='word_1_239' title='bbox 235 3463 332 3554; x_wconf 88' lang='lat' dir='ltr'><strong>ligere</strong></span> <span class='ocrx_word' id='word_1_240' title='bbox 346 3470 401 3528; x_wconf 88' lang='lat' dir='ltr'><strong>aut</strong></span> <span class='ocrx_word' id='word_1_241' title='bbox 413 3482 605 3549; x_wconf 87' lang='lat' dir='ltr'><strong>cognoscere</strong></span> <span class='ocrx_word' id='word_1_242' title='bbox 621 3461 653 3527; x_wconf 94' lang='lat' dir='ltr'><strong>in</strong></span> <span class='ocrx_word' id='word_1_243' title='bbox 666 3461 762 3529; x_wconf 88' lang='lat' dir='ltr'><strong>corde</strong></span> <span class='ocrx_word' id='word_1_244' title='bbox 774 3473 839 3528; x_wconf 83' lang='lat' dir='ltr'><strong>tam</strong></span> <span class='ocrx_word' id='word_1_245' title='bbox 852 3485 1004 3554; x_wconf 83' lang='lat' dir='ltr'><strong>magnum</strong></span> <span class='ocrx_word' id='word_1_246' title='bbox 1017 3462 1147 3529; x_wconf 74' lang='lat' dir='ltr'><strong>Deum?</strong></span> <span class='ocrx_word' id='word_1_247' title='bbox 1165 3462 1261 3542; x_wconf 83' lang='lat' dir='ltr'><strong>Quem</strong></span> 
     </span>
     <span class='ocr_line' id='line_1_31' title="bbox 236 3568 1263 3663; baseline -0.005 -24"><span class='ocrx_word' id='word_1_248' title='bbox 236 3573 326 3663; x_wconf 82' lang='lat' dir='ltr'><strong>quasi</strong></span> <span class='ocrx_word' id='word_1_249' title='bbox 345 3572 412 3660; x_wconf 89' lang='lat' dir='ltr'><strong>jam</strong></span> <span class='ocrx_word' id='word_1_250' title='bbox 433 3568 534 3636; x_wconf 87' lang='lat' dir='ltr'><strong>mensi</strong></span> <span class='ocrx_word' id='word_1_251' title='bbox 553 3569 615 3635; x_wconf 90' lang='lat' dir='ltr'><strong>sint</strong></span> <span class='ocrx_word' id='word_1_252' title='bbox 633 3581 666 3635; x_wconf 89' lang='lat' dir='ltr'><strong>et</strong></span> <span class='ocrx_word' id='word_1_253' title='bbox 684 3571 919 3660; x_wconf 80' lang='lat' dir='ltr'><strong>perspexerint,</strong></span> <span class='ocrx_word' id='word_1_254' title='bbox 938 3582 971 3637; x_wconf 90' lang='lat' dir='ltr'><strong>et</strong></span> <span class='ocrx_word' id='word_1_255' title='bbox 989 3571 1178 3638; x_wconf 84' lang='lat' dir='ltr'><strong>universum</strong></span> <span class='ocrx_word' id='word_1_256' title='bbox 1195 3591 1263 3635; x_wconf 89' lang='lat' dir='ltr'><strong>eun</strong></span> 
     </span>
     <span class='ocr_line' id='line_1_32' title="bbox 236 3677 1262 3769; baseline -0.005 -18"><span class='ocrx_word' id='word_1_257' title='bbox 236 3679 446 3757; x_wconf 87' lang='lat' dir='ltr'><strong>decurrerint,</strong></span> <span class='ocrx_word' id='word_1_258' title='bbox 459 3701 553 3769; x_wconf 85' lang='lat' dir='ltr'><strong>snper</strong></span> <span class='ocrx_word' id='word_1_259' title='bbox 565 3701 640 3748; x_wconf 87' lang='lat' dir='ltr'><strong>eum</strong></span> <span class='ocrx_word' id='word_1_260' title='bbox 654 3703 723 3748; x_wconf 85' lang='lat' dir='ltr'><strong>csse</strong></span> <span class='ocrx_word' id='word_1_261' title='bbox 738 3678 824 3746; x_wconf 88' lang='lat' dir='ltr'><strong>aliud</strong></span> <span class='ocrx_word' id='word_1_262' title='bbox 838 3679 981 3747; x_wconf 88' lang='lat' dir='ltr'><strong>Pleroma</strong></span> <span class='ocrx_word' id='word_1_263' title='bbox 993 3679 1135 3748; x_wconf 84' lang='lat' dir='ltr'><strong>AEonum</strong></span> <span class='ocrx_word' id='word_1_264' title='bbox 1149 3677 1262 3747; x_wconf 85' lang='lat' dir='ltr'><strong>conlin</strong></span> 
     </span>
     <span class='ocr_line' id='line_1_33' title="bbox 234 3788 1261 3886; baseline -0.002 -26"><span class='ocrx_word' id='word_1_265' title='bbox 234 3804 325 3886; x_wconf 90' lang='lat' dir='ltr'><strong>gunt,</strong></span> <span class='ocrx_word' id='word_1_266' title='bbox 346 3803 379 3856; x_wconf 85' lang='lat' dir='ltr'><strong>et</strong></span> <span class='ocrx_word' id='word_1_267' title='bbox 399 3788 534 3858; x_wconf 88' lang='lat' dir='ltr'><strong>alterum</strong></span> <span class='ocrx_word' id='word_1_268' title='bbox 554 3789 696 3868; x_wconf 80' lang='lat' dir='ltr'><strong>Patrcm3</strong></span> <span class='ocrx_word' id='word_1_269' title='bbox 715 3791 755 3858; x_wconf 87' lang='lat' dir='ltr'><strong>ad</strong></span> <span class='ocrx_word' id='word_1_270' title='bbox 771 3789 909 3859; x_wconf 85' lang='lat' dir='ltr'><strong>coeleetia</strong></span> <span class='ocrx_word' id='word_1_271' title='bbox 931 3792 1060 3881; x_wconf 89' lang='lat' dir='ltr'><strong>quidem</strong></span> <span class='ocrx_word' id='word_1_272' title='bbox 1076 3815 1143 3860; x_wconf 90' lang='lat' dir='ltr'><strong>non</strong></span> <span class='ocrx_word' id='word_1_273' title='bbox 1166 3789 1261 3880; x_wconf 84' lang='lat' dir='ltr'><strong>suspi-</strong></span> 
     </span>
    </p>
   </div>
   <div class='ocr_carea' id='block_1_3' title="bbox 269 3917 1016 3987">
    <p class='ocr_par' dir='ltr' id='par_1_4' title="bbox 269 3917 1016 3987">
     <span class='ocr_line' id='line_1_34' title="bbox 269 3917 1016 3987; baseline -0.005 -13"><span class='ocrx_word' id='word_1_274' title='bbox 269 3923 278 3960; x_wconf 90' lang='lat'>¹</span> <span class='ocrx_word' id='word_1_275' title='bbox 291 3921 356 3974; x_wconf 85' lang='lat' dir='ltr'><strong>Esri.</strong></span> <span class='ocrx_word' id='word_1_276' title='bbox 368 3939 407 3983; x_wconf 81' lang='lat' dir='ltr'><strong>xa,</strong></span> <span class='ocrx_word' id='word_1_277' title='bbox 420 3937 455 3972; x_wconf 85' lang='lat' dir='ltr'><strong>ra.</strong></span> <span class='ocrx_word' id='word_1_278' title='bbox 467 3945 499 3960; x_wconf 90' lang='lat'><strong>-·</strong></span> <span class='ocrx_word' id='word_1_279' title='bbox 510 3917 624 3987; x_wconf 78' lang='lat' dir='ltr'><strong>²Ephes.</strong></span> <span class='ocrx_word' id='word_1_280' title='bbox 639 3939 656 3983; x_wconf 87' lang='lat' dir='ltr'><strong>r,</strong></span> <span class='ocrx_word' id='word_1_281' title='bbox 670 3937 706 3971; x_wconf 81' lang='lat' dir='ltr'><strong>ar.</strong></span> <span class='ocrx_word' id='word_1_282' title='bbox 721 3949 751 3960; x_wconf 93' lang='lat'><em>-</em></span> <span class='ocrx_word' id='word_1_283' title='bbox 761 3919 770 3955; x_wconf 82' lang='lat'>⁸</span> <span class='ocrx_word' id='word_1_284' title='bbox 782 3921 875 3974; x_wconf 83' lang='lat' dir='ltr'><strong>leram.</strong></span> <span class='ocrx_word' id='word_1_285' title='bbox 890 3935 962 3983; x_wconf 84' lang='lat' dir='ltr'><strong>xrrn,</strong></span> <span class='ocrx_word' id='word_1_286' title='bbox 977 3919 1016 3970; x_wconf 76' lang='lat' dir='ltr'><strong>ri·</strong></span> 
     </span>
    </p>
   </div>
   <div class='ocr_carea' id='block_1_4' title="bbox 0 0 1335 4634">
    <p class='ocr_par' dir='ltr' id='par_1_5' title="bbox 0 0 1335 4634">
     <span class='ocr_line' id='line_1_35' title="bbox 0 0 1335 4634; baseline 0 0"><span class='ocrx_word' id='word_1_287' title='bbox 0 0 1335 4634; x_wconf 95' lang='lat' dir='ltr'><strong> </strong></span> 
     </span>
    </p>
   </div>
  </div>
 </body>
</html>
