2688 4626
417 199 456 240 ne
480 197 672 244 uouuncmu.
714 191 717 195 '

109 305 237 363 Fir-mate
250 304 357 363 verbis.
371 304 447 362 Dico
460 323 515 382 ego
527 291 710 382 tyrannidem

108 404 246 481 Spoliare
258 403 321 462 vita
334 402 512 482 praediisque
523 402 679 480 plurimos,

107 504 234 560 vastare
247 513 277 560 et
291 499 379 559 urbes·
391 519 446 579 per
457 499 561 559 dolum
574 501 665 560 fracte
677 503 744 584 fide

108 604 212 677 Atque
224 599 288 658 haeo
299 599 398 678 agenti
411 597 515 657 melius
528 611 572 658 'est
585 619 671 678 quam
682 600 808 676 lenibus,

108 702 306 776 Nomenque,
319 709 464 776 quotquot
476 709 544 755 sunt
557 697 631 770 dies,
642 700 808 760 colentibus.

111 796 276 876 Urbesque
287 815 390 876 parvas
401 816 467 874 quae
478 796 548 855 deos
559 796 671 869 colunt,
681 799 741 858 scio
904 831 910 882 ς

115 894 242 955 Servire
253 895 360 973 magnis
370 915 434 973 quae
443 894 542 972 impiae
550 907 632 968 sunt,
644 895 752 955 ensium
873 913 875 918 ·

113 997 361 1073 Frequentiorum
375 995 501 1076 perditas
514 995 710 1054 mucronibus.

108 1094 194 1148 Puto
209 1089 283 1150 illud
299 1091 446 1170 equidem,
462 1091 487 1150 si
503 1092 568 1170 quis
581 1111 617 1150 ex
632 1091 716 1152 vobis
729 1094 810 1173 piger

106 1195 193 1252 Deos
208 1204 354 1269 precetur,
368 1211 422 1276 nec
436 1211 523 1252 mann
538 1192 645 1252 victum
660 1206 760 1272 paret:
839 1252 842 1261 ,

106 1295 156 1351 Ex
169 1289 266 1352 rebus,
276 1291 345 1370 ipsis
357 1291 383 1349 is
397 1291 481 1350 brevi
496 1292 678 1370 cognoverit,
696 1273 699 1280 ¹

106 1397 157 1450 An
171 1402 288 1450 arceant
301 1390 330 1451 di
345 1392 439 1450 tristia
453 1391 623 1452 infortunia.

26 1509 65 1574 Et
78 1506 262 1574 Menander
272 1509 306 1576 in
315 1508 462 1598 Diphilo:

105 1641 176 1714 Qui
187 1659 302 1716 semper
313 1659 383 1718 ergo
393 1639 541 1698 Dominus
551 1649 596 1697 eet
605 1656 704 1697 rerum
714 1639 842 1700 omnium

104 1744 277 1816 Paterque,
290 1737 368 1800 soluo
381 1736 469 1796 dehet
478 1735 529 1794 hic
542 1755 660 1813 semper
670 1737 744 1809 coli,
830 1772 831 1775 =
863 1797 870 1824 Ι,

106 1843 155 1898 Ut
170 1851 218 1898 tot
229 1837 376 1896 bonorum
388 1837 526 1896 inventor
538 1849 627 1914 atque
639 1837 781 1898 eonditor.

26 1960 126 2026 Idem
138 1979 277 2046 quoque
290 1957 324 2021 in
333 1955 545 2022 Phoetorihus
560 1979 569 2018 ε

113 2087 212 2163 Quod
227 2105 352 2163 namque
365 2086 456 2143 nutrit
469 2104 532 2158 me,
543 2082 615 2143 illud
630 2085 758 2144 arbitror
770 2090 871 2145 Deum.

107 2185 242 2246 Nutrire
254 2185 306 2244 sed
321 2185 399 2263 quod
412 2184 520 2258 suevit,
532 2184 563 2242 id
577 2203 636 2242 non
646 2185 769 2265 indiget,

106 2289 147 2344 Ut
158 2285 335 2353 subleretur
347 2283 510 2364 sumptibus
521 2285 709 2362 precantium.

36 2411 122 2475 ldem
131 2409 170 2474 in
182 2405 332 2497 Adelphis
346 2431 354 2471 ε

95 2513 98 2530 ⁴
117 2541 236 2614 Semper
248 2547 290 2594 est
303 2540 382 2595 Deus
394 2531 480 2593 bonis'

112 2637 200 2691 Mens
211 2632 285 2711 ipsa,
299 2635 422 2711 quisque
434 2643 533 2690 censet
544 2643 577 2690 ut
590 2631 779 2692 doctissimus.

35 2749 71 2812 Et
87 2749 119 2815 iu
133 2747 312 2814 Tibicinis:
346 2749 368 2780 ”

109 2883 189 2938 Sunt
202 2889 306 2972 cuncta
316 2877 425 2935 rationi
435 2878 520 2936 bonae

110 2977 290 3054 Templum:
306 2974 370 3051 ipsa
383 2989 449 3032 nam
466 2993 545 3032 mens
559 2984 602 3032 est
613 2977 694 3034 Deus
708 2974 758 3052 qui
771 2973 899 3034 disseret.
940 3009 942 3012 .

32 3101 76 3164 ut
88 3100 125 3164 in
137 3093 269 3182 phryxo
281 3093 418 3180 tragicus
433 3099 441 3155 ἐ

121 3225 215 3302 Quod
228 3224 252 3282 si
264 3224 397 3300 piorum,
410 3223 503 3301 etqui
518 3223 635 3284 modum
649 3226 678 3284 in
691 3227 797 3286 mirum
809 3227 891 3306 impii

118 3329 194 3385 sors
208 3339 284 3389 una3
297 3320 362 3396 quis
375 3340 436 3377 rem
449 3321 565 3399 pulchre
579 3322 685 3383 habere
699 3345 731 3384 se
741 3335 839 3406 putet,

114 3425 147 3484 Si
161 3420 253 3482 sentit
266 3419 344 3498 aequi
356 3419 467 3496 Jupiter
480 3419 520 3477 nil
532 3421 677 3498 optimus?

42 3551 74 3617 ln
87 3547 268 3620 Philoctete
283 3570 292 3612 :

114 3648 216 3742 Videte
226 3690 262 3738 ot
272 3675 346 3758 ipsis
361 3673 443 3734 lucre
456 3673 577 3734 honesta
590 3674 646 3733 sint
659 3673 733 3734 diis:

116 3776 316 3854 ttirabilisque
328 3771 489 3852 plurimum
502 3770 533 3830 in
548 3769 661 3852 templis
674 3770 725 3850 qui
738 3767 825 3828 habet

830 3873 877 3948 td.
