2646 4596
264 237 330 303 586
562 253 675 318 ωηατ]
698 255 818 302 rusruu
840 257 995 306 enarrare

264 365 391 432 Christo
403 376 511 432 nostro
522 364 641 434 netum
653 364 870 436 demonstrare
884 387 1062 455 possumus.
1077 365 1195 434 Statim
1208 369 1284 434 enim

262 486 357 563 atque
372 485 464 542 natus
479 485 538 551 est,
555 472 639 562 Magi
652 497 692 540 ex
703 474 817 542 Arabia
829 474 963 564 profecti
978 496 1053 542 eum
1068 477 1283 553 adoraveurnt,

262 605 337 650 cum
356 583 444 673 prius
464 605 497 650 se
512 581 553 648 ad
566 583 727 650 Herodem
744 583 778 650 in
793 593 876 650 terra
891 595 992 650 vestra
1009 597 1088 652 tune
1105 599 1282 674 regnantem

263 693 491 760 eontulissent:
513 703 609 780 q'uem
628 694 757 781 quidem
777 693 940 782 Scriptura
961 684 1071 783 legem
1089 693 1281 781 Assyrium

262 814 354 867 vocat
372 801 412 866 ob
431 801 564 890 impium
582 813 614 865 et
631 801 813 890 improbum
830 803 899 889 ejus
918 803 1071 868 animum.
1093 801 1194 868 Scitin
1209 805 1279 868 enim

262 932 344 998 saepe
359 933 377 974 u
393 908 512 1004 Spiritu
526 921 636 975 saneto
651 923 701 976 res
716 909 873 995 ejusmodi
887 911 919 977 in
930 910 1088 998 parabolis
1102 923 1138 978 et
1149 911 1280 978 similitu

263 1021 390 1086 dinibus
405 1019 487 1094 dicit
505 1016 598 1106 quale
614 1031 661 1086 est
676 1019 762 1104 quod
777 1031 808 1084 et
825 1019 857 1084 in
874 1041 1001 1084 omnem
1018 1019 1280 1108 ‹ierosolymorun

261 1126 415 1218 populum
427 1126 601 1216 usurpavit,
619 1147 701 1213 sepe
715 1123 785 1190 illos
801 1125 843 1190 ita
859 1123 1052 1212 compellam
1065 1147 1073 1190 r
1086 1153 1106 1186 a
1116 1126 1211 1194 Peter
1219 1141 1280 1196 tuus

264 1237 494 1304 »Amorrhaeus
505 1247 538 1301 et
549 1247 714 1302 matertna
725 1233 898 1300 Chettaea¹.
915 1260 928 1296 a
1016 1273 1019 1292 .

306 1343 484 1413 LXXVIII.
503 1344 581 1410 Nam
596 1343 738 1410 Herodes
750 1342 802 1412 ille
814 1366 881 1417 rex,
898 1364 972 1408 oum
984 1344 1113 1410 adeum
1125 1345 1280 1434 tunolltgi

264 1479 303 1520 ex
314 1453 429 1520 Arabia
445 1455 602 1520 venissent
613 1476 651 1519 ae
663 1451 826 1520 dicerent:
844 1455 890 1522 Ex
904 1451 991 1520 stella
1007 1477 1078 1542 quae
1094 1455 1130 1522 in
1145 1454 1280 1543 ooeloap-

263 1563 382 1654 paruit‚
394 1561 599 1650 eognovimus
610 1574 721 1628 natum
732 1585 800 1627 esse
811 1585 918 1650 regem
928 1563 960 1628 in
972 1573 1054 1628 terra
1068 1575 1188 1639 vestra,
1201 1587 1280 1630 eum-

263 1695 326 1761 que
348 1671 690 1746 adoratumrvenimus,
715 1671 847 1737 edoctus
869 1682 917 1736 est
937 1694 956 1738 a
982 1672 1162 1738 senioribus
1184 1672 1279 1760 populi

262 1781 371 1855 vestri,
390 1782 458 1868 qui,
476 1781 510 1846 in
528 1782 607 1848 urhe
625 1777 803 1855 Bethleem,
823 1779 1068 1868 responderunt,
1086 1803 1127 1846 eo
1147 1783 1228 1869 quod
1244 1783 1278 1846 ita

264 1889 417 1977 seriptum
433 1889 473 1955 eit
492 1913 510 1956 a
528 1889 708 1977 Propheta:
727 1889 790 1954 «Et
805 1899 839 1952 tu
854 1886 1020 1954 Bethleem
1034 1902 1119 1954 terra
1134 1888 1217 1956 luda
1231 1913 1276 1954 ne

264 2024 278 2062 a
291 2013 451 2086 quaquam
467 1997 597 2063 minima
615 2019 648 2060 ea
664 1997 695 2062 in
708 1995 903 2084 principibus
916 1995 1011 2062 Juda.
1029 1999 1077 2063 Ex
1089 2008 1122 2063 te
1137 2000 1223 2066 enim
1237 2021 1279 2064 ex·

263 2133 277 2168 a
290 2103 349 2170 ibit
360 2105 436 2181 dux,
450 2105 504 2192 qui
516 2118 623 2194 pnaeet
631 2104 785 2193 populum
794 2103 929 2174 meum².
941 2133 955 2166 ι
968 2104 1277 2192 llliigiturexdrebia

262 2215 356 2304 Magi,
372 2238 447 2281 eum
462 2213 627 2282 bethleem
642 2215 812 2288 uenissent,
829 2235 867 2280 ao
883 2235 1019 2302 puerum
1034 2215 1221 2291 adorassent,
1237 2217 1278 2280 ei-

263 2347 325 2412 que
337 2346 482 2399 munera,
492 2313 619 2400 aurum,
628 2325 703 2392 thus
714 2335 746 2390 et
756 2323 919 2412 myrrham
931 2323 1123 2399 obtulissent,
1133 2324 1277 2392 diuinitus

263 2432 415 2498 admoniti
427 2445 513 2508 sunt,
526 2433 657 2498 odorato
669 2430 834 2498 Bethleem
845 2453 958 2519 puero,
971 2455 1011 2497 ne
1023 2431 1062 2496 ed
1072 2429 1220 2496 llerodem
1229 2453 1277 2494 re·

263 2541 378 2606 dirent.
396 2538 443 2606 Ao
456 2541 576 2628 loseph
588 2541 717 2628 quidem
729 2537 833 2604 lllarioe
845 2561 990 2627 sponsus,
1006 2562 1081 2606 cum
1095 2541 1178 2628 prius
1191 2539 1277 2606 vellet

262 2673 408 2739 sponsam
426 2672 515 2716 suem
532 2650 662 2738 ejicere,
682 2649 850 2714 arbitratus
866 2669 906 2712 ex
922 2647 980 2713 viri
998 2649 1232 2723 consuetudine,
1248 2649 1275 2712 id

260 2770 358 2824 estex
370 2772 492 2848 stupro,
506 2758 667 2848 gravidam
680 2781 761 2831 esse,
776 2757 841 2821 viso
854 2757 911 2844 ipsi
924 2755 1031 2824 oblato
1041 2759 1146 2845 jussus
1156 2769 1202 2824 est
1212 2781 1278 2822 uxo

262 2891 329 2933 rem
345 2891 436 2934 suam
450 2891 515 2934 non
530 2869 659 2956 ejicere,
677 2877 835 2932 asserente
851 2864 975 2952 angelo,
992 2868 1047 2953 qui
1062 2868 1092 2932 ei
1106 2869 1276 2955 apparebat,

176 2967 179 2974 ’
259 2999 299 3040 ex
314 2977 433 3064 Spiritu
448 2989 557 3043 saneto
572 2999 639 3042 esse
656 2976 741 3063 quod
754 2973 805 3040 illa
822 2976 853 3040 in
866 2986 957 3040 utero
969 2975 1117 3070 habebat.
1134 2976 1214 3042 lllotu
1225 2976 1277 3063 igi-

260 3093 313 3149 tur
321 3084 484 3174 perculsus
492 3109 562 3152 enm
575 3108 639 3150 non
651 3083 756 3172 ejecit.
773 3081 836 3148 Sed
848 3105 923 3148 cum
934 3105 1047 3150 oeneus
1059 3083 1205 3150 indudea
1215 3093 1277 3146 tum

259 3193 398 3283 primum
410 3191 810 3279 haberetursubCyrenio,
829 3189 1278 3279 exoppidoNazareth,inquu

260 3303 407 3392 degebat,
425 3301 604 3378 Bethleem,
623 3300 707 3366 unde
725 3297 878 3364 oriundus
895 3308 976 3372 erat,
994 3298 1157 3385 prefectus
1171 3310 1229 3392 eat,
1249 3311 1277 3360 ut

260 3426 459 3489 censeretur3
474 3437 550 3479 nam
561 3435 599 3477 ex
610 3410 696 3476 tribu
708 3409 790 3475 lude
799 3408 882 3473 hanc
895 3420 1010 3474 terram
1022 3407 1179 3476 incolente
1190 3431 1278 3496 genus

260 3523 409 3590 ducebat.
428 3525 476 3590 Ae
491 3524 557 3612 ipse
573 3545 635 3588 una
648 3541 722 3586 oum
734 3518 830 3583 lllariu
846 3518 976 3626 jubetur
992 3520 1025 3584 in
1041 3519 1211 3610 AEgyptum
1221 3519 1278 3584 dis·

258 3631 385 3707 cedere,
401 3633 509 3722 ibique
525 3655 599 3699 cum
616 3653 717 3719 puero
733 3629 937 3702 commorari,
954 3628 1058 3693 donec
1074 3628 1218 3694 divinitus
1233 3627 1279 3690 ad-

259 3752 461 3816 moneantur,
480 3755 516 3807 ut
533 3741 566 3807 iu
584 3739 728 3806 ,Iudaeam
744 3738 885 3804 redeant.
905 3737 985 3806 lllato
1000 3749 1109 3804 autem
1125 3733 1278 3806 Bethleem

294 3864 404 3918 'Ezocln
419 3887 469 3930 avr,
482 3871 505 3918 3,
516 3899 547 3909 -
558 3869 568 3902 ²
581 3869 658 3918 Mieh.
670 3883 694 3927 v,
710 3883 731 3915 a.
