2586 4642
426 371 548 416 cournn
573 369 724 414 nnunsns.
1027 345 1088 430 557

19 499 37 532 a
58 471 231 540 dominus
246 475 328 564 ejus,
339 475 493 542 invenerit
507 473 754 544 italncientem¹.
770 476 833 542 »Et
845 475 960 541 iterum
975 497 982 540 :
996 471 1091 538 «Ser-

22 611 41 642 »
62 607 133 648 vua
152 585 212 672 qui
231 585 292 652 acit
307 583 501 652 voluntatem
517 585 637 652 domini
658 584 720 660 soi,
736 594 768 650 et
783 607 847 650 non
863 582 951 659 facit,
966 581 1092 672 vapula-

23 722 42 753 »
63 695 121 759 bit
139 691 292 760 multaa¹.
311 723 324 756 r
340 696 381 761 Et
399 715 433 762 :a
452 695 539 776 Quid
555 695 632 765 mibi
648 693 764 770 dicitis,
780 693 929 769 Domine,
941 693 1089 768 Domine,

29 829 48 862 »
66 812 105 866 et
123 824 197 868 non
215 801 317 870 facitis
339 825 409 890 quae
428 802 540 869 dico'?
554 832 567 865 ι
583 804 622 869 Et
643 803 758 868 iterum
777 825 785 866 :
805 800 869 866 «Si
883 812 991 868 autem
1007 801 1092 867 dicut
1210 817 1213 828 ’

32 936 51 969 ι
70 931 195 976 servus
211 909 245 976 in
267 909 366 978 corde
384 933 443 976 nuo
459 933 467 976 r
485 909 603 978 Tardat
622 909 768 978 dominus
789 933 895 1004 meust
908 920 942 976 ct
962 909 1094 998 incipiat

33 1045 52 1078 ι
70 1017 207 1084 caedere
223 1038 405 1094 conservos,
422 1031 453 1083 at
470 1019 676 1094 manducare,
693 1019 860 1094 etbiberc,
876 1030 909 1084 et
924 1019 1089 1092 inebriarit

35 1155 54 1188 ι
75 1128 192 1194 veniet
211 1127 440 1215 dominuaejun
452 1128 616 1216 indiaque
630 1153 694 1196 nou
707 1128 1093 1217 sperat,etdividoteum,

39 1265 56 1300 a
75 1247 113 1302 ot
132 1247 262 1326 partem
277 1236 347 1324 ejus
365 1257 441 1302 cum
459 1235 634 1326 hypocritis
653 1235 783 1326 ponet‘.
801 1237 869 1302 »Et
883 1237 989 1304 omnia
1003 1233 1091 1312 talia,

40 1367 122 1434 quae
140 1344 281 1412 liberum
295 1355 328 1410 et
342 1365 406 1411 auae
420 1346 585 1435 potestatis
600 1344 773 1412 ostendunt
788 1343 964 1422 hominem,
976 1355 1010 1411 ct
1020 1346 1093 1434 quia

43 1452 190 1523 coneilio
206 1455 340 1520 instruat
355 1453 453 1530 Deua,
467 1453 639 1520 adhortans
651 1475 709 1520 noa
720 1453 761 1519 nd
772 1453 1005 1541 subjectionem
1020 1455 1094 1527 sibi,

45 1576 85 1632 et
96 1574 246 1632 avertens
257 1565 297 1629 ab
311 1561 544 1639 incredulitate,
558 1586 622 1629 non
635 1573 742 1650 tamen
754 1562 794 1628 de
806 1561 953 1630 violentie
965 1585 1090 1653 cogens.

99 1673 155 1742 lv.
175 1673 302 1740 Etenim
316 1673 421 1762 ipsum
435 1670 641 1762 Evangelinm
656 1672 682 1738 ai
697 1671 836 1739 noluerit
851 1674 922 1762 quis
938 1675 1040 1762 aequi,
1056 1674 1096 1740 li·

51 1796 109 1852 aet
125 1781 258 1872 quidam
272 1781 315 1858 ci,
331 1803 395 1848 non
411 1793 517 1848 umen
533 1781 670 1870 expedit.
689 1781 907 1850 lnobcdicntia
922 1783 1009 1848 enim
1023 1783 1095 1859 Dei,

52 1905 91 1958 et
106 1890 235 1958 amissio
250 1890 327 1956 boni
342 1900 391 1956 ost
407 1889 535 1978 quidem
552 1890 583 1954 in
599 1889 738 1956 bominis
748 1899 921 1980 potestator
937 1889 1097 1957 laesionom

54 2014 169 2068 nutem
188 2013 222 2069 et
241 1999 393 2067 damnum
412 2023 477 2066 non
498 1997 672 2089 quamlibet
693 1998 796 2065 insert.
821 1999 863 2066 Et
883 1999 1097 2090 propterboc

54 2109 177 2178 Paulus
191 2111 235 2176 nit
252 2133 286 2176 :a
301 2109 417 2176 Omnia
433 2107 542 2186 licent,
565 2109 621 2174 aed
635 2131 700 2176 nou
720 2110 826 2176 omnio
846 2109 1019 2200 expediunt
1030 2109 1057 2186 ’ς
1076 2141 1090 2172 ι

57 2220 284 2289 atlibertatem
296 2219 435 2287 reserens
446 2219 597 2296 bominis,
609 2221 972 2309 quaproptarotomnio
983 2220 1094 2297 licant,

60 2355 129 2400 non
145 2344 278 2422 cogente
296 2353 372 2397 cum
389 2330 475 2405 De03
492 2341 525 2396 ot
547 2328 591 2406 id,
608 2352 676 2396 non
695 2331 838 2420 expedit,
857 2331 1040 2408 ostendens,
1062 2344 1098 2397 ut

64 2463 131 2512 non
144 2442 185 2508 ad
198 2439 341 2507 velamen
354 2438 481 2514 malitiae
495 2441 667 2507 abutamur
680 2437 847 2508 libertate:
862 2441 1024 2508 nonenim
1035 2441 1099 2508 boc

62 2551 200 2641 expedit.
219 2550 260 2616 Et
277 2551 393 2618 iterum
408 2550 472 2618 ait:
487 2549 693 2639 t,Loqnimini
705 2551 869 2618 veritatem
883 2551 1099 2639 unusquisque

66 2683 169 2730 rcum
189 2659 334 2751 proximo
356 2657 446 2726 auo'.
465 2659 531 2725 ‚Et
547 2682 555 2724 ε
569 2685 581 2718 ι
597 2658 710 2724 Omnia
733 2681 837 2723 sermo
858 2657 960 2725 malua
983 2657 1023 2724 de
1044 2679 1099 2724 oro

66 2784 198 2840 »reatro
219 2794 285 2838 non
306 2784 409 2848 exeat,
433 2785 488 2838 aut
508 2771 687 2858 turpitudo,
709 2781 765 2836 aut
792 2767 1021 2856 vaniloquium,
1043 2781 1099 2835 aut

69 2911 82 2944 ι
97 2879 281 2956 scurrilitas,
293 2901 364 2968 quan
376 2879 418 2944 ad
429 2899 497 2944 rem
509 2900 574 2945 non
585 2875 736 2965 pertinet,
748 2875 805 2942 aod
815 2878 914 2966 magia
926 2878 1099 2967 gratiarnm

71 2985 206 3056 »artio'.
227 2989 296 3052 »Et
312 3008 320 3050 ε
340 3011 354 3046 ι
367 2984 470 3050 Eratis
485 2984 570 3050 enim
585 2981 756 3071 aliquando
772 2986 923 3061 tenebra,
939 3007 1026 3054 nunc
1042 3011 1082 3053 nu

70 3111 159 3166 »tem
179 3093 289 3162 lumen
309 3095 341 3161 in
361 3093 499 3161 Domino
515 3115 523 3158 τ
542 3092 631 3184 quasi
651 3091 708 3160 lilii
733 3092 814 3162 lucis
832 3094 966 3164 honesta
984 3099 1101 3164 ambu-

71 3204 177 3274 »lnte⁸
199 3225 208 3270 τ
239 3228 303 3272 non
328 3205 360 3272 in
385 3203 667 3272 comorantionibns
689 3215 722 3270 ot
744 3205 963 3283 ebrietatibus,
982 3231 1047 3274 noa
1066 3207 1100 3274 in

74 3459 86 3492 ι
100 3427 223 3518 quidam
234 3424 349 3500 fuistis,
361 3424 418 3492 aad
428 3423 527 3491 abluti
539 3424 625 3501 entia,
638 3423 695 3493 aed
706 3423 895 3494 sanctificati
910 3427 983 3493 eatis
996 3427 1028 3496 in
1039 3451 1100 3496 no-

76 3537 179 3604 »oiina
193 3535 321 3603 Domini
333 3535 432 3602 nostri
442 3532 479 3598 ¹³.
495 3533 551 3600 §Si
566 3533 737 3624 igiturnon
754 3534 786 3602 in
798 3535 889 3604 nobia
900 3546 983 3607 asset
996 3535 1100 3605 lacere

77 3647 151 3724 bac,
165 3656 218 3712 aut
233 3669 299 3714 non
318 3644 435 3720 lacere,
452 3666 548 3734 qnam
563 3665 692 3711 cannam
709 3644 849 3714 babebat
865 3644 1047 3736 Apostolus,
1068 3656 1100 3714 et

108 3815 181 3866 lbuc.
192 3831 238 3876 ιιι,
249 3815 289 3874 55,
302 3817 342 3865 56.
354 3845 384 3853 -
393 3813 405 3848 ¹
415 3813 476 3863 ltin.
487 3815 527 3878 67.
541 3843 571 3854 -
581 3814 591 3848 ⁸
602 3815 664 3865 Luc.
677 3833 711 3875 vr,
723 3813 763 3872 66.
775 3816 824 3852 ..t
835 3815 895 3866 Luc.
912 3834 956 3878 ru,
967 3815 1009 3874 lt,
1020 3815 1060 3873 lc.
1069 3842 1099 3852 -

80 3885 169 3952 licor.
179 3917 214 3955 rr,
228 3917 266 3961 rr,
278 3909 304 3950 et
315 3917 341 3960 a,
353 3901 391 3950 ab.
400 3901 446 3940 -l
458 3900 552 3965 Ephor.
564 3917 598 3960 rr,
614 3901 697 3950 25.-⁷
709 3899 768 3948 tttd.
785 3917 826 3968 ²9·
841 3909 865 3952 et
880 3919 904 3960 r,
917 3900 987 3961 4.-¹
998 3897 1061 3948 [tid.
1075 3901 1099 3947 8.
1133 3925 1136 3932 »

81 3987 199 4036 -lllonn
213 4003 269 4044 aur,
284 3985 478 4034 15.-¹⁰1cor.
493 4001 527 4044 rr,
542 4001 580 4034 rr.
