2772 4620
300 269 363 330 288
595 287 708 328 saucrr
730 257 849 327 insitus
872 287 1023 329 uanrrars

339 395 486 467 Maxime,
503 395 640 480 inquam.

338 504 424 582 Quid
435 501 556 590 igitur?
571 501 659 564 ldom
670 512 718 564 est
733 499 895 564 hominem
913 511 945 564 et
955 499 1058 569 Deum
1076 521 1191 574 nosse,
1210 522 1258 564 ac
1272 523 1326 564 mu

271 647 276 666 ι
293 616 402 686 sicam,
413 609 657 680 arithmeticam,
674 607 900 672 astronomiam
916 619 971 671 eut
987 605 1107 692 aliquid
1119 605 1248 671 simile.

285 699 287 707 Ι
337 717 468 784 Minime
482 717 638 804 gentium,
655 716 793 802 inquam.

337 825 407 891 Non
428 834 514 886 recte
530 843 604 908 ergo
620 819 698 885 mihi
718 819 918 908 respondisti,
936 820 1037 907 inquit
1052 817 1114 884 illc.
1138 819 1226 886 Aliae
1249 825 1330 886 enim

293 930 455 1019 disciplina
477 942 509 994 et
527 929 750 994 exercitatione
769 929 906 1016 quadam
927 929 1051 993 anobis
1068 944 1326 1016 comparantur:

293 1037 359 1102 alite
370 1057 446 1100 vero
460 1057 499 1099 ex
512 1034 579 1099 visu
594 1035 758 1100 scientiam
772 1034 923 1099 efficiunt.
939 1033 972 1098 si
987 1036 1057 1122 quis
1074 1036 1132 1100 tibi
1151 1035 1246 1102 dicat
1264 1062 1327 1102 esse

293 1144 325 1210 in
337 1143 426 1211 India
437 1140 551 1207 animal
567 1153 678 1207 natura
691 1166 753 1208 non
765 1141 865 1208 simile
876 1145 997 1210 caeteris
1012 1145 1176 1221 omnibus,
1195 1148 1256 1212 sed
1268 1147 1324 1211 tale

293 1263 346 1317 aut
357 1250 430 1326 tale,
447 1247 628 1337 multiplicis
643 1251 787 1316 aerariae
803 1251 926 1324 sormaea
945 1274 1009 1315 non
1020 1253 1108 1338 prius
1129 1254 1215 1317 scies
1231 1255 1321 1340 quale

291 1362 343 1433 sit,
359 1359 417 1424 nisi
433 1357 568 1424 videris:
585 1357 640 1421 sed
658 1379 718 1423 nec
734 1356 830 1422 ullam
848 1357 929 1423 illius
951 1359 1107 1425 rationem
1125 1362 1232 1448 possis
1249 1363 1319 1428 red·

293 1469 380 1542 dere,
398 1466 506 1531 nisiex
521 1465 624 1549 coqui
639 1464 751 1528 viderit
763 1464 907 1528 audieris.

335 1575 405 1642 Non
422 1573 577 1660 proiecto,
593 1572 730 1658 inquam.
860 1658 864 1667 Ι

334 1681 502 1763 Quomodo
522 1681 629 1767 igitur,
644 1681 757 1767 inquit,
777 1681 817 1745 de
836 1682 904 1746 Deo
929 1681 1109 1772 philosophi
1130 1700 1224 1752 recte
1245 1712 1313 1753 sen-

289 1792 380 1862 tiant,
401 1799 455 1849 aut
472 1784 644 1872 quidquam
661 1785 726 1848 veri
744 1785 863 1857 dloant,
883 1787 1047 1851 scientiam
1065 1787 1151 1852 illius
1173 1813 1241 1856 non
1259 1792 1312 1856 ha-

289 1901 412 1968 bentes,
428 1893 544 1980 quippo
559 1892 612 1978 qui
629 1912 689 1955 neo
700 1891 767 1954 visu
781 1913 842 1956 nec
856 1893 1016 1958 anditione
1027 1895 1206 1982 quidquam
1225 1899 1263 1963 de
1277 1923 1311 1962 eo

293 2021 431 2089 unquam
442 1998 642 2088 perceperint
650 1997 672 2060 i.

311 2110 374 2175 'At
396 2106 508 2181 oculis,
530 2107 671 2192 inquam,
694 2105 798 2180 Pater,
821 2106 961 2172 divinum
985 2131 1118 2186 numen,
1142 2125 1179 2176 ut
1199 2127 1310 2178 caetera

288 2214 445 2288 animalia,
463 2213 561 2276 videri
578 2234 642 2276 non
659 2222 775 2300 potest,
793 2213 850 2278 sed
866 2212 929 2279 sola
948 2229 1054 2282 mente
1067 2221 1201 2308 percipi,
1220 2235 1255 2286 ut
1269 2223 1308 2284 ait

288 2326 388 2397 Plato,
404 2323 456 2386 cui
471 2344 530 2407 ego
545 2321 705 2385 assentior.

330 2431 382 2498 lV.
405 2430 490 2494 lnest
504 2429 611 2516 igitur,
630 2428 732 2515 inquit
746 2429 811 2506 illo,
831 2433 927 2497 menti
946 2448 1061 2501 nostrae
1079 2435 1149 2500 talis
1164 2439 1304 2525 quaedam

285 2562 323 2605 ac
341 2548 427 2602 tanta
450 2535 505 2609 ris,
525 2547 642 2598 utnon
664 2535 756 2602 citius
772 2561 873 2604 *sensu
895 2541 1106 2630 percepisset?
1125 2545 1187 2609 dut
1203 2547 1304 2610 Deum

285 2644 402 2712 videbit
420 2640 588 2730 aliquando
606 2641 743 2706 humana
763 2665 852 2710 mens
871 2645 991 2734 Spiritu
1010 2663 1119 2717 sancto
1136 2676 1196 2716 non
1212 2677 1300 2716 eaor
1377 2683 1378 2690 ¹

282 2753 376 2822 natu?
1377 2745 1378 2752 ἵ

327 2864 380 2930 Ait
395 2863 480 2926 enim
496 2859 596 2936 Plato,
614 2845 741 2950 inquam
752 2886 824 2951 ego,
841 2864 936 2930 talem
946 2889 1015 2932 esse
1031 2869 1135 2934 mentis
1148 2866 1289 2944 oculum,
1377 2861 1378 2922 Ϊ

283 2985 376 3058 atque
391 2968 431 3032 ad
447 2968 510 3033 hoc
524 2969 615 3034 nobis
630 2968 740 3034 dutum
751 2970 857 3048 luisse,
875 2987 909 3038 ut
931 2975 1035 3064 ipsum
1050 2977 1124 3043 illud
1138 2976 1216 3064 quod
1230 2989 1290 3054 cst,
1377 2955 1378 3016 l

251 3139 255 3148 .
282 3082 344 3145 hoc
362 3081 430 3167 ipso
450 3076 609 3166 pellucido
631 3077 723 3145 oculo
744 3081 849 3146 videre
871 3085 1040 3170 possimus;
1066 3089 1294 3176 quodquidam

279 3209 372 3253 causa
384 3199 552 3251 est-eorum
565 3187 706 3252 omnium
723 3211 792 3275 quae
810 3203 915 3256 mente
931 3195 1160 3282 percipiuntur,
1178 3220 1237 3261 nec
1249 3219 1296 3261 oo·

279 3295 379 3361 lorern
394 3295 526 3368 hahens,
543 3316 603 3358 noc
618 3293 763 3382 liguram,
781 3320 841 3364 nec
855 3301 1118 3388 magnitudinem,
1135 3327 1196 3370 nec
1210 3306 1294 3392 quid·

277 3427 371 3494 quam
387 3425 497 3468 eorum
513 3423 582 3488 quae
593 3401 692 3467 oculis
704 3418 899 3471 cernuntur:
917 3408 974 3472 sed
988 3411 1140 3497 quidnam
1152 3411 1223 3476 esti
1235 3411 1293 3476 hoc

277 3514 392 3597 ipsum,
418 3509 559 3594 inquam,
580 3507 666 3594 quod
687 3532 780 3596 supra
804 3535 931 3578 omnem
953 3513 1120 3580 cosentiam
1144 3529 1210 3590 est,
1234 3540 1292 3581 nou

275 3615 461 3688 enarrabile,
486 3637 549 3678 non
572 3613 769 3702 explicabile,
792 3617 894 3685 solum
916 3619 1084 3707 pulchrum
1107 3626 1291 3698 othonum,

275 3723 385 3787 animis
397 3745 414 3784 a
427 3733 537 3786 natura
549 3722 630 3786 beno
647 3722 821 3790 informatis
832 3728 874 3792 ob
887 3729 1107 3814 cognationem
1122 3741 1154 3795 ot
1170 3731 1290 3797 videndi

273 3829 476 3918 cupiditatem
491 3826 575 3894 illico
590 3828 750 3917 affulgens.
