2586 4642
424 359 547 408 CONTRA
572 363 723 407 lifflllffld·

400 557 550 626 CAPUT
572 557 741 628 XXXVI.

59 737 117 796 Ab
133 759 193 798 unc
206 751 231 798 ct
243 738 336 799 eodem
347 739 434 801 Patre
446 744 546 801 mdsos
556 763 616 803 esse
626 741 792 819 Prophetas,
803 761 822 800 o
834 761 889 814 quo
902 752 927 798 et
942 735 1071 798 Christus

494 843 597 902 murus
607 855 654 901 est.

95 1008 123 1074 1.
146 1007 255 1089 Quem
269 1010 354 1078 enim
368 1035 434 1080 non
453 1013 597 1082 confutat
612 1013 779 1096 Dominus,
801 1032 905 1100 neque
927 1009 967 1076 ab
990 1005 1092 1074 altero

42 1117 165 1186 dicere
174 1117 430 1211 Prophetas,nisi
441 1148 458 1190 a
471 1123 564 1190 Patre
575 1124 657 1214 ejus,
667 1145 771 1212 neque
782 1121 887 1189 adalia
899 1133 932 1186 ct
942 1117 1001 1186 alia
1014 1120 1092 1184 sub-

49 1227 192 1308 stantie,
208 1228 264 1296 sed
278 1231 319 1297 ab
339 1255 408 1298 uno·
420 1245 453 1299 et
470 1232 585 1300 eodem
598 1232 705 1308 Putre,
722 1255 826 1321 neque
842 1231 939 1298 alium
954 1229 1092 1319 aliquem

47 1360 92 1404 cu
115 1361 188 1427 quae
206 1353 281 1406 suut
298 1341 331 1407 in
347 1341 411 1408 hoc
422 1343 543 1408 mundo
557 1339 682 1419 fecisse,
694 1342 753 1409 nisi
769 1365 862 1408 suum
877 1342 1016 1418 Patrem,
1032 1342 1094 1408 do-

48 1471 135 1516 cens
158 1449 205 1516 sic
228 1471 237 1514 :
256 1476 269 1511 r
291 1451 395 1518 Homo
409 1465 478 1520 crat
493 1453 621 1542 quidum
635 1450 872 1543 paterfamilias,
891 1465 924 1518 et
941 1450 1094 1542 plantavit

48 1586 64 1620 ι
84 1558 227 1636 vineant,
243 1572 277 1626 et
291 1583 400 1651 sepem
415 1562 626 1630 circumdedit
641 1563 684 1639 ei,
700 1574 733 1629 et
748 1561 828 1628 fodit
845 1562 878 1628 in
893 1583 929 1628 eu
942 1559 1094 1634 torculur.

50 1697 68 1730 ι
88 1679 122 1734 et
133 1668 302 1737 aedificavit
314 1671 441 1748 turrim,
452 1684 485 1737 et
495 1670 876 1748 locavitermcotonis‚et
886 1693 1017 1761 peregre
1028 1693 1100 1758 pro-

54 1809 70 1842 ι
92 1779 194 1850 fectus
205 1793 263 1848 est.
277 1782 360 1849 Cum
372 1795 481 1849 sutem
492 1783 774 1874 appropinquasset
785 1795 910 1872 tempus
921 1780 1098 1856 fructuum,

56 1918 72 1952 ι
92 1889 178 1957 misit
190 1913 299 1958 servos
315 1915 389 1958 suos
403 1892 444 1958 ad
467 1888 610 1968 colonos,
627 1904 665 1958 ut
683 1891 866 1982 acciperent
882 1891 922 1957 de
943 1889 1099 1958 fructibus

57 2028 73 2062 ι
92 2000 166 2066 suis.
185 2001 226 2069 Et
241 1999 345 2068 coloni
361 2001 566 2092 apprehensis
582 2002 692 2080 servis,
710 2025 810 2069 unum
824 2002 953 2091 quidem
973 2000 1101 2067 cecide·

57 2141 74 2174 ι
95 2123 181 2188 runt,
197 2097 296 2178 ulium
314 2124 423 2180 autem
448 2110 680 2202 lapidaverunt,
695 2110 794 2178 alium
808 2133 883 2178 vero
900 2108 1097 2180 occiderunt.

60 2251 75 2284 ι
95 2219 213 2288 lterum
228 2221 314 2287 misit
329 2218 406 2288 ulios
423 2243 528 2288 servos
544 2221 651 2311 plures
662 2221 842 2311 prioribus:
858 2230 890 2286 ct
901 2220 1045 2290 fecerunt
1055 2219 1101 2285 eis

62 2363 77 2396 ι
97 2331 248 2400 similiter.
265 2332 439 2400 Novissime
449 2343 558 2400 nutem
570 2333 656 2400 misit
670 2333 716 2400 cis
730 2331 835 2402 lilium
849 2357 943 2402 suum
955 2331 1098 2407 unicum,

65 2472 80 2505 ι
97 2441 203 2510 dicens
217 2465 226 2508 :
240 2441 337 2509 Forte
347 2444 544 2510 verebuntur
555 2441 657 2508 filium
674 2465 793 2510 mcum.
806 2442 919 2511 Coloni
931 2466 1006 2510 vero
1025 2463 1101 2510 cum

67 2583 80 2614 ι
97 2552 244 2620 vidissent
260 2551 376 2630 filium,
392 2553 540 2621 dixerunt
554 2554 635 2621 intr:
648 2577 681 2622 se
693 2576 702 2620 ε
716 2554 777 2622 Ηίο
793 2567 842 2621 est
857 2554 970 2629 heres,
983 2552 1100 2626 venite:

66 2693 82 2728 ι
98 2664 278 2732 occidamus
294 2687 382 2744 eum,
398 2677 431 2732 et
445 2665 634 2733 habebimus
655 2665 873 2732 hereditatem
888 2664 957 2751 ejus
974 2683 983 2727 ε
1002 2673 1034 2726 et
1049 2683 1101 2749 ap·

69 2775 288 2864 »prehensum
310 2798 386 2844 cum
408 2761 575 2864 ejecerunt
595 2786 684 2840 extra
706 2773 844 2848 vineam,
863 2783 897 2838 et
914 2770 1102 2839 occiderunt

71 2909 180 2954 reum.
201 2884 284 2952 Cum
298 2909 375 2975 ergo
397 2887 520 2955 venerit
538 2884 686 2950 dominus
703 2883 815 2959 vinces,
834 2882 912 2972 quid
931 2881 1026 2948 faciet
1046 2901 1102 2947 co·

74 2992 179 3058 »louis
195 2991 279 3056 illisi
291 2994 331 3056 Et
346 2992 495 3058 dixerunt
506 2990 550 3057 illi
564 3014 573 3056 :
587 2989 686 3058 Malos
697 2990 780 3058 mule
795 2991 920 3083 perdet,
932 3003 965 3058 et
979 2989 1103 3057 vineam

76 3129 89 3162 ι
104 3121 190 3166 suam
205 3096 323 3167 locabit
344 3096 413 3166 aliis
431 3098 566 3176 colonis,
580 3100 635 3188 qui
655 3098 789 3166 reddent
802 3100 832 3166 ci
847 3098 970 3167 unctus
985 3110 1107 3190 tempo-

75 3241 87 3274 ι
105 3210 189 3277 ribus
210 3210 284 3277 suis.
310 3211 431 3277 lterum
457 3210 535 3277 dicit
552 3209 736 3277 Dominus:
763 3209 933 3300 Nunquam
957 3209 1100 3302 legistis:

75 3349 88 3386 r
104 3318 254 3409 Lapidem
269 3342 364 3407 quem
381 3319 633 3408 reprobaverunt
647 3316 852 3396 oedificantes,
872 3317 927 3386 hic
941 3318 1042 3386 fectus
1056 3331 1105 3388 est

77 3429 134 3495 »iu
147 3438 244 3516 caput
265 3425 371 3518 anguli
382 3425 437 3494 ld
452 3426 591 3494 Domino
605 3425 708 3494 factus
723 3439 771 3494 cst
786 3439 820 3494 et
839 3440 888 3496 cst
905 3429 1055 3497 mirabilis
1070 3431 1104 3498 in

79 3536 202 3606 »oculis
221 3539 347 3604 nostris.
366 3537 501 3628 Propter
517 3538 605 3627 quod
615 3537 688 3605 dico
699 3539 801 3616 vohis,
813 3541 964 3630 quonism
979 3542 1104 3609 aufera-

80 3679 92 3714 ι
106 3659 157 3714 tur
169 3671 188 3714 c
206 3648 295 3714 vobis
312 3671 446 3740 regnum
460 3648 534 3727 Dei,
549 3661 583 3716 et
597 3649 728 3716 dubitur
742 3653 828 3741 genti
842 3651 969 3720 facienti
982 3652 1104 3720 fructus

80 3757 203 3848 rejus‘.
222 3787 235 3822 ι
251 3757 395 3849 Perque
410 3759 548 3828 ostendit
570 3759 734 3828 manifeste
750 3760 910 3852 discipulis
925 3763 989 3830 suis
1004 3785 1104 3830 unum

81 3869 203 3960 quidem
214 3882 247 3936 et
258 3869 407 3938 eumdem
418 3869 690 3961 patremfamilias,
705 3870 768 3940 hoc
778 3881 840 3949 cst,
851 3871 953 3942 Deum
965 3870 1104 3947 Patrem,

113 3995 120 4032 ¹
132 3999 223 4050 Mettis.
234 4015 287 4064 ur,
300 3999 331 4050 :u
343 4009 368 4052 ct
378 4015 449 4066 seqq.
