2616 4620
287 321 326 364 sn
351 315 547 366 turonicum
572 315 631 358 aru.
659 315 692 360 u.
939 291 996 376 ηδ

11 460 46 502 on
61 431 197 499 abiretis.
220 458 232 490 ι
246 429 316 518 lpse
334 426 430 492 etiam
443 424 548 490 Essias
563 423 606 488 eit
623 446 630 488 ι
649 449 662 482 ι
676 420 730 486 sio
750 419 827 486 dicit
846 418 999 486 Dominus

12 545 108 620 Deus,
122 541 176 630 qui
187 537 323 606 firmarit
333 533 450 602 oetam
459 544 492 598 et
502 531 642 598 lundevit
652 543 769 597 terram
780 541 812 596 et
822 554 892 619 quae
906 531 940 596 in
950 554 1000 606 ea,

13 664 47 720 et
64 653 117 718 dat
131 647 332 738 spirationem
343 641 460 733 populo
471 641 525 729 qui
537 664 632 730 super
640 663 724 715 eam,
735 651 769 705 et
782 639 925 729 spiritum
942 640 1002 708 cal·

15 760 160 828 euntibus
171 778 262 824 eam:
277 755 330 822 bie
344 753 497 820 Dominus
508 751 592 817 Deus
608 759 709 818 vester
718 761 766 816 est
774 749 795 815 ¹.
814 751 881 816 »Et
896 773 1004 817 rursus

8 895 44 938 er
61 869 228 942 eumdem:
244 893 257 926 ι
273 863 352 952 Ego,
369 862 481 950 inquit,
498 860 558 926 leoi
569 871 686 926 terrem
697 860 900 926 ethominem
911 883 1006 950 super

14 1003 96 1046 eam.
114 979 180 1068 Ego
193 997 288 1044 mauu
304 995 374 1038 mea
385 969 507 1056 firmavi
523 966 671 1035 eoelum².
686 971 749 1037 »Et
759 970 791 1037 in
802 968 863 1036 alio
878 971 1002 1060 eapite:

17 1091 79 1156 llio
97 1100 144 1154 est
162 1087 246 1153 Deus
263 1093 364 1148 vester
381 1081 435 1166 qui
459 1080 633 1146 oonstruxit
650 1091 788 1145 extrema
805 1092 896 1146 terre
913 1103 922 1146 ι
942 1103 1006 1148 ιιοιι

13 1198 143 1273 esuriet,
162 1217 221 1262 nee
235 1191 415 1280 fatigabitur
429 1213 437 1254 :
451 1212 511 1256 nee
521 1202 569 1255 est
583 1188 778 1278 investigatio
789 1191 858 1277 ejus
872 1189 1007 1278 pruden-

1 1351 2 1354 =
18 1310 69 1374 tiae
79 1307 101 1372 ¹.
122 1336 136 1369 ι
153 1303 302 1372 Similiter
317 1299 469 1367 «ieremias
484 1300 550 1364 ait:
567 1299 654 1378 «Qui
666 1298 740 1366 feeit
752 1312 868 1366 terram
880 1300 912 1364 in
923 1300 1010 1366 lorti-

19 1417 129 1482 tudine
148 1436 202 1480 sua
219 1435 226 1475 ι
246 1409 300 1499 qui
316 1409 415 1474 erexit
426 1409 535 1474 orbem
547 1408 580 1473 in
592 1410 743 1497 sapientia
759 1432 827 1487 sua,
839 1421 872 1476 et
889 1411 1008 1499 inpru-

1 1567 2 1570 =
16 1524 124 1590 ‹lentia
136 1545 190 1588 sua
203 1516 342 1585 extendit
353 1513 469 1582 eoelum
478 1529 510 1580 et
521 1514 756 1584 multitudinem
765 1541 854 1605 aquae
865 1517 897 1583 in
909 1517 1006 1584 eoelo:

1 1646 50 1699 ·et
66 1630 174 1698 eduxit
193 1630 292 1695 nubes
315 1627 354 1692 ab
377 1638 517 1692 extremo
540 1636 630 1691 terrae
647 1649 656 1690 ι
675 1623 797 1715 fulgura
821 1627 853 1693 in
875 1625 1012 1716 pluviam

19 1743 107 1816 lecit,
128 1752 160 1806 et
179 1737 288 1804 eduxit
313 1745 422 1802 ventos
444 1734 483 1800 de
504 1734 658 1800 thesauris
683 1734 776 1801 suis‘.
801 1735 944 1803 »Videre
967 1747 1014 1802 est

0 1873 90 1916 ‚uam
108 1849 210 1914 amiea
225 1847 307 1910 inter
325 1867 358 1910 se
372 1854 405 1908 et
422 1865 559 1910 consone
577 1842 741 1932 Prophetae
762 1867 872 1912 omnes
894 1844 1013 1934 loquuti

0 1960 71 2032 int,
85 1979 148 2021 uno
163 1965 195 2020 et
209 1953 321 2018 eodem
336 1952 446 2039 spiritu
458 1951 498 2016 de
509 1951 656 2040 singulari
670 1953 728 2019 Dei
745 1954 890 2044 imperio,
907 1953 1016 2021 mundi

1 2066 131 2154 rugiae,
143 2075 174 2127 et
185 2061 320 2128 hominis
333 2061 491 2126 creatione
506 2061 755 2148 pronuntiantes.
771 2063 962 2143 Quinetiam
973 2065 1017 2129 in-

10 2175 82 2240 imis
96 2172 238 2238 sensibus
260 2169 467 2258 angebantur,
486 2190 560 2234 eum
579 2168 711 2257 impium
734 2169 898 2238 hominum
920 2195 1017 2262 genus

9 2292 141 2370 ugerent
155 2303 163 2344 ι
177 2300 215 2343 ao
226 2300 280 2343 eos
293 2277 346 2364 qui
357 2277 544 2342 videbantur
555 2300 623 2343 esse
634 2279 800 2367 sapientes,
818 2293 948 2370 propter
963 2304 1018 2346 eo-

15 2413 70 2456 um
84 2411 224 2455 errorem
235 2399 267 2452 et
278 2409 334 2452 eor
345 2385 527 2452 induratum
538 2387 707 2476 ignominis
723 2401 920 2456 notaverunt.
934 2391 1019 2456 lere·

6 2499 77 2564 nias
94 2493 222 2583 quidem
238 2493 283 2560 sic
300 2491 459 2580 loquitur:
477 2519 489 2554 ι
507 2492 682 2560 lnsutuatus
705 2507 752 2561 est
769 2498 872 2564 omnis
891 2496 1019 2563 bomon

1 2636 8 2665 ι
28 2602 157 2670 seientia
168 2623 236 2675 sua,
249 2599 368 2689 pudore
379 2600 514 2666 suffusus
525 2611 573 2668 est
583 2603 684 2668 omnis
695 2603 799 2692 opifex
809 2607 850 2672 ob
864 2605 1020 2695 sculptilia

1 2744 8 2775 ι
25 2735 80 2778 sun
99 2733 107 2774 ι
126 2710 240 2775 frustra
256 2711 448 2798 argentarius
464 2709 552 2776 saber
568 2725 735 2800 argentum
751 2713 944 2780 fabricatur:
959 2737 1022 2782 non

1 2855 10 2883 ι
26 2834 75 2886 est
95 2821 221 2909 spiritus
236 2819 268 2886 in
284 2820 329 2885 eis
350 2843 358 2884 ι
381 2821 413 2886 ἰιι
431 2820 482 2886 die
500 2821 683 2888 visitationis
700 2845 764 2888 susa
782 2823 983 2890 interibunt⁶.
1003 2853 1016 2886 ιι

1 2931 91 2998 ldem
100 2929 177 2994 dicit
185 2927 287 2994 David
300 2951 308 2993 ι
320 2927 491 3016 «Corrupti
502 2939 618 2996 suntet
629 2929 856 2996 abominabiles
867 2930 940 2997 laeti
952 2945 1026 2998 sunt

1 3073 11 3103 ι
28 3041 61 3106 in
78 3039 187 3104 studiis
206 3039 269 3103 suis
286 3061 295 3102 ι
312 3061 376 3104 ιιοιι
390 3051 438 3104 est
456 3038 510 3124 qui
526 3038 618 3104 faeiat
637 3040 771 3115 bonum,
788 3053 914 3108 nonest
930 3065 1026 3129 usque

1 3181 12 3211 ι
29 3148 70 3212 ad
81 3169 178 3212 unum
184 3169 193 3217 ι
205 3167 314 3210 omnes
323 3144 674 3220 declinaverunt,simul
682 3144 807 3213 inutiles
815 3147 887 3215 ucri
896 3150 1019 3215 sumt»

1 3253 157 3324 Similiter
173 3252 365 3319 Hebaouob:
390 3252 503 3333 «Quid
520 3254 647 3341 prodest
665 3255 785 3322 bomini
801 3256 944 3347 sculptile
955 3261 1027 3347 quia

2 3399 13 3430 ι
34 3363 166 3452 sculpsit
185 3359 280 3426 illudi
298 3361 460 3428 Formuvit
478 3361 555 3428 illud
572 3365 739 3454 imaginem
758 3366 866 3435 salsam
884 3392 892 3433 :
912 3392 957 3434 vae
976 3371 1028 3460 qui

2 3474 110 3540 »dicit
132 3471 239 3559 lapidi,
255 3471 490 3560 Expergisoere,
508 3484 539 3539 et
555 3474 655 3563 signo,
675 3473 833 3542 Elevaret
854 3477 1031 3547 »Similiter

8 3582 134 3673 loquuti
155 3581 258 3646 caseri
282 3581 418 3646 veritatis
436 3581 609 3670 Prophetae.
634 3585 675 3650 Et
693 3585 770 3671 quid
794 3586 1029 3656 multitudinem

8 3688 241 3778 Prophetarum
259 3710 455 3764 enumerem,
472 3689 526 3778 qui
537 3703 569 3755 et
583 3689 675 3756 multi
686 3691 825 3770 suerunt,
838 3707 870 3760 et
882 3696 921 3762 de
937 3700 1030 3764 rebus

41 3839 131 3889 ²lbani.
144 3855 204 3901 surr,
215 3841 241 3892 5.
253 3838 380 3890 -²Bsui.
392 3855 448 3901 xer,
463 3841 944 3909 12.-¹tt·si.xa,28.-·Jerem.x‚
958 3865 1031 3898 ru.-

6 3925 123 3975 ⁵Jererm
139 3939 163 3985 ι,
178 3925 216 3986 13,
225 3933 251 3976 et
262 3943 294 3988 nr,
308 3925 398 3994 ro,17.
412 3955 441 3966 -
451 3928 462 3960 ¹
472 3927 539 3980 Psal.
551 3944 602 3988 nr,
619 3946 641 3980 n.
652 3957 683 3968 -
694 3929 704 3962 l
716 3929 814 3980 llsbsc.
827 3950 856 3991 u,
870 3932 905 3980 rs.
