2646 4628
384 365 507 412 eoarna
530 365 681 412 uasssss.
986 336 1047 425 295

33 478 52 532 st
66 467 104 533 de
118 467 293 538 minorihus
308 470 373 538 sais
389 472 431 538 ad
445 473 564 561 majora
581 483 652 561 que
669 469 756 562 apud
773 471 878 560 ipsam
893 477 980 544 sunt,
995 485 1049 534 so

33 601 105 654 tans,
122 579 203 646 sieut
216 579 370 647 infantem
384 581 513 670 quidem
528 582 562 649 in
577 579 668 648 vulva
684 590 878 669 conseptum
892 575 1001 644 educit
1016 576 1056 650 in¹

33 710 126 754 umen
140 687 226 765 solis,
240 701 274 756 et
288 690 442 768 triticum,
458 702 665 780 posteaquam
679 690 712 757 in
728 686 842 778 stipula
858 687 1049 756 corrobora·

33 797 110 874 ·erit‚
122 797 231 865 condit
246 799 278 866 in
293 799 455 866 horreum.
475 799 562 867 Unus
574 812 682 868 autem
696 811 729 866 et
742 799 829 865 idem
843 795 1054 886 Demiurgus,

33 905 73 991 [ui
87 917 119 971 et
129 905 253 974 vulvam
264 907 442 998 plasmavit,
458 922 492 977 et
506 906 607 978 solem
622 910 757 982 eremita
774 921 807 976 st
818 931 901 974 anns
915 918 948 972 et
963 905 1052 972 idem

33 1016 185 1094 lominus,
205 1018 306 1105 quiet
321 1017 470 1108 stipulam
483 1019 606 1096 eduxit,
624 1029 660 1086 et
675 1018 817 1088 triticum
830 1038 949 1108 augens
964 1013 1054 1082 mul·

33 1123 183 1214 iplicavit,
199 1139 231 1192 et
245 1128 398 1196 horreum
413 1129 610 1219 praepararit.

63 1235 98 1300 Si
113 1248 220 1303 autem
239 1238 384 1306 omnium
404 1261 475 1328 quae
495 1241 528 1307 in
547 1238 720 1330 Scripturis
734 1239 941 1327 requiruntur
956 1238 1050 1306 abso·

33 1346 154 1413 atioaes
163 1370 229 1414 non
238 1369 405 1438 possumus
416 1350 571 1428 invenire,
582 1349 720 1418 alterum
729 1360 837 1417 tamen
846 1349 963 1426 Deum,
974 1371 1053 1439 pre·
1124 1363 1128 1376 ’

33 1479 69 1521 er
78 1458 357 1547 eumquiest,non
364 1461 572 1550 requiramus.
587 1460 830 1551 lmpietasenim
837 1458 1055 1525 haeomaxima

33 1579 77 1632 st.
99 1565 218 1633 Cedere
231 1581 338 1636 autem
352 1569 422 1637 hare
433 1569 506 1636 talia
518 1571 673 1638 dehemus
683 1570 765 1646 Deo,
781 1569 837 1660 qui
851 1579 884 1634 et
894 1590 953 1634 nos
964 1567 1052 1644 seoit,

33 1677 194 1744 entissime
217 1679 352 1746 scientes
371 1680 444 1769 quia
460 1677 632 1770 Scripturas
651 1678 781 1768 quidem
799 1677 948 1768 perlectae
966 1689 1052 1754 sunt,

33 1787 167 1876 [uippea
182 1785 291 1854 Verbo
301 1787 360 1854 Dei
371 1799 404 1854 et
415 1786 535 1878 Spiritu
547 1789 617 1877 ejus
628 1787 737 1862 dictes
756 1809 814 1854 nos
826 1797 934 1852 autem
944 1807 1057 1853 seeun-

33 1897 99 1962 lum
114 1894 199 1984 quod
212 1896 351 1963 minores
362 1919 471 1964 sumas
481 1909 514 1964 et
525 1897 686 1964 novissimi
701 1895 839 1964 aVerlro
854 1895 927 1972 Dei,
940 1906 974 1962 et
987 1894 1058 1985 Spi-

34 2006 85 2070 itn
100 2005 183 2094 ejus,
199 2005 377 2072 secundum
387 2006 451 2073 hoo
461 2017 494 2072 et
508 2006 639 2074 seientia
654 2007 879 2096 mysteriorum
891 2006 961 2096 ejus
976 2004 1056 2072 indi-

33 2137 142 2198 ;emus.
161 2115 203 2180 Et
214 2137 278 2180 non
294 2126 342 2180 est
353 2115 471 2182 mirum
486 2114 510 2181 si
526 2115 559 2180 in
574 2113 801 2204 spiritualibus,
817 2113 1055 2193 assistamus,

35 2237 50 2289 t
72 2224 105 2290 in
124 2223 174 2290 his
189 2247 259 2314 quae
278 2224 398 2292 habent
416 2223 561 2302 revelari,
582 2225 646 2293 hoo
659 2225 799 2314 patimur
813 2249 893 2293 nos:
915 2225 1057 2316 quando·

33 2333 152 2424 [uidem
168 2333 265 2400 etiam
276 2355 389 2400 eorum
400 2355 470 2425 quae
480 2346 553 2400 ante
564 2332 661 2424 pedes
673 2345 746 2400 suat
765 2332 973 2421 (dieoautem
985 2357 1061 2425 quta*

33 2455 96 2509 unt
109 2443 144 2511 in
158 2443 220 2511 hae
235 2455 393 2522 ereatura,
413 2467 484 2533 qaae
499 2457 532 2511 et
545 2455 786 2513 contrectantur
802 2468 821 2511 a
836 2445 941 2522 nobis,
960 2455 993 2510 et
1007 2446 1057 2512 vi-

33 2553 152 2630 lentur,
168 2563 200 2620 et
215 2565 289 2620 sunt
304 2553 490 2643 nobiscum)
510 2551 610 2620 multa
625 2553 777 2644 sugerunt
794 2567 938 2622 nostram
951 2555 1060 2624 seien-

33 2661 112 2739 iam,
129 2673 161 2728 et
175 2661 244 2730 Deo
254 2663 323 2730 haeo
333 2663 399 2754 ipsa
409 2661 648 2730 committimus.
663 2661 800 2752 Oportet
809 2662 980 2730 enim-eum
991 2686 1061 2753 prae

33 2771 170 2840 mnibus
183 2771 374 2863 praeeellere.
395 2771 482 2853 Quid
494 2773 581 2840 enim
595 2773 621 2840 si
636 2783 795 2839 tentemus
810 2794 970 2860 exponere
981 2795 1060 2838 oau-

33 2907 89 2950 sm
108 2885 299 2952 ascensionis
319 2883 404 2953 Nilii'
424 2883 522 2951 Multa
544 2883 675 2972 quidem
694 2883 843 2958 disimus,
864 2893 897 2959 st
917 2881 1056 2951 fortassis

33 2994 175 3069 uasorin,
191 2993 329 3078 fortassis
344 3006 453 3086 nutem
467 3016 532 3059 non
544 2991 706 3058 suasoria:
724 2989 811 3080 quod
824 2999 933 3057 autem
944 3014 1059 3061 verum

33 3117 81 3178 st,
103 3113 288 3178 etcertum,
304 3115 337 3167 et
350 3101 494 3178 firmum,
511 3102 638 3190 adjacet
652 3101 732 3169 Deo.
754 3100 867 3166 Sedet
882 3100 1057 3170 volatilium

33 3208 208 3280 nimalium
223 3211 389 3289 habitatio,
409 3234 522 3279 eoram
542 3211 711 3301 quaereris
727 3223 871 3302 tempore
886 3212 1059 3281 adveniunt

33 3324 59 3390 d
82 3344 156 3398 nos,
176 3322 446 3390 autumnitatem
465 3334 609 3414 tempore
624 3323 729 3392 atatim
748 3322 915 3400 reeedunt,
935 3347 1011 3392 cum
1024 3327 1058 3394 in

36 3455 86 3500 oc
103 3431 224 3497 mundo
239 3431 303 3499 hoc
316 3432 422 3523 ipsum
436 3431 505 3510 liat,
520 3432 600 3524 sugit
614 3445 755 3502 nostram
771 3433 946 3501 seientiam.
970 3435 1059 3514 Quid

33 3556 134 3612 utem
154 3563 321 3631 possumus
341 3565 500 3634 exponere
520 3543 560 3610 de
580 3543 700 3613 Oceani
721 3565 853 3611 accessu
870 3553 902 3610 et
918 3567 1057 3625 reoessu,

34 3676 101 3720 um
116 3661 242 3717 constet
257 3674 326 3717 esse
341 3663 461 3720 eertum
477 3651 628 3719 causam?
642 3651 758 3740 quidve
774 3651 815 3718 de
829 3649 961 3742 hisquae
977 3653 1061 3722 ultra

33 3785 101 3829 um
115 3772 189 3827 sunt
201 3761 378 3838 enuntiare,
395 3760 499 3850 qualia
512 3761 596 3828 sint?
610 3759 669 3830 Vel
680 3762 758 3850 quid
772 3762 879 3846 dicere
892 3785 1061 3852 possumus

33 3871 190 3962 [uomodo
201 3869 327 3961 pluviae,
339 3883 372 3938 et
384 3871 632 3950 coruscationes,
648 3883 681 3938 et
692 3871 843 3949 tonitrua,
859 3882 892 3939 et
903 3871 1063 3942 collectio·

33 4003 84 4050 res
101 3979 250 4058 nubium,
267 3993 299 4049 et
313 3981 451 4060 nebule,
462 3995 500 4070 ,et
510 3995 678 4052 ventorum
689 3983 885 4060 emissiones,
901 3995 934 4050 et
949 3982 1061 4050 similia
