2630 4614
314 273 437 316 corana
459 271 580 314 cascos
603 270 728 313 onxrio.
991 245 1029 328 ¹⁷³7

23 378 159 444 britatem
175 377 361 446 conciliavit.
378 378 546 459 Quomodo
557 401 632 466 ergo
644 378 698 466 qui
709 387 757 442 tot
767 373 903 464 poetriae
914 371 1032 440 nullam

21 486 59 550 ud
72 509 135 552 rem
146 483 267 562 utilem,
285 490 465 554 innumeras
476 487 657 552 meretrices
668 498 700 552 et
714 497 761 551 tot
775 485 936 573 improbos
951 482 1032 548 viros

20 595 146 672 habetis,
162 596 331 664 mulierum
346 597 431 685 apud
446 619 503 663 uos
517 595 757 685 temperantiam
773 591 957 660 calumniari
969 615 1033 658 non

18 705 133 791 pudet?
145 706 231 785 Quid
245 705 386 796 praeclari
402 707 542 782 fecerim,
559 706 584 770 si
599 705 762 772 Euanthen
775 706 806 770 in
817 702 962 790 Peripato
974 702 1035 768 dis-

20 837 88 878 cam
100 817 268 904 peperisse,
287 829 342 880 aut
357 815 523 888 Callistrati
539 815 599 880 arti
614 815 744 890 inhiem,
760 826 814 879 aut
836 814 869 880 in
887 811 1034 882 Calliadae

21 923 122 989 Neaera
140 924 246 992 oculos
267 924 425 1013 deligam?
440 925 514 990 Erat
529 924 614 989 enim
633 922 790 994 meretrix.
811 921 881 986 Lais
899 931 1034 988 scortata

19 1045 77 1106 est,
92 1054 222 1121 eamque
237 1031 363 1099 Turnus
374 1032 572 1100 scortationis
582 1043 825 1098 monumentum
836 1031 953 1096 statuit.
969 1029 1035 1094 Cur

18 1165 81 1206 non
96 1142 181 1207 vobis
196 1143 309 1230 pudori
325 1155 372 1209 est
386 1143 615 1232 Hephaestionis
630 1142 790 1216 scortatio,
807 1140 946 1226 quamvis
961 1163 1035 1205 eum

17 1247 104 1314 Philo
116 1249 234 1318 affabre
245 1251 452 1342 expresserit?
463 1251 527 1317 Aut
538 1272 599 1338 qua
616 1250 656 1316 de
672 1271 779 1325 eausa,
794 1259 922 1337 propter
933 1247 1037 1336 Gany-

17 1360 142 1425 medem
156 1361 336 1438 Leocharis,
353 1361 539 1450 Cynaedum,
557 1359 654 1426 veluti
675 1356 863 1448 praeclarum
878 1357 1038 1446 quidpiam

16 1469 221 1556 possidentes,
239 1471 358 1537 honore
373 1469 519 1536 afficitis?
535 1467 740 1558 Spilumenen
759 1466 854 1532 etiam
870 1464 1039 1531 Praxiteles

15 1577 234 1644 mulierculam
248 1579 377 1647 effinxit.
397 1579 501 1645 Satius
516 1591 596 1653 erat,
613 1577 760 1644 omnibus
775 1574 933 1663 ejusmodi
946 1577 1040 1641 rebus

15 1687 201 1763 amandatis,
224 1711 294 1776 quae
312 1711 386 1754 vere
405 1686 556 1777 preclara
577 1698 609 1752 et
631 1686 762 1752 honesta
786 1696 859 1751 sunt
880 1706 1036 1770 quaerere;

14 1819 75 1861 nec
89 1795 268 1862 Phtlaenidis
283 1810 316 1862 et
336 1797 551 1888 Elephantidis
573 1796 706 1863 nefanda
721 1796 846 1860 inventa
861 1793 1039 1861 adsciscen-

15 1918 75 1978 tes‚
93 1905 234 1970 instituta
250 1917 357 1972 nostra
373 1891 530 1972 detestari.

60 2011 198 2078 XXXV.
220 2014 295 2080 Haec
309 2015 456 2101 equidem
470 2037 535 2082 non
550 2017 590 2080 ab
610 2015 670 2082 alio
685 2028 814 2103 accepta
828 2016 970 2104 exposui,
987 2019 1039 2105 qui

16 2117 132 2184 multas
147 2121 289 2208 regiones
304 2124 478 2211 peragravi,
495 2145 533 2189 ac
549 2124 664 2211 partim
679 2125 711 2190 in
726 2123 834 2190 vestris
853 2125 1042 2191 exercitatus

15 2253 88 2294 sum
104 2229 288 2322 disciplinis,
304 2234 420 2319 partim
433 2217 563 2299 inertes
578 2245 610 2298 et
623 2233 750 2299 inventa
766 2231 864 2300 multa
879 2234 988 2310 incidi,
1002 2258 1040 2301 ac

14 2341 146 2406 taudem
165 2340 197 2404 in
216 2340 432 2406 Romanorum
454 2343 532 2407 urbe
553 2353 778 2417 commoratus,
795 2353 970 2407 statuarum
985 2366 1041 2409 va-

14 2449 144 2512 rietates
155 2472 173 2512 a
184 2449 272 2514 vobis
287 2448 363 2516 illuc
378 2461 553 2539 exportatas
568 2450 640 2516 vidi.
657 2450 727 2516 Nou
742 2451 839 2527 enim,
853 2462 888 2515 ut
899 2450 1041 2540 plerique

14 2554 133 2630 solent,
146 2555 253 2622 alienis
265 2557 464 2644 opinionibus
474 2580 544 2623 mea
556 2557 756 2633 confirmare,
766 2559 821 2624 sed
833 2583 1041 2650 quaecumque

12 2662 92 2737 vidi,
109 2685 146 2728 ea
162 2662 272 2728 litteris
287 2659 437 2728 mandare
451 2663 625 2752 aggredior.
639 2661 717 2729 Vale
728 2663 823 2752 igitur
834 2662 919 2728 dieto
935 2675 967 2729 et
982 2666 1043 2732 llo-

12 2795 186 2838 manorum
196 2773 366 2860 jactantiae,
377 2784 409 2836 et
421 2771 533 2861 frigido
544 2772 785 2838 Atheniensium
797 2773 948 2847 sermoni,
961 2772 1042 2840 male

10 2883 107 2948 sartis
122 2882 336 2970 opinionibus,
356 2883 525 2947 barbaram
546 2892 686 2946 nostram
704 2877 937 2968 philosophiam
952 2903 1041 2948 com-

13 2991 128 3079 plexus
149 3013 244 3055 sum:
270 3014 340 3079 quse
362 2991 522 3078 quomodo
541 2989 651 3055 vestris
665 2987 816 3054 institutis
831 2990 987 3077 antiquior
1002 2993 1042 3058 sit

14 3122 95 3166 cum
111 3077 465 3187 scribere'incoeperim
488 3097 543 3162 sed
560 3109 689 3185 propter
704 3097 872 3164 instantem
887 3101 1043 3167 narratio-

14 3227 94 3271 nem
117 3202 304 3280 distulerim,
324 3227 421 3281 nunc,
444 3225 518 3271 oum
532 3217 657 3294 tempus
672 3215 731 3280 est,
753 3205 791 3270 de
810 3203 893 3271 illius
908 3206 1042 3275 decretis

12 3318 175 3382 disserere
186 3315 355 3382 instituam.
374 3316 421 3383 Ne
432 3339 506 3406 ergo
518 3316 716 3384 stomachum
728 3316 815 3382 vobis
830 3315 924 3384 faciat
935 3319 1044 3385 erudi-

11 3427 62 3492 tio
78 3436 206 3497 nostra;
225 3445 286 3491 nec
300 3424 447 3490 refertam
461 3425 550 3514 nugis
566 3437 598 3492 et
609 3423 780 3492 scurriliter
796 3425 887 3492 dictis
898 3426 1044 3494 confuta-

12 3537 143 3600 tionem
155 3534 188 3599 in
200 3556 257 3599 nos
268 3532 446 3611 elaboretis,
461 3535 600 3602 dicentes
614 3558 622 3600 ε
636 3533 786 3600 Tatianus
797 3557 890 3623 supra
903 3533 1044 3613 Graecos,

11 3668 116 3734 supra
142 3643 298 3712 infinitam
327 3643 587 3735 philosophorum
606 3643 853 3720 multitudinem,
880 3665 979 3710 novus
997 3658 1046 3712 est

10 3758 233 3824 barbarorum
248 3754 398 3822 doctrinae
413 3767 559 3822 sectator.
579 3754 666 3834 Quid
679 3754 764 3820 euim
778 3753 970 3820 incommodi
985 3754 1046 3819 ho-

12 3865 125 3936 mines
152 3888 289 3952 quorum
316 3865 471 3954 imperitia
494 3876 665 3932 monstrata
684 3877 743 3939 est,
759 3885 844 3930 nunc
858 3863 897 3930 ab
919 3861 1047 3929 homine
