2646 4628
353 239 358 253 .
393 216 517 265 cusum
540 215 691 262 unamm-
996 191 1058 278 ²219

20 324 116 402 solet,
135 347 198 392 uec
216 323 292 392 lotis
308 345 370 392 nec
382 325 469 390 intus
484 334 571 398 sunt;
587 325 674 393 huuc
689 321 836 394 videlieet
854 346 894 390 ox
911 321 1057 390 scientim

20 435 297 504 ililiorumsenaine
310 435 453 504 fructum
462 437 683 527 percipientes.
882 449 885 454 “

20 589 23 596 ¹
75 612 180 686 Unde
199 613 302 686 illum
322 639 387 714 per
402 611 588 712 alphabeti
607 613 740 686 litteras
757 615 920 686 divinum
940 609 1059 710 expli·

20 738 164 818 tcantem
184 723 235 792 si'c
254 720 448 822 objurgat¹
468 750 476 794 τ

20 893 28 932 ²
70 897 148 977 Quis
163 898 283 986 nonin
307 885 469 964 tantorum
485 895 728 964 mendaciorum
746 894 901 960 artificem
921 905 953 958 et
975 913 1058 958 con-

20 1008 252 1073 sarcinatorem
273 1007 348 1072 odio
368 1019 621 1084 commoveatur,
643 1007 806 1073 venitotem
827 1003 1019 1094 perspiciens
1039 1025 1057 1068 u

20 1117 131 1182 lilareo
151 1115 275 1182 idolum
298 1116 459 1193 ellectum,
485 1129 581 1205 atque
601 1113 763 1205 alphabeti
792 1113 903 1180 litteris
931 1134 1056 1188 recens,

20 1231 69 1302 iit,
83 1240 118 1292 ut
132 1228 300 1316 proverbio
314 1227 444 1304 dicitur,
458 1227 528 1294 heri
546 1251 585 1295 ac
601 1227 716 1293 nudius
729 1227 853 1302 tertius,
866 1225 953 1312 quasi
973 1223 1057 1289 notis

20 1336 215 1423 quibusdam
236 1349 475 1426 compunctam,
497 1359 573 1404 eum
593 1339 659 1427 jum
677 1319 753 1403 inde
776 1360 794 1402 u
815 1329 973 1424 principio
994 1333 1059 1400 siut

21 1447 126 1516 tiraeci
148 1449 266 1516 etenim
289 1469 323 1513 so
342 1471 360 1512 a
382 1447 505 1513 Cadmo
525 1447 666 1537 primum
687 1467 742 1513 sex
757 1457 789 1512 et
805 1447 918 1512 decem
939 1441 1059 1510 litteras

20 1558 182 1647 ³-ccepiss'e
201 1557 411 1632 confitentum
431 1579 469 1624 ac
489 1567 597 1647 postea
617 1558 769 1646 temporis
783 1577 952 1646 progressu
972 1575 1060 1620 nune

20 1667 211 1755 respiratus,
228 1689 317 1733 nuno
331 1664 474 1754 duplices
490 1667 659 1740 invenisse;
678 1677 878 1755 postremum
894 1687 969 1730 vero
988 1685 1060 1730 om*

20 1776 113 1840 aium
132 1772 335 1840 Palamedem
356 1772 467 1862 longas
488 1775 643 1864 adjecisse
666 1775 806 1843 trudunt.
830 1775 917 1856 Quid
941 1771 1060 1863 igitur?

20 1897 193 1974 sntequum
208 1886 294 1974 opud
308 1885 437 1952 Graecos
456 1885 505 1952 hae
520 1884 633 1952 litteras
648 1897 819 1963 exstarent,
836 1909 901 1952 non
920 1897 988 1951 erat
1004 1904 1060 1949 se-

20 1996 123 2062 titas?
137 1996 265 2062 Etenim
281 1996 320 2062 de
336 2009 389 2061 tua
409 1979 578 2074 sententie,
594 1997 713 2074 Marce,
729 1997 825 2086 ipsius
843 2019 959 2084 corpus
973 1994 1060 2061 Cad-

20 2129 90 2182 mo,
106 2107 207 2196 iisque
222 2107 276 2194 qui
290 2105 402 2172 Cadmi
414 2119 541 2172 aetatem
552 2087 805 2186 antecesserunt,
821 2108 978 2198 posterius
990 2105 1055 2178 ests

21 2218 123 2304 isque
144 2217 222 2282 item
237 2216 292 2304 qui
308 2215 445 2305 reliquas
464 2215 583 2284 litteras
598 2217 909 2305 addiderunt,atque
927 2215 1007 2282 adeo
1025 2229 1059 2282 te

20 2335 149 2414 quoque
165 2327 234 2415 ipso
248 2327 417 2417 posterius.
432 2325 481 2392 Tu
500 2328 586 2394 enim
607 2327 692 2394 solus
708 2351 792 2404 eum,
813 2349 909 2417 Qum
925 2337 961 2392 tu
976 2325 1059 2392 veri-

20 2449 121 2504 tatem
133 2431 240 2513 vocas,
257 2437 289 2503 in
301 2436 422 2504 idolum
434 2437 592 2530 redegisti.

20 2577 28 2615 s
67 2545 224 2624 Quisnam
241 2559 348 2614 autem
366 2561 454 2614 tuam
475 2549 565 2614 istam
584 2557 630 2613 tot
644 2571 751 2637 'nugas
770 2545 1059 2614 effundentemsi-

20 2679 80 2728 sen
103 2655 195 2732 leret,
215 2680 287 2744 quae
305 2670 337 2723 et
356 2660 443 2724 omni
464 2657 593 2724 nomine
613 2645 832 2724 sublimiorem
850 2657 1006 2734 nominat,
1027 2667 1059 2724 et

20 2766 108 2857 ‚amni
124 2789 272 2836 sermone
293 2772 492 2860 superiorem
512 2769 655 2858 exponit,
678 2781 712 2834 et
737 2767 1058 2858 impervestigabilem

20 2859 171 2967 ixplicuts
191 2901 342 2966 eumque,
364 2900 462 2967 quem
481 2893 516 2945 tu
535 2881 682 2967 ‘corporis
702 2903 741 2948 uc
762 2879 871 2968 sigorae
896 2892 1059 2968 expertem

20 3009 87 3052 ssso
106 2987 167 3061 uis,
183 3009 219 3051 os
236 2989 409 3075 aperuisse,
426 3010 465 3056 ac
486 2987 690 3063 Sermonem,
712 2999 865 3077 tunquam
881 3011 980 3054 unum
999 2987 1059 3056 ali-

20 3093 108 3184 puod
118 3115 158 3164 ex
168 3095 352 3181 compositis
363 3095 578 3162 animantibus
589 3091 775 3186 produxisse
787 3099 881 3172 dicit:
895 3099 1057 3190 ipsiusque

20 3207 210 3272 iermonem
233 3205 356 3292 parenti
379 3227 437 3270 suo
457 3205 605 3283 similem,
627 3220 723 3296 etque
742 3208 906 3300 invisibilis
922 3209 1059 3276 sormam

20 3316 223 3389 eset-eutem,
237 3315 363 3403 triginta
373 3315 529 3383 clementa
542 3319 861 3410 etquatnorsyllobas
874 3321 1059 3388 continere?
1088 3321 1091 3326 ’

20 3431 63 3497 ix
80 3449 146 3514 qno
158 3426 246 3514 sequi
259 3451 428 3494 necessum
439 3431 512 3506 erit,
526 3443 573 3507 nt,
587 3431 626 3498 de
638 3443 692 3497 tun
704 3435 872 3508 sententia,
886 3431 938 3498 ille
950 3457 1058 3498 rerum

20 3535 167 3604 tmuium
185 3535 316 3613 Parcus,
333 3537 467 3627 perinde
490 3563 528 3606 ac
550 3539 678 3618 Sermo,
698 3541 826 3631 triginta
844 3541 1009 3608 elementis
1025 3554 1057 3607 et

20 3658 158 3740 quatuor
173 3645 302 3734 syllabis
322 3660 456 3745 constet.
475 3651 592 3740 Ecquis
608 3675 717 3744 rursus
736 3665 767 3718 te
791 3652 871 3719 feret
891 3653 923 3718 in
940 3652 1057 3743 ligures

20 3773 42 3826 ¹t
63 3781 232 3834 numeros,
246 3780 334 3824 nuuc
348 3760 490 3851 triginta,
507 3780 595 3829 nunc
610 3761 719 3854 viginti
738 3775 889 3852 quatuor,
903 3785 989 3830 nunc
1005 3778 1059 3838 sea

44 3887 141 3951 ‘Cap
158 3900 199 3947 ιν,
212 3905 237 3936 n.
251 3887 265 3948 l
277 3897 303 3938 et
315 3903 389 3954 seqq.
