2606 4620
313 319 355 361 ua
380 317 514 362 attonsa
537 317 740 361 atautuoauu.
972 303 1031 384 49¹

6 415 93 483 iiiios
105 421 147 484 ad
160 419 284 494 fortiter
298 423 485 490 coeundum
500 423 701 498 accenderat,
719 433 751 487 et
767 423 900 488 victores
917 424 957 487 ad
976 425 1038 489 lta·

4 549 83 614 gem
101 529 308 614 praemiserat,
324 529 451 596 eosdem
468 529 675 596 certaminum
687 543 797 595 cursus
808 531 888 617 qttos
899 529 954 594 salii
966 554 1041 596 oon«

6 637 154 704 fecerant
170 637 351 711 remetiens,
368 637 408 703 ad
420 638 548 702 cosdem
559 638 604 702 iro
619 638 819 726 propedahat,
832 638 871 701 de
885 639 970 702 exitu
982 661 1040 703 suo

7 739 84 806 laeta
101 753 198 828 atqua
213 740 382 819 exsultans,
398 759 527 832 ptotsus
544 745 631 831 quasi
646 744 686 808 ad
703 742 842 832 nuptiale
860 745 1039 810 convivium

8 846 158 919 invitata,
172 869 236 914 non
250 849 357 918 bestiis
369 849 494 936 abjecta
504 849 752 934 esset'naniqne
764 851 833 936 post
845 847 953 938 flagra,
966 861 1038 936 post

8 955 154 1024 seratum
176 954 399 1033 vellicationes,
426 970 496 1045 post
519 959 723 1045 sartaginem,
745 956 878 1022 reticulo
899 957 1037 1031 inclusa,

9 1075 105 1130 taam
122 1063 258 1149 objecti
275 1062 343 1150 fast3
362 1087 463 1150 aquo
485 1065 538 1130 diu
558 1065 591 1129 in
613 1063 712 1129 situm
729 1063 951 1151 jactata-nihii
975 1065 1039 1150 jam

6 1181 124 1240 corum
140 1193 210 1259 quse
226 1171 344 1239 {iebant
355 1173 478 1260 penitus
494 1173 644 1246 sentiens,
661 1173 729 1236 tum
745 1171 785 1236 oh
801 1166 1038 1256 spam'etoom-

6 1277 256 1362 prehensiouein
271 1283 383 1343 coium
401 1298 471 1365 qum
489 1278 638 1344 caedebat
658 1280 830 1350 bonoram,
849 1289 916 1340 tam
932 1275 974 1342 'ab
992 1278 1042 1341 ta-

8 1383 169 1454 miliaae'm
186 1407 389 1474 congressum
402 1408 499 1472 quem
514 1385 590 1450 cam
598 1384 729 1449 'Christo
744 1383 776 1449 iu
793 1383 934 1448 oratione
945 1384 1039 1449 hahe-

6 1493 78 1564 hst,
93 1491 222 1556 tandem
233 1506 265 1558 ct
279 1493 345 1580 ipsa
357 1494 492 1564 victimas
508 1493 606 1558 instat·
620 1491 759 1581 jugulata
772 1505 820 1558 est
831 1513 845 1555 s
854 1493 929 1580 ipsis
944 1487 1039 1556 etiam

6 1595 181 1684 gentilibus
191 1600 331 1688 'ingenua
349 1601 532 1677 fatentibus,
550 1599 669 1664 nuliam
684 1596 824 1688 uuquam
839 1599 924 1687 apud
938 1619 972 1665 so
991 1599 1038 1663 se-

6 1705 131 1772 minam
143 1707 452 1793 exstitisse,'quae'tot
465 1730 503 1774 ao
514 1719 600 1772 tanta
611 1706 796 1794 pertuterit*

55 1811 127 1880 XV.
150 1811 215 1879 Sed
233 1819 280 1880 n'c·
292 1817 338 1880 sic
352 1816 481 1902 quidem
501 1815 588 1880 tianae
603 1811 728 1880 illorum
743 1826 775 1879 ot
790 1815 967 1879 immanitas
982 1813 1039 1879 ad-

8 1940 122 1984 versus
137 1932 262 2002 sanctos
282 1924 480 2008 conquievita
500 1924 615 2010 quippe
632 1923 705 1986 taras
718 1934 751 1986 ot
768 1913 912 1987 barbatae
931 1933 1038 2010 gantos

7 2027 52 2088 ab
66 2025 196 2092 immani
211 2027 261 2092 iilo
270 2029 374 2094 Bestia
387 2032 564 2102 concitatae,
575 2031 680 2116 pacari
693 2029 783 2094 facile
796 2051 859 2094 non
871 2039 1036 2116 poteraut:

8 2131 89 2217 qaia
105 2133 208 2219 potius
223 2131 309 2199 aliud
321 2137 479 2222 quoddam
500 2137 624 2202 initium
640 2128 784 2200 saevieudi
800 2137 831 2200 iu
847 2135 1038 2203 Sanctorum

6 2238 198 2324 corporibus
218 2241 524 2327 pmtenviailioaam
546 2241 674 2305 invenit.
699 2235 816 2328 Neque
832 2241 916 2307 euim
938 2263 976 2306 ax
999 2264 1036 2305 eo

5 2345 127 2431 quoda
141 2344 330 2431 Mantynibas
343 2346 569 2421 victitassem,
585 2345 706 2435 pudone
718 2363 756 2411 uo
768 2347 955 2412 verecundia
967 2347 1037 2413 sas-

7 2450 239 2527 sundebantun,
255 2453 370 2540 quippo
385 2454 437 2538 qui
456 2453 597 2528 humano
611 2474 705 2518 sensu
720 2471 758 2520 so
773 2449 898 2519 tutione
908 2457 1035 2543 ponitus

6 2569 115 2624 esseut
130 2557 270 2624 destituti
279 2581 289 2631 ς
311 2560 367 2624 sed
382 2573 490 2625 contra
505 2557 645 2648 praesidis
661 2556 806 2627 simulat
826 2561 947 2650 populi,
965 2575 1036 2628 tau-

6 2687 106 2750 quam
119 2665 264 2731 immanis
276 2665 399 2743 belluae,
413 2664 513 2756 magis
526 2661 846 2735 indoucceudobatan
857 2659 1036 2756 tumnz'qai

5 2771 138 2860 quidem
153 2771 240 2838 tiulio
254 2775 324 2861 jure
339 2769 487 2840 adsersus
504 2796 560 2840 uos
576 2773 688 2860 aequali
704 2775 775 2838 odio
791 2761 987 2848 tenebantur,
1002 2789 1036 2838 ut
1115 2827 1121 2836 .

6 2875 193 2963 impieretur
213 2876 391 2964 Scriptura,
410 2901 479 2965 quae
504 2879 603 2942 dicit:
626 2877 781 2962 «Iniquus
802 2877 907 2945 adhuc
930 2878 1035 2963 iniquo

7 3017 21 3048 s
37 2997 121 3072 agat,
138 2996 169 3050 at
185 2987 287 3070 justus
303 2985 409 3052 adhuc
427 2985 650 3072 justificetur.»
665 2985 784 3049 Eanum
800 2986 885 3049 enim
901 3001 1033 3075 corpora

9 3092 113 3179 quiin
124 3113 250 3156 carocte
261 3092 405 3157 suffocati
419 3095 590 3180 perierant,
608 3079 738 3157 cunibus
750 3093 957 3180 objecerunt:
976 3093 1035 3160 εοῙ-Ι

9 3200 98 3267 licite
111 3198 311 3264 observantes
326 3214 423 3265 noctu
439 3214 533 3288 atque
547 3201 697 3273 interdiu,
714 3223 754 3265 ne
770 3202 838 3288 quis
854 3215 1034 3278 nostrorum

8 3333 49 3378 ea
74 3305 241 3394 sepulturas
260 3303 433 3379 mandaret.
456 3311 529 3374 Post
547 3309 616 3374 haec
636 3310 790 3396 quidquid
806 3323 863 3374 aut
886 3311 1033 3376 a'bcstiis

7 3428 66 3482 ant
84 3415 122 3478 ab
143 3415 214 3502 igue
235 3413 392 3504 reliquum
411 3417 524 3491 inerat,
545 3411 659 3505 partim
679 3417 807 3492 laniata,
830 3407 945 3504 partim
967 3442 1036 3484 om-

7 3529 101 3590 busta
127 3524 270 3588 membra
303 3536 511 3613 exponentes,
545 3525 738 3614 reliquorum
765 3528 900 3615 denique
932 3530 1034 3615 capita
1116 3552 1123 3566 ·

7 3653 86 3700 cum
107 3630 179 3718 ipsis
202 3652 373 3720 corporum
395 3633 516 3698 truncis
539 3633 681 3698 similiter
705 3633 857 3722 insepulta
883 3659 940 3723 por
961 3637 1034 3724 plu-

9 3743 108 3808 rimos
122 3738 193 3803 'dies
215 3738 329 3804 additis
352 3739 487 3806 miiitum
508 3742 648 3808 excubiis
669 3744 895 3810 custodierunt,
921 3747 961 3810 Et
983 3745 1034 3820 aiii
