2688 4626
305 237 342 279 na
366 233 527 280 ιιιιιιιιιο
551 193 665 280 aarum
689 230 872 280 aonacaara.
1042 217 1102 294 145

29 367 40 396 ι
57 359 180 426 poenaa
198 339 334 430 ignem,
345 344 401 432 qui
413 343 518 432 impiia
530 355 720 409 racematur.
730 340 855 410 Varum
864 342 1105 432 quidmorariai’

29 475 38 504 ι
56 447 186 536 profer
203 450 446 539 quodcumque
457 449 607 517 volucria.
623 479 637 514 ι

73 555 168 624 XII.
186 558 285 626 Haec
298 581 374 626 varo
392 571 489 648 atqua
503 558 566 626 alia
582 543 674 649 plura
693 582 768 631 cum
789 560 923 636 diuam,
944 559 1062 628 fiducia
1077 572 1109 628 at

29 665 165 754 gaudio
179 667 395 758 replebatur,
408 667 555 758 iliiuaqna
565 668 671 736 vuitus
681 668 796 759 pbanua
807 670 915 760 gratita
925 681 994 736 arat
1006 691 1016 734 ι
1031 671 1111 738 adeo

29 785 168 840 utnon
186 775 306 844 aulum
321 777 358 844 iia
375 801 445 868 quaa
461 779 520 869 ipsi
543 779 733 846 dicebantur
751 781 898 846 turbatus
915 801 983 846 nou
998 779 1112 848 conoi-

29 881 156 958 demta
188 884 258 952 aod
282 897 391 952 contra
413 884 586 975 pmconani
606 896 761 974 stuperet,
787 905 946 974 auramque
965 886 1111 952 mitteret

29 1015 265 1082 praeconem,
283 1005 333 1062 tar
344 995 377 1063 in
388 997 494 1062 madio
509 997 611 1062 stadio
620 995 894 1085 proclamatur-um
908 1020 917 1062 ι
933 995 1109 1085 «Polycar-

29 1133 42 1164 ι
61 1127 131 1193 pua
143 1103 332 1173 consecant
342 1118 390 1171 aat
402 1103 618 1172 Christianum
631 1127 753 1172 aaaaaa.
764 1133 778 1168 ι
789 1104 886 1185 Quod
897 1105 952 1171 ubi
963 1127 1108 1193 pronun·

31 1213 150 1280 tiasaot
166 1237 308 1304 praeco,
324 1215 469 1281 univorsa
484 1212 659 1300 multitudo
673 1211 850 1282 Gentiliann
864 1235 904 1280 ac
916 1212 1108 1282 Judaorum

33 1321 92 1409 qui
108 1320 306 1409 Smyrnam
318 1319 516 1398 incolebant,
527 1320 682 1388 ciiranata
697 1321 745 1388 ira
760 1332 794 1386 ct
805 1342 923 1409 magna
932 1341 1012 1386 roca
1024 1341 1107 1386 con·

33 1427 237 1496 clamabat:
261 1456 277 1489 ι
295 1429 355 1495 liic
368 1441 418 1494 cat
431 1429 515 1496 Asin
530 1429 699 1520 magistan
725 1441 817 1518 patar
832 1427 1105 1499 Christianorum:

36 1565 49 1598 ι
67 1549 277 1604 nostrorum
293 1537 436 1608 Deorum
450 1558 595 1612 avcraort
612 1538 668 1626 qui
683 1535 803 1605 multos
819 1534 914 1603 dooat
930 1559 973 1602 na
988 1533 1112 1602 sacriti-

39 1673 54 1708 ι
70 1659 170 1722 cont,
187 1669 283 1713 navo
296 1647 382 1713 Daca
396 1645 544 1713 adorant.
559 1673 573 1710 a
588 1646 653 1712 lata
667 1645 861 1734 inquientes,
877 1643 1111 1719 acclamabant,

40 1757 292 1845 rogabantque
301 1754 480 1822 asiarcbam
490 1753 690 1844 Philippum,
702 1766 740 1820 ut
750 1752 877 1820 iconam
888 1753 1037 1820 advertus
1054 1751 1116 1817 Po·

43 1863 235 1954 iycarpum
243 1865 422 1930 amitteret.
438 1863 482 1932 At
491 1863 656 1953 Philippus
666 1865 796 1953 negavit
804 1863 836 1930 id
847 1864 906 1930 aibi
918 1862 1027 1937 liocaa,
1039 1861 1114 1963 qaia

47 1973 256 2039 conationes
269 1995 327 2040 aau
343 1972 526 2063 gladiatoria
541 1972 721 2063 spectacula
732 1975 799 2062 jana
814 1971 1005 2062 expiaverat.
1022 1969 1115 2035 Tunc

49 2079 182 2169 placuit
200 2079 268 2148 iltis
285 2105 351 2148 uno
370 2105 528 2150 consentu
547 2082 732 2159 inclamata,
749 2095 785 2149 ut
805 2081 1002 2171 Polycarpua
1023 2080 1113 2146 virus

49 2191 326 2284 combureretur.
345 2191 482 2260 Naoaasa
496 2193 581 2258 anim
598 2203 665 2258 arat
681 2203 716 2258 ut
731 2190 810 2258 visio
826 2187 879 2256 illa
895 2191 936 2255 do
950 2186 1112 2263 cervicali,

53 2319 123 2384 quaa
140 2297 172 2362 ai
188 2310 325 2364 ostansa
347 2297 464 2374 iuerat,
485 2297 685 2386 imploratum
703 2298 834 2387 quando
850 2298 934 2363 inter
952 2295 1114 2363 orandum

57 2403 165 2468 aidano
180 2402 265 2469 iilud
282 2403 409 2481 ardara,
426 2425 600 2470 convorsus
613 2404 653 2469 ad
665 2403 777 2470 iidaiaa
789 2403 847 2492 qui
859 2425 935 2469 cum
945 2425 986 2470 ao
1001 2411 1114 2474 arant.

63 2508 244 2595 prophetica
256 2510 360 2576 dixit:
382 2512 520 2601 Oportet
531 2533 584 2576 ma
596 2512 717 2578 uiuum
731 2509 893 2578 comburi.

104 2615 191 2684 xm.
209 2621 292 2687 Haec
303 2621 400 2708 igitur
413 2620 507 2685 citius
519 2631 648 2708 paracta
659 2632 747 2695 aunt,
762 2641 862 2708 quam
872 2617 1078 2707 pronuntiata
1093 2639 1100 2680 :

60 2737 174 2794 cuncta
189 2728 290 2818 piabo
305 2727 475 2795 coniaatim
490 2749 530 2794 aa
544 2729 680 2797 officinis
695 2751 736 2796 ac
749 2727 974 2816 bainciaiigna
996 2737 1030 2793 at
1046 2747 1111 2792 aar·

62 2847 168 2902 manta
182 2848 415 2928 congacganta,
436 2837 600 2927 praecipuo
614 2839 735 2904 Judaaia
754 2833 852 2905 alacri
867 2835 987 2912 animo,
1008 2846 1045 2901 nt
1061 2855 1111 2900 ao-

61 2939 140 3017 iant,
152 2946 268 3012 adiuta
279 2945 476 3034 juvantibus.
490 2944 630 3024 Quando
642 2957 751 3013 autam
762 2967 858 3035 rogus
869 2953 1107 3034 apparatuum,

62 3047 261 3141 uotywpm
282 3054 343 3120 cibi
364 3053 517 3120 detractio
536 3055 687 3122 omnibua
702 3054 910 3130 vmtimantia,
926 3064 961 3119 at
978 3049 1107 3142 cingulo

66 3153 190 3232 soluto,
205 3162 381 3227 conabatur
394 3163 492 3228 ctiam
501 3187 541 3230 aa
554 3162 739 3231 axcaicaaro
753 3185 762 3228 ι
781 3163 868 3252 quod
880 3164 970 3252 priua
983 3183 1060 3228 non
1075 3159 1120 3224 sa-

69 3265 196 3342 ciabat,
222 3271 374 3356 quoniam
398 3293 522 3360 aampar
543 3272 657 3362 cinguli
683 3271 828 3340 fidolium
847 3271 1117 3345 contendebant,

67 3372 220 3457 quianam
228 3377 724 3471 caiatiuacorpuaajustangarat.
735 3380 1116 3470 Omniaiquidambono,

72 3495 337 3570 proptaraanctos
347 3489 569 3563 moraa,atiam
581 3502 655 3556 anta
666 3491 857 3578 martyrium
867 3491 1113 3558 honestabatur.

74 3585 156 3656 illico
172 3593 269 3683 igitur
282 3594 313 3662 ai
328 3595 557 3683 circumposita
574 3607 648 3662 aunt
663 3620 733 3686 quae
748 3598 790 3663 ad
804 3621 916 3689 rogum
933 3610 1117 3690 coagmen·
1254 3639 1257 3644 ·

76 3705 134 3762 tata
152 3699 277 3771 inamnt
298 3705 525 3774 instrumenta.
553 3703 636 3772 Cum
657 3727 733 3774 varo
754 3707 846 3776 otiam
868 3707 964 3778 clavia
982 3713 1022 3780 ab
1053 3709 1117 3778 iiiia

80 3803 244 3894 affigendus
258 3826 355 3892 assat,
374 3813 475 3882 dixit:
493 3814 621 3884 «sinito
637 3839 689 3884 ma
704 3819 760 3886 aio.
774 3818 837 3900 Qui
851 3819 939 3888 anim
958 3821 1036 3888 mibi
1062 3819 1117 3885 dat

169 3939 188 3984 ¹·
896 3957 933 3998 ιο
