2688 4626
282 213 343 280 206
577 225 690 271 sancrr
713 225 832 270 trsruu
854 227 1009 270 uaerrms

281 340 463 422 Quinetiam
475 338 544 426 ipse
559 334 720 424 Orpheus,
737 334 791 421 qui
808 345 964 402 trecentos
982 332 1149 422 sexaginta
1165 331 1225 397 dees
1237 336 1266 398 iu·

280 453 423 526 duxerat,
440 446 527 512 testis
542 445 603 510 erit
616 465 695 508 mee
707 442 872 508 sententiae
887 443 920 508 in
933 440 1020 508 libro
1032 461 1132 530 quem
1145 439 1271 530 Pruepu

281 557 451 648 inscripsit,
475 554 530 622 ubi
551 551 642 620 illum
656 552 773 618 erroris
795 551 978 639 penituisse
1000 561 1096 640 patet
1116 573 1155 618 ex
1172 549 1213 616 bis
1227 573 1269 636 pn

281 667 390 734 scribit
406 689 414 730 ε

360 804 477 876 Loquar
488 796 593 875 quibus
604 795 647 854 sas
657 806 719 853 est:
734 806 834 874 portas
847 793 990 853 occludite
1004 795 1129 872 profani

360 903 470 960 Omnes
480 895 575 956 simul.
584 899 629 954 Tu
641 913 713 953 vero
725 894 793 954 audi
803 893 929 952 luciferae
940 894 981 952 iili
992 894 1077 952 lunae

359 1001 481 1066 Musaee3
494 993 588 1052 dicam
599 992 676 1052 enim
688 1011 773 1065 vera,
784 1005 876 1052 necte
887 1013 953 1071 quae
964 994 1054 1072 prius

361 1093 394 1150 In
405 1086 493 1148 corde
504 1107 568 1148 meo
581 1087 818 1160 animadvertisti,
830 1087 947 1167 privent
961 1086 1054 1145 beata
1064 1083 1148 1144 vita:

361 1190 409 1248 td
419 1187 548 1247 Verbum
559 1187 690 1246 divinum
701 1187 866 1266 respiciens,
877 1187 919 1244 illi
930 1187 1039 1258 asside,

364 1288 497 1366 Dirigens
507 1286 604 1345 cordis
615 1279 775 1364 intelligens
787 1285 978 1364 profundum,
991 1295 1023 1344 et
1034 1295 1151 1343 rectam
1161 1279 1240 1340 incede

362 1387 457 1460 Viam,
468 1397 498 1445 et
509 1384 603 1444 solum
616 1388 728 1465 respice
742 1387 844 1444 mundi
857 1405 965 1464 regem.

365 1491 448 1547 Unus
455 1498 497 1546 est
505 1505 542 1545 ex
548 1487 711 1564 segenitus:
721 1485 824 1544 abeno
834 1505 1024 1562 quecumque
1031 1495 1104 1546 sunt
1110 1482 1206 1562 genita,
1212 1491 1274 1538 cett

363 1590 398 1644 ln
411 1581 467 1641 illis
480 1583 543 1662 ipse
553 1569 759 1655 versaturum
769 1582 922 1659 quisquam
932 1580 1017 1638 illurn
1214 1574 1274 1652 [sart

363 1683 446 1744 Videt
457 1680 637 1754 mortalium,
648 1681 711 1760 ipse
722 1693 819 1740 autem
830 1700 931 1740 omnes
941 1679 1031 1740 videt.

365 1783 419 1844 Hic
430 1803 466 1842 ex
476 1782 555 1840 bono
566 1778 672 1840 malum
685 1780 851 1840 hominibus
862 1781 925 1855 dat,

365 1885 401 1940 Et
412 1880 521 1940 bellum
533 1877 675 1938 horribile
686 1891 715 1937 et
727 1879 843 1938 dolores
853 1878 1039 1957 lacrymosos.

364 1985 425 2040 Nec
436 1979 511 2040 tillus
522 1993 565 2039 est
576 1979 648 2039 alius
659 1992 764 2060 praeter
776 2001 911 2060 magnum
922 2000 1030 2058 regern.

364 2081 449 2140 Illum
460 2093 622 2138 autemnon
632 2079 725 2138 video.
735 2085 809 2140 Nam
821 2083 897 2140 circa
906 2080 988 2140 illum
999 2079 1094 2140 nubes
1103 2077 1271 2138 constitutae!-

367 2181 512 2241 Omnibus
523 2194 618 2240 autem
630 2181 802 2240 mortalibus
812 2179 950 2241 mortales
960 2192 1027 2240 sunt
1040 2179 1181 2261 pupillzin
1189 2173 1260 2234 aulis

323 2272 326 2277 ’
366 2282 489 2340 Infirmae
500 2281 599 2340 videre
610 2287 712 2341 lovem
726 2283 855 2342 omnium
869 2293 1049 2362 regnantem.

366 2383 422 2441 Hic
431 2382 508 2440 enirn
518 2401 594 2442 aereo
606 2383 637 2441 in
648 2383 721 2442 coelo
732 2384 904 2442 constitutus
916 2396 959 2442 est

368 2487 480 2541 Attratc
493 2482 523 2540 in
536 2482 623 2556 solio,
636 2496 743 2542 terram
758 2481 879 2561 pedibus
892 2483 998 2557 calcat,

368 2587 489 2642 Manum
500 2595 597 2642 autem
609 2583 740 2643 dextram
753 2584 790 2642 ad
803 2584 940 2644 terminos
954 2585 1056 2644 oceani

368 2683 504 2764 Undique
515 2684 652 2745 extendit.
668 2687 784 2746 Circum
797 2686 875 2745 euim
888 2698 1017 2746 tremunt
1027 2698 1138 2746 montes
1147 2679 1232 2761 magni·

368 2794 405 2850 Et
419 2787 514 2859 fluvii,
527 2798 556 2847 et
567 2787 631 2846 ceni
643 2788 821 2866 profundum
833 2787 952 2848 coerulei
963 2787 1061 2850 maris.

292 2923 394 3007 litque
409 2919 479 2987 baec
499 2918 551 2985 ille
570 2919 614 2984 ite
629 2909 801 3008 eloquitur,
818 2921 905 3009 quasi
916 2923 1124 3010 majestatem
1144 2918 1195 2990 Dei
1205 2907 1268 2978 wll

289 3032 353 3096 suis
371 3028 507 3096 vidisset.
537 3017 701 3096 Consentit
722 3044 829 3100 autem
848 3033 877 3098 ci
901 3044 934 3099 et
952 3030 1161 3120 Pythagoras,
1182 3024 1223 3116 qui
1242 3018 1269 3083 5¹0

290 3140 399 3209 scribit
412 3163 419 3204 ε

368 3269 399 3330 Si
415 3267 478 3346 quis
494 3267 583 3339 dicat,
597 3274 676 3334 Deus
692 3290 754 3330 sum
764 3315 772 3345 ,
783 3284 889 3351 praeter
904 3291 1008 3343 ururm,
1024 3271 1072 3329 hic
1087 3269 1171 3330 debet

366 3365 510 3426 Mundum
524 3366 572 3424 isti
587 3367 709 3427 similem
725 3389 837 3444 creare,
853 3368 1008 3443 aedicere,
1024 3369 1079 3428 Hic
1092 3386 1170 3426 meus
1182 3373 1230 3429 est;

364 3471 426 3526 Nec
438 3465 531 3525 solum
545 3487 644 3527 creare
657 3489 690 3527 ac
705 3469 813 3544 dicere,
827 3475 911 3529 Meus
924 3483 982 3542 est,
997 3469 1047 3528 sed
1061 3461 1146 3528 etiam
1159 3461 1259 3524 habitare

275 3646 281 3658 ι
366 3571 432 3646 lpse
446 3570 477 3626 in
493 3584 528 3629 eo
543 3589 630 3649 quem
645 3571 730 3630 lecit:
748 3585 826 3646 certe
842 3571 879 3632 ab
893 3573 948 3632 isto
965 3574 1057 3644 lactus
1070 3583 1121 3630 est.

334 3691 388 3757 111.
408 3693 502 3761 Hunc
524 3696 627 3766 solum
649 3702 802 3770 derebus
824 3705 857 3771 in
877 3704 938 3770 vite
957 3703 1052 3794 gestis
1070 3713 1103 3766 et
1120 3700 1160 3764 de
1176 3683 1274 3764 numiflis

290 3801 485 3888 ignoratione
505 3806 659 3891 judicium
681 3811 845 3882 instituere
864 3835 968 3902 posse,
991 3809 1167 3879 domesticis
1180 3799 1277 3870 restite
