2636 4648
177 284 239 349 522
498 305 612 350 sanari
636 304 751 350 rasam
774 305 839 349 aar.
866 306 900 349 rr

177 409 339 480 veritatis?
350 409 400 480 du
417 435 528 480 rursus
542 413 699 504 impotens
713 426 784 479 erat
800 415 867 503 ipse
884 412 946 480 sibi
963 431 1155 502 praeparare
1165 430 1230 484 eas,

179 524 232 614 qui
248 524 421 591 adveutum
439 522 608 593 Salvatoris
624 524 872 592 annuntiassent?

224 634 264 701 ll.
285 633 318 700 Si
337 644 445 700 autem
461 655 536 700 oum
551 632 617 700 buc
633 634 769 700 venisset
785 632 947 708 Salvator,
965 654 1048 696 suos
1064 625 1232 718 dpootaloe

180 743 265 812 misit
291 743 324 814 ia
348 742 516 820 muudum,
540 765 621 830 pure
643 742 816 809 adveutum
838 744 909 831 ejus
933 739 1187 810 annuntiantes,
1204 749 1232 800 et

183 852 377 920 voluntatem
389 851 667 929 Patrisdocantos,
680 853 713 918 in
725 850 813 920 nullo
828 852 1120 920 communicantes
1131 871 1232 936 nequa

183 963 333 1032 Gentium
351 983 454 1051 neque
471 962 658 1030 Judaeorum
674 960 844 1038 doctrinm
860 961 966 1028 multo
985 960 1095 1050 magis
1118 957 1236 1031 ita-Ple

184 1084 305 1140 ramata
326 1074 465 1140 existens
480 1067 702 1163 predicatores
717 1075 863 1164 proprios
886 1074 1099 1147 destinasset,
1113 1093 1236 1136 nnnnn

186 1184 296 1250 tiantea
314 1181 348 1248 iu
362 1180 452 1250 buno
466 1183 624 1250 mundum
641 1182 787 1250 luturbm
801 1183 977 1250 adventum
992 1183 1085 1270 ejus,
1101 1181 1138 1246 in
1150 1179 1235 1247 nullo

185 1292 460 1360 communicantes
473 1293 510 1360 iis
528 1293 692 1384 prophetis
704 1317 774 1382 quae
789 1307 865 1361 sunt
880 1293 1103 1382 ullemiurgo.
1130 1289 1168 1357 Si
1183 1313 1236 1356 aa·

186 1415 264 1482 tem,
284 1425 360 1498 cum
382 1415 465 1471 esset
484 1403 566 1470 intra
586 1403 746 1482 Pleroma,
767 1427 843 1471 usus
861 1404 965 1472 estiis
986 1403 1168 1492 Prophetis
1183 1401 1232 1491 qai

185 1525 278 1602 erant
292 1514 470 1582 seeundum
484 1513 615 1604 Legem,
626 1526 659 1582 et
676 1538 736 1605 per
750 1537 804 1582 eoa
820 1514 958 1582 ostendit
970 1537 1047 1604 qnae
1065 1524 1148 1580 sunt
1164 1535 1229 1581 sna:

188 1621 289 1690 multo
301 1624 414 1714 magia,
427 1647 501 1692 oum
517 1625 582 1692 buo
592 1625 743 1702 venisset,
754 1625 803 1692 bis
818 1625 893 1716 ipsis
904 1647 981 1691 usus
994 1624 1113 1690 luisset
1124 1623 1233 1711 magis
1296 1685 1297 1698 2

188 1734 257 1813 tris,
269 1746 302 1800 et
319 1759 376 1824 per
392 1759 446 1803 eos
463 1737 681 1804 annuntiasset
696 1738 788 1804 nobis
803 1733 1024 1827 Evangelium.
1042 1735 1123 1801 «lam
1142 1735 1231 1824 igitur
1296 1731 1297 1820 l

190 1867 255 1912 nou
272 1845 402 1912 Petrum
425 1857 457 1912 et
477 1844 612 1913 Paulum
632 1860 665 1914 et
684 1845 822 1936 reliquos
843 1843 1016 1937 Apostolos
1044 1845 1164 1912 dicant
1180 1867 1230 1908 aa·

192 1954 355 2020 nuntiasse
370 1954 547 2032 veritatem,
568 1957 624 2022 sed
641 1955 783 2033 Scribas,
796 1967 828 2022 et
845 1956 1036 2031 Pbarisaeos,
1049 1967 1087 2022 et
1098 1953 1233 2044 reliquos

190 2086 250 2153 per
263 2087 342 2154 quos
356 2063 422 2130 Lex
434 2065 692 2132 annuntiabatur.
708 2063 742 2131 Si
758 2075 866 2132 autem
876 2089 950 2132 suos
967 2065 1001 2131 in
1017 2089 1080 2131 suo
1096 2065 1234 2131 adventa

191 2174 336 2263 proprios
352 2172 518 2263 Apostolos
533 2175 638 2242 emisit
652 2175 685 2243 iu
702 2176 813 2266 spiritu
829 2175 980 2252 veritatis,
993 2185 1029 2242 et
1044 2197 1114 2242 non
1129 2175 1164 2240 in
1179 2175 1236 2263 spi·

192 2283 253 2349 ritu
270 2284 405 2358 erroris;
421 2284 485 2352 boo
500 2285 586 2353 idem
601 2287 706 2377 ipsum
717 2299 750 2353 et
764 2287 797 2352 in
811 2286 978 2376 Prophetis
993 2285 1074 2353 lecit
1087 2309 1097 2350 :
1112 2309 1233 2374 semper

193 2395 277 2460 onim
292 2395 432 2484 idipsum
446 2395 590 2464 Verbum
606 2398 676 2465 Dei.
695 2400 735 2466 Et
751 2398 777 2464 si
791 2398 922 2488 quidem
938 2396 978 2463 de
997 2396 1230 2487 principalitate

193 2502 329 2592 Spiritus
350 2502 422 2580 suit,
443 2505 620 2572 secundum
640 2504 783 2596 regulam
805 2506 961 2596 ipsorum,
978 2505 1122 2594 Spiritus
1145 2503 1229 2577 lucis,
1296 2557 1297 2562 η

195 2625 228 2680 et
248 2613 384 2704 Spiritus
406 2613 564 2690 scutatis,
586 2626 620 2682 et
640 2614 777 2704 Spiritus
799 2613 1018 2704 perfectionis,
1042 2627 1077 2680 et
1102 2613 1231 2704 Spiritus

195 2725 381 2814 agnitionis3
404 2725 431 2792 is
453 2747 528 2793 varo
542 2727 597 2815 qui
613 2749 630 2791 a
646 2727 831 2818 Demiurgo,
847 2727 907 2792 luit
928 2726 1067 2816 Spiritus
1084 2727 1232 2816 ignoran-

196 2835 261 2912 tiae,
273 2847 307 2900 et
317 2835 548 2912 diminutionis,
561 2847 593 2902 et
604 2836 733 2912 erroris,
749 2848 782 2902 et
795 2837 916 2902 umbrae
927 2833 1098 2924 progenies
1103 2858 1114 2908 r
1129 2857 1231 2923 quesn

197 2944 372 3011 admodum
394 2945 426 3010 in
448 2967 512 3010 uno
533 2957 565 3011 et
588 2945 703 3012 eodem
718 2945 821 3036 potuit
835 2967 904 3012 asse
918 2943 1074 3034 perfectio
1091 2958 1126 3011 et
1143 2945 1229 3010 dirui-

198 3055 301 3131 nutio,
315 3055 433 3146 uguitio
444 3067 477 3120 et
488 3054 815 3144 ignorantin,erroret
826 3053 1020 3131 veritas,lux
1031 3066 1064 3139 et
1075 3055 1229 3121 tenebra?

1296 3207 1297 3240 l

200 3301 264 3344 uuo
285 3278 352 3344 Deo
374 3277 508 3344 verbum
524 3277 651 3345 Domini
674 3277 912 3367 praeceaebant,
928 3285 962 3341 et
976 3274 1154 3342 adrentum
1167 3273 1229 3341 Fdi
1296 3265 1297 3346 l

198 3165 233 3233 Si
247 3177 354 3232 autem
369 3165 402 3232 in
416 3165 582 3256 Prophetis
598 3164 790 3256 impossibile
800 3176 869 3232 erat
885 3165 955 3233 haec
970 3165 1011 3231 ita
1027 3187 1114 3252 esse,
1127 3165 1185 3232 sed
1196 3165 1228 3230 at

199 3388 269 3479 ejus
291 3389 540 3462 annuntiabant3
554 3384 657 3454 multo
679 3387 778 3477 magis
802 3386 956 3452 Dominus
978 3385 1048 3474 ipse
1070 3400 1229 3473 nunquan

201 3499 297 3566 modo
313 3499 443 3589 quidem
458 3497 499 3565 de
513 3497 692 3588 principali,
708 3497 805 3563 modo
821 3519 895 3562 vero
912 3496 952 3563 de
971 3495 1121 3585 subjecta
1136 3495 1230 3561 demi·

200 3608 367 3675 curatione
382 3608 507 3676 lecisset
521 3629 696 3685 sermones,
712 3617 744 3673 et
758 3607 927 3696 agnitionis
941 3617 974 3672 et
990 3607 1179 3696 ignorantie
1194 3605 1229 3672 si-

200 3717 268 3786 mul
289 3717 392 3788 sectus
414 3721 564 3811 magister
582 3745 590 3787 ε
608 3743 669 3787 noc
690 3739 836 3807 unquam¹
852 3717 950 3784 ωοᾱο
969 3716 1104 3806 quidem
1128 3715 1229 3783 mundi

202 3829 438 3908 fabricatorem,
462 3832 559 3898 modo
583 3841 689 3897 autem
716 3852 791 3896 eum
809 3829 866 3919 qui
886 3849 983 3918 super
1001 3827 1092 3896 bunc
1111 3838 1160 3894 est
1176 3825 1230 3917 glo
1296 3829 1297 3844 ¹

205 3939 343 4032 adficeret
357 3939 496 4018 Patrem,
510 3939 780 4030 quemadmodum
797 3939 863 4030 ipse
877 3938 921 4003 ait
934 3959 941 4001 :
956 3936 1085 4005 «Neruo
1099 3937 1229 4004 immittit
1296 4019 1297 4022 Ἴ
