2710 4662
143 263 148 280 ·
217 225 259 292 88
604 245 716 290 aarum
740 243 862 287 raason
967 241 971 248 ·

216 365 374 428 mentum,
390 352 477 440 quod
487 351 639 418 suiuus
650 350 807 430 Christus.
821 349 986 416 Saliamini
997 351 1029 416 in
1041 351 1126 438 ipso,
1138 363 1267 416 utnon

214 474 440 552 corrumpatur
454 459 566 550 aliquis
580 461 613 527 in
628 460 738 534 vobisc
758 460 911 548 quoniam
925 461 966 526 ab
980 459 1080 526 odoro
1099 461 1181 544 (rou
1195 461 1269 526 im-

214 575 312 662 puto)
333 570 576 660 redarguemini.
599 567 783 637 Absurdum
802 579 852 634 ost
868 567 1032 633 Christum
1047 567 1165 634 «issum
1185 589 1268 656 pro

215 681 288 758 fari,
306 694 339 747 ct
356 679 526 768 judaizare.
546 677 805 746 Christianismus
822 677 908 744 cuim
927 699 992 742 non
1008 677 1041 742 in
1056 675 1266 765 judaismum

216 789 370 865 crodidit,
389 788 446 856 sed
466 787 640 876 judaismus
662 787 695 852 in
713 785 995 861 christianismum,
1017 797 1053 849 ut
1068 787 1177 852 omnis
1195 785 1266 852 lin-

217 922 278 990 gua
291 898 425 966 crcdcns
435 898 477 963 ad
488 896 591 963 Deum
602 909 835 988 aggregaretur.

259 1007 318 1076 xl.
336 1007 414 1076 Haeo
428 1017 549 1081 autom,
566 1003 675 1073 dilecti
690 1004 766 1080 moi,
783 1025 847 1070 non
863 1004 951 1092 quod
967 1001 1176 1092 cognoverim
1195 1003 1263 1068 aii-

216 1137 295 1202 caos
310 1125 451 1182 rostrum
464 1114 528 1181 hoo
540 1113 648 1181 animo
658 1111 789 1180 affectos
800 1135 887 1179 csso:
903 1113 971 1188 sed,
985 1124 1021 1176 ut
1031 1113 1141 1185 minor
1151 1115 1253 1184 robis.
1349 1099 1350 1106 ἵ

216 1225 313 1312 cupio
323 1224 413 1290 vobis
428 1235 571 1299 cautum,
583 1247 624 1290 no
637 1222 784 1290 incidatis
797 1223 830 1288 in
841 1223 953 1290 hamos
966 1223 1067 1289 inanis
1080 1223 1251 1298 doctum

218 1333 275 1400 aad
290 1344 327 1400 ut
341 1330 436 1422 piano
454 1333 533 1398 ocrti
551 1331 764 1400 rcddsrcmini
781 1331 817 1398 in
835 1331 997 1400 nativitato
1011 1343 1044 1397 et
1060 1331 1208 1420 passione
1222 1346 1254 1398 et
1348 1328 1351 1410 J

219 1443 454 1510 resurrections
471 1442 559 1530 (qnos
571 1442 704 1531 contigit
717 1453 861 1530 temporo
876 1441 1072 1529 prmsocturae
1087 1441 1192 1508 Pontii
1207 1443 1254 1506 Pi

217 1551 272 1620 lati
282 1557 308 1642 ),
329 1573 400 1641 qus}
415 1571 489 1616 varo
509 1561 542 1616 ct
557 1550 775 1620 indubitanter
789 1562 875 1639 posta
891 1561 965 1616 sunt
983 1572 1001 1615 a
1017 1551 1096 1617 doru
1112 1551 1247 1623 Christo,
1349 1531 1351 1567 z

218 1687 273 1753 sps
288 1675 393 1730 nostra
408 1683 416 1725 r
435 1684 453 1726 s
469 1683 532 1748 qua
547 1660 725 1730 exorbitans
741 1681 936 1748 quamquam
950 1673 1090 1728 vostrum
1105 1662 1197 1728 obsit.

259 1771 335 1839 xli.
353 1772 455 1840 Fruar
469 1771 558 1839 robis
579 1793 636 1860 pcr
651 1772 770 1847 omnia,
788 1769 813 1836 si
830 1771 959 1859 quidam
973 1770 1088 1859 dignus
1106 1771 1179 1838 sim.
1195 1769 1239 1834 Τι-

218 1883 311 1949 motui
326 1881 412 1948 onim
427 1883 551 1952 rinctus
562 1903 646 1957 sum,
659 1880 894 1968 comparandus
908 1892 1015 1946 tamon
1029 1903 1095 1946 non
1112 1903 1186 1945 sum
1198 1879 1241 1942 uui
1349 1923 1350 1930 ι

217 2003 370 2064 vostrum,
393 1991 447 2077 qui
469 1988 563 2056 soluti
586 1990 669 2055 cotis.
697 1988 776 2056 Novi
797 1990 884 2078 quod
901 1990 934 2054 in
955 1989 1044 2054 robis
1059 1987 1139 2054 nihil
1156 1989 1249 2054 fustus

216 2099 300 2170 insit.
315 2097 428 2165 desum
439 2098 526 2166 onim
541 2097 705 2166 Christum
716 2097 839 2165 huonis
852 2099 886 2164 in
897 2098 986 2164 robis
997 2099 1083 2186 ipsis.
1101 2097 1142 2164 Et
1149 2099 1250 2186 magis

217 2227 294 2276 oum
303 2203 400 2274 laudo
410 2229 484 2284 vos,
497 2206 563 2274 scio
574 2205 663 2295 quod
673 2207 793 2274 rubore
801 2204 1029 2274 suffundumini
1039 2231 1050 2281 ς
1062 2205 1142 2272 siorrt
1152 2207 1249 2292 scrip-

217 2324 289 2382 tum
301 2327 367 2383 ost:
385 2313 504 2382 laurus
516 2314 569 2382 sui
581 2333 628 2383 cst
640 2313 840 2383 moratos-¹.

259 2423 351 2492 Xffl.
370 2422 502 2494 Siudots
514 2424 610 2513 igitur
626 2437 662 2491 nt
676 2421 909 2494 confirmemini
925 2424 959 2489 in
973 2424 1167 2514 dognmtibus
1180 2423 1245 2488 Do

218 2530 296 2599 mini
308 2542 341 2598 ct
355 2531 601 2621 Apostolorum,
625 2546 660 2601 ut
674 2533 780 2600 omnia
795 2554 865 2618 quae
880 2527 982 2597 fucitis
997 2544 1146 2622 prospero
1160 2530 1247 2598 vobis

1347 2299 1350 2396 i

1348 2568 1350 2610 i

218 2641 403 2720 succedant,
412 2663 508 2714 carno
520 2654 553 2709 ct
563 2641 802 2733 spiritu‚iidoot
814 2641 980 2718 charitato,
993 2640 1026 2707 in
1034 2639 1243 2706 FiiiootPrtss
1349 2706 1350 2725 χ

217 2761 250 2816 ct
267 2749 386 2839 Spiritu
403 2763 528 2827 sanato,
545 2751 577 2818 in
595 2751 752 2839 principio
769 2763 802 2815 ct
818 2751 851 2815 in
868 2751 950 2822 finer
975 2771 1051 2816 curn
1069 2749 1241 2838 dignissimo

217 2858 367 2947 episcopo
387 2872 506 2935 rostro,
523 2871 555 2928 ct
575 2858 669 2947 digno
684 2871 833 2926 consona
850 2857 1004 2948 spirituali
1026 2881 1146 2926 corona
1164 2881 1247 2948 pras-
1349 2902 1350 2917 ι

218 2968 334 3054 byturii
345 2969 453 3044 vostri,
469 2981 502 3034 at
517 2971 693 3042 socrmdum
709 2971 813 3036 Deum
824 2971 989 3059 agentibus
1001 2970 1153 3036 diaconis.
1175 2970 1250 3036 Suo

218 3077 294 3162 jecti
314 3088 380 3142 osto
398 3075 548 3164 episcopo
565 3089 599 3142 at
616 3079 704 3148 vohis
721 3091 849 3155 mutuo,
871 3093 907 3144 ut
922 3079 1014 3145 Joous
1030 3077 1178 3170 Christus
1194 3078 1252 3142 Pa·

217 3183 276 3260 tri,'
300 3183 476 3262 secumdum
503 3207 644 3262 worm,
672 3199 704 3252 ot
730 3185 873 3274 Apostoli
900 3183 1027 3253 Christo
1053 3199 1085 3254 ct
1112 3187 1199 3252 Patri
1222 3199 1252 3250 rt

218 3291 367 3380 Spirituir
386 3305 421 3360 ut
436 3293 513 3360 uuio
527 3293 567 3360 sit
582 3307 614 3358 ot
629 3293 763 3360 carnalis
779 3308 810 3360 at
825 3294 1004 3385 spiritualis.

262 3402 349 3474 XJV.
370 3403 452 3472 Cum
468 3405 566 3472 sciam
581 3429 637 3472 vos
655 3404 724 3474 Dso
743 3405 855 3496 planos
869 3429 950 3482 osso,
966 3407 1118 3472 brevibus
1137 3408 1255 3473 cohor⁴

218 3521 302 3576 tatus
317 3535 388 3580 sum
403 3537 468 3580 ros.
489 3513 644 3580 Memorcs
660 3525 761 3580 comte
780 3514 842 3580 moi
863 3514 1110 3580 morationibus
1130 3515 1255 3588 rostris,

219 3619 379 3690 uilicum
401 3643 562 3709 sssoanm
587 3637 619 3690 ct
640 3623 781 3690 ecclesian
802 3647 871 3712 quos
894 3626 926 3690 in
953 3623 1058 3712 Syria,
1081 3624 1168 3688 undo
1190 3645 1256 3690 non

219 3747 290 3792 sum
306 3726 418 3815 dignus
437 3732 552 3796 vocari.
575 3731 704 3820 indigeo
720 3731 805 3798 onim
823 3733 909 3797 unita
926 3744 1027 3797 rastra
1047 3732 1079 3796 in
1094 3731 1164 3796 Deo
1183 3751 1257 3796 ora-

253 3850 428 3916 'Prov.1vrrr,
444 3871 450 3902 t
456 3873 479 3920 7.
