2648 4598
153 273 362 318 transmotae
379 275 418 317 D}
434 272 685 318 assuanncmotta
699 273 900 326 aestuosum
986 275 1022 338 91

23 401 138 468 semper
149 381 330 447 exordiendi
345 379 498 445 rationem
509 378 642 444 retinere
654 379 831 453 videantur,
843 379 1030 445 convenien-

21 488 94 554 tiam
118 489 272 579 negligere
295 501 327 556 et
350 488 456 554 locum
479 488 654 576 quibusque
676 487 768 554 rebus
791 499 1025 576 congruentem.

20 593 178 672 Quantum
193 597 277 662 enim
292 595 333 662 ad
343 594 640 661 demonstrationem
651 606 683 659 et
698 593 870 660 naturalem
885 594 1028 660 ordinem

18 715 148 792 spectat,
172 701 291 792 priores
310 713 382 768 sunt
402 724 525 790 semper
541 723 700 766 sermones
717 701 757 766 de
777 701 906 766 venitote
921 701 957 767 iis
974 691 1035 788 qui

15 834 75 898 pro
90 812 232 885 veritates
254 822 407 900 quantum
422 822 526 876 autem
541 809 582 874 ad
595 811 748 898 majorem
759 810 936 886 utilitatem,
953 833 1027 876 con-

15 943 103 984 versa
121 921 251 997 ratione,
268 919 327 988 illis
347 921 396 988 isti
416 931 547 1008 preeunt.
572 920 679 1007 Neque
694 921 777 986 enim
797 931 888 986 terrae
908 920 1026 986 semina

15 1029 236 1094 convenienter
250 1028 385 1118 agricola
400 1029 549 1095 mandare
559 1029 668 1116 possit,
681 1029 740 1094 nisi
756 1029 840 1117 prius
855 1027 1026 1095 silvestrem

15 1137 176 1202 materiam
192 1161 229 1203 ac
243 1138 333 1204 bonis
346 1138 516 1205 seminibus
531 1149 697 1204 nocentem
712 1135 873 1210 evulserit;
889 1159 947 1202 nec
961 1159 1026 1202 mes

15 1244 103 1316 dicus
119 1244 252 1311 salutare
268 1247 472 1334 pharmacum
488 1259 604 1336 aegroto
622 1248 747 1336 corpori
764 1247 850 1321 dare,
866 1245 924 1311 nisi
940 1245 1025 1333 prius

15 1352 199 1418 residentem
215 1354 413 1420 vitiositatem
431 1365 661 1453 aspergebant
675 1354 848 1419 irruentem
866 1351 1020 1419 cohibeat.

15 1459 66 1524 Sic
80 1461 132 1547 qui
147 1462 309 1526 veritatem
326 1461 440 1528 dooere
457 1460 536 1537 vult,
556 1461 715 1527 neminem
730 1461 827 1548 possit
842 1460 881 1525 de
895 1459 1024 1526 veritate

15 1567 163 1634 disserens
184 1569 309 1645 docere,
331 1568 531 1635 delitescente
553 1569 587 1633 in
607 1569 800 1634 audientium
822 1568 927 1632 animo
949 1562 1023 1630 salsa

15 1673 111 1763 aliqua
129 1677 274 1764 opinione
289 1687 321 1742 et
337 1677 372 1742 iis
388 1699 457 1765 quse
474 1675 621 1742 dicuntur
637 1677 790 1740 obstante.
808 1674 1024 1752 Quamobrem

15 1808 66 1849 nos
78 1809 201 1873 quoque
212 1786 254 1850 ad
264 1787 297 1850 id
308 1784 394 1873 quod
402 1769 508 1850 utilius
519 1796 566 1850 est
576 1785 789 1872 respicientes,
798 1802 1023 1870 nonnunquam

15 1915 167 1960 sermones
186 1915 244 1979 pro
265 1893 394 1959 veritate
414 1894 449 1957 iis
465 1915 534 1979 quse
553 1893 593 1956 de
606 1893 735 1958 veritate
751 1892 920 1966 habentur,
941 1913 1023 1977 prae-

15 2002 166 2087 sonimus3
190 2001 285 2088 idque
304 2023 389 2066 nunc
410 2001 452 2064 ita
474 1999 577 2066 iacere
597 2000 630 2064 in
655 2001 716 2066 heo
737 2001 777 2066 de
796 1999 1022 2066 resurrectione

15 2109 249 2174 rectractatione
264 2131 329 2174 non
344 2107 465 2184 inutile,
483 2108 558 2194 quid
573 2108 683 2174 doceat
697 2105 920 2197 spectantibus,
938 2107 1022 2173 vide·

15 2241 67 2281 ur.
86 2217 165 2282 Nam
176 2217 237 2282 bac
252 2217 347 2282 ctiam
362 2217 394 2281 in
410 2241 443 2282 re
457 2214 532 2281 alios
547 2217 719 2306 reporimus
729 2216 858 2282 omnino
869 2215 1018 2281 incredu-

15 2347 62 2400 os,
87 2323 253 2404 nonnullos
276 2325 465 2401 dubitantes,
485 2335 578 2412 atque
598 2347 637 2388 ex
652 2323 711 2390 illis
733 2325 827 2389 etiam
846 2323 898 2411 qui
917 2323 1017 2411 prima

15 2433 155 2521 rmncipia
171 2445 386 2522 susceperunt,
403 2432 554 2522 quosdam
568 2457 632 2499 non
651 2433 754 2498 minus
769 2433 864 2498 animi
880 2433 1017 2498 incertos

15 2567 98 2630 [uam
112 2531 169 2630 ¹qui
185 2544 329 2622 dubitant
342 2567 350 2608 :
364 2544 509 2631 quodque
527 2544 668 2609 omnium
685 2542 941 2610 absurdissimum
955 2550 1015 2613 est,

15 2663 41 2714 tn
54 2652 162 2717 animo
174 2651 277 2720 affecti
292 2665 376 2728 sunt,
389 2653 528 2741 quamvis
540 2653 658 2720 nullam
676 2675 803 2742 prorsus
818 2675 856 2716 es
874 2650 948 2738 ipsis
965 2672 1017 2714 re·

15 2783 58 2824 ·us
70 2783 180 2824 ansam
191 2759 327 2826 habeant
337 2760 378 2826 ad
388 2759 651 2836 incredulitatem,
663 2783 723 2826 nec
734 2781 862 2826 causam
873 2757 1016 2844 probabi-

15 2892 59 2932 sm
71 2867 185 2934 afferre
204 2871 323 2955 possint
338 2893 395 2936 cur
406 2893 471 2935 non
482 2870 625 2944 credant,
637 2880 760 2935 auteur
775 2867 928 2932 dubitent.

40 2978 80 3042 ll.
102 2976 158 3043 Sic
171 2990 276 3044 autem
297 2977 541 3048 consideremus,
560 2978 593 3043 si
614 3000 677 3043 non
698 2977 799 3043 omnis
814 2973 1013 3042 incredulitas

15 3105 118 3146 emere
134 3094 166 3146 et
181 3105 219 3148 ex
232 3085 458 3150 inconsiderata
475 3085 635 3173 opinione,
650 3084 706 3150 sed
720 3108 792 3151 cum
811 3086 895 3174 gravi
910 3084 1013 3172 aliqua

15 3212 90 3254 ausa
102 3199 136 3253 et
146 3198 214 3254 tuta
226 3189 257 3254 in
272 3190 457 3276 inquirendo
469 3214 542 3258 vero
559 3191 715 3281 diligentia
730 3192 886 3259 nonnullis
900 3194 1013 3259 insidet

16 3310 97 3361 tunc
117 3296 203 3362 euim
224 3297 340 3384 justam
359 3297 455 3365 babet
474 3301 638 3376 rationem,
661 3324 736 3368 cum
756 3324 823 3367 rem
845 3303 896 3368 cui
915 3301 1012 3368 iidem

15 3417 161 3494 erogant,
184 3405 400 3473 incredibilem
419 3432 486 3475 csse
499 3423 599 3499 patet;
617 3409 701 3478 nolle
718 3412 803 3478 enim
818 3435 868 3478 res
882 3434 946 3478 non
960 3413 1011 3477 in-

15 3513 163 3581 redibiles
177 3516 306 3583 credere
319 3517 485 3586 hominum
499 3532 546 3586 est
559 3521 663 3587 minus
678 3543 753 3586 sano
769 3522 809 3587 de
819 3521 948 3588 veritate
963 3521 1010 3608 ju-

15 3623 77 3688 icio
89 3625 279 3714 utentium);
296 3628 522 3718 oportetigitar
533 3640 610 3696 utet
620 3630 673 3717 qui
684 3619 903 3696 resurrectioni
914 3627 1010 3694 fidem

15 3742 159 3821 erogant,
175 3745 230 3799 sut
252 3733 292 3799 de
312 3757 348 3801 ea
370 3735 527 3813 dubitant,
550 3736 572 3803 ii
592 3760 656 3805 non
674 3738 714 3805 ad
737 3739 769 3804 id
789 3737 873 3826 quod
891 3752 1009 3804 temere

15 3837 64 3902 »sis
79 3839 217 3916 videtur,
229 3854 283 3906 aut
298 3843 384 3930 quod
397 3843 577 3914 hominibus
593 3847 871 3936 intemperantibus
885 3858 1009 3937 gratum
