2516 4636
340 329 462 376 cerras
486 331 635 378 ennasas.
939 313 1002 379 555

6 463 54 506 nc
75 435 277 506 descendisse
293 435 456 504 Christum
480 440 533 527 qui
554 441 595 507 de
616 437 832 530 superioribus
856 441 908 517 sit,
932 440 999 509 sine

1 574 62 616 rne
79 560 113 615 et
131 545 358 637 impassibilem
377 550 576 616 existentem.
596 549 781 618 Secundum
798 562 906 618 eutem
929 545 1004 618 uul-

2 683 30 724 n
46 657 239 724 sententiam
253 655 489 735 hereticorum,
502 657 644 725 Verbum
655 660 713 726 Dei
724 683 799 728 caro
810 661 931 728 sactum
942 673 1001 728 est.
1061 738 1065 750 Ι

14 767 107 833 enim
123 764 193 853 quis
209 765 332 855 regulus
350 766 491 855 ipsorum
509 769 652 833 omnium
666 783 899 859 perscrutetur,
916 771 1006 837 inve-

2 887 33 940 et
48 875 203 963 quoniam
226 875 294 942 sine
312 899 421 953 cerne,
438 887 470 942 et
489 877 688 967 impassibilis
710 883 750 947 ab
775 882 924 947 omnibus
946 879 1005 948 illis

2 985 135 1051 lucitur
148 985 207 1050 Dei
219 983 374 1062 Verbum,
390 986 492 1074 etqui
508 998 556 1052 est
571 988 603 1052 in
619 990 834 1078 superioribus
845 989 1000 1058 Christus.

2 1096 26 1161 ii
43 1095 131 1160 enim
147 1106 262 1184 putent
276 1095 511 1164 manifestatum
523 1121 610 1176 eum,
623 1099 893 1186 quemadmodum
904 1101 1006 1168 bomi-

2 1227 42 1268 m
57 1203 339 1294 transllgurstnms
357 1226 462 1295 neque
476 1219 584 1274 eutem
599 1220 723 1287 natum,
740 1233 844 1298 neque
858 1212 1006 1278 incerna-

4 1335 37 1376 m
50 1311 164 1378 dicunt
175 1311 265 1378 illum
278 1335 286 1378 ι
302 1311 352 1380 clii
367 1337 440 1380 vero
452 1337 555 1404 neque
567 1315 702 1406 figuram
715 1342 790 1385 eum
802 1324 1005 1411 assumpsisse

1 1415 119 1498 minis,
133 1423 189 1488 sed
200 1424 469 1512 quemadmodum
478 1423 662 1494 columbam
674 1429 875 1498 descendisse
886 1433 918 1498 in
930 1455 1005 1498 eum

2 1553 79 1604 sum
99 1533 154 1620 qui
178 1543 271 1598 natus
291 1547 340 1600 est
361 1555 400 1600 ex
421 1535 529 1604 Maria.
557 1539 678 1608 Omnes
701 1542 799 1631 igitur
818 1541 888 1610 illos
911 1543 1004 1610 salsos

2 1651 61 1718 tes
78 1642 248 1708 ostendens
262 1643 443 1734 Discipulus
456 1645 597 1728 Domini,
611 1652 655 1717 sit
669 1675 677 1717 ι
695 1653 761 1719 «Et
770 1652 914 1720 Verbum
930 1677 1005 1722 caro

2 1757 117 1832 ,actum
133 1761 193 1824 est,
209 1762 243 1815 et
257 1751 444 1822 inhabitavit
455 1755 488 1821 in
500 1758 601 1826 nobis.
621 1787 634 1822 ι

2 1860 51 1944 ¹,Et
66 1870 103 1923 ut
119 1881 183 1926 uon
208 1861 418 1950 inquiremus,
435 1869 527 1956 cujus
547 1870 606 1937 Dei
621 1869 764 1939 Verbum
787 1891 862 1940 cero
882 1875 1005 1942 iactum

2 2016 25 2056 t,
45 1968 112 2055 ipse
128 1969 256 2057 insuper
274 1971 381 2050 docet,
398 1975 507 2043 dicens
521 2001 529 2042 r
543 2005 556 2038 ι
569 1977 644 2046 Fuit
655 1981 752 2049 bomo
764 1983 877 2050 missus
889 2009 906 2050 n
919 1987 1001 2059 Deos

2 2088 65 2169 trat
80 2077 109 2141 ei
124 2097 243 2144 nomeu
258 2080 398 2149 Joenues
412 2107 421 2148 r
434 2085 488 2151 hie
504 2089 634 2155 venitin
650 2093 880 2170 testimonium,
894 2107 930 2159 ut
946 2107 1006 2161 tes-

2 2199 118 2278 nretur
134 2189 173 2254 de
188 2187 319 2257 lumine.
339 2193 410 2260 Non
425 2209 493 2262 erat
509 2197 575 2287 ipse
587 2197 707 2278 lumen,
721 2203 775 2269 sed
788 2215 822 2268 ut
835 2213 1011 2272 testaretur·

2 2319 38 2380 ÷e
53 2295 206 2364 lumiue¹.
227 2299 433 2370 »Praecurser
451 2306 548 2395 igitur
566 2307 717 2387 Joannes,
741 2313 797 2400 qui
816 2325 949 2398 testatur
964 2317 1005 2383 de

2 2406 100 2492 quine,
116 2429 133 2471 ιι
150 2429 213 2495 quo
231 2408 298 2475 Deo
313 2411 426 2478 missus
442 2415 641 2506 estiUtique
657 2420 697 2486 eb
712 2445 750 2486 eo
766 2424 858 2512 cujus
873 2425 1003 2496 Gabriel

38 2514 189 2604 Angelus,
213 2519 267 2607 qui
287 2520 383 2586 ctiam
405 2524 630 2614 evangelizavit
649 2533 887 2618 generationem
903 2538 1001 2626 ejus:

2 2625 21 2730 ¹i
46 2635 79 2689 et
96 2649 154 2713 per
174 2626 348 2717 Prophetas
370 2635 515 2721 promisit
536 2636 693 2730 Angelum
714 2665 808 2710 suum
831 2646 1002 2714 missurum

2 2744 40 2829 &te
56 2734 169 2801 faciem
183 2735 209 2802 F
211 2735 254 2805 ilii
271 2739 332 2818 sui,
352 2754 384 2808 et
397 2757 649 2835 praeparaturum
664 2751 749 2817 riam
764 2755 846 2841 ejus,
862 2755 926 2821 boc
940 2769 1003 2834 cst,

2 2835 209 2921 Jttilicaturum
230 2847 270 2914 de
291 2847 424 2930 lumine,
442 2856 500 2920 sin
517 2855 627 2945 spiritu
648 2869 680 2923 et
695 2861 813 2927 virtute
834 2862 961 2930 Helie&
981 2895 995 2929 ι

2 2945 73 3034 [elias
83 2965 191 3019 autem
203 2979 312 3020 rursus
324 2959 416 3046 cujus
427 2962 485 3027 Dei
499 2985 606 3029 servus
618 2975 651 3030 et
668 2967 823 3058 propbeta
835 2971 917 3038 luit?
932 2975 1003 3064 ejus

2 3041 20 3126 ii
39 3060 111 3125 lecit
127 3062 244 3128 cetum
258 3078 291 3131 et
305 3078 436 3147 terram,
454 3074 725 3159 quemadmodum
736 3089 768 3146 et
787 3081 853 3171 ipse
867 3085 1002 3152 conlite-

2 3167 50 3233 ι’.
70 3171 96 3234 Α
112 3171 276 3241 conditore
291 3176 387 3266 igitur
401 3193 434 3246 et
448 3179 638 3252 fabricatore
651 3185 872 3278 hujusmundi
887 3196 1002 3262 missus

1 3301 118 3355 tannes,
135 3284 405 3368 quemadomdum
426 3304 550 3381 poterat
573 3297 734 3367 testificari
757 3303 796 3368 dc
813 3302 1001 3384 columine,

1 3389 109 3455 sodex
131 3389 180 3457 his
200 3414 271 3479 quse
293 3409 368 3463 sunt
387 3401 625 3474 innominabilis
641 3421 674 3474 ct
692 3411 857 3479 invisibilia
874 3415 1004 3486 descen-

1 3498 76 3564 sriti
86 3498 205 3567 Omnes
216 3504 302 3570 enim
314 3505 454 3579 heretici
463 3514 684 3596 decreverunt,
697 3520 904 3614 Demiurgum
916 3525 1003 3616 igno

2 3631 38 3674 re
55 3629 123 3675 eam
138 3631 207 3700 que
218 3613 258 3681 sit
274 3637 369 3706 super
379 3643 454 3687 cum
466 3621 638 3705 Virtutem,
651 3631 742 3718 cujus
753 3633 842 3699 testis
854 3645 886 3700 et
899 3646 1004 3702 osten·

2 3744 20 3784 r
40 3719 197 3788 iuvenitur
210 3723 360 3796 loannes.
379 3731 513 3824 Propter
531 3733 593 3805 boc
613 3738 767 3808 Dominus
786 3741 1000 3835 «plusquam

1 3877 92 3925 ¹Joan·
107 3895 124 3935 ι,
134 3877 160 3939 6,
171 3895 195 3944 7,
205 3880 368 3939 8.—-²blsue.
380 3906 398 3952 s,
412 3903 472 3952 nex
485 3891 592 3946 blslscb.
607 3913 646 3958 ιιι,
660 3914 669 3947 ι
684 3913 691 3956 ;
705 3895 768 3951 Luc.
781 3917 799 3962 r,
814 3899 997 3969 17.-⁸dllcg.

2 3980 30 4021 ιι,
45 3976 67 4022 ι,
76 3969 101 4012 et
111 3978 181 4024 xrru,
196 3966 230 4015 1⁵.
