2516 4636
370 329 493 402 conrna
518 359 669 404 neumas.
808 350 812 358 '
972 331 1032 417 Ι54ι

8 464 222 554 evangelium,
234 463 385 531 dissimile
400 477 448 531 est
460 449 567 534 nutem
579 467 643 534 hoc
659 465 719 532 illis
739 489 809 555 quse
824 468 864 532 ab
878 466 1036 555 Apostolis

20 576 92 640 obis
105 576 219 642 tradita
231 587 320 650 sunt3
335 576 389 664 qui
402 575 524 653 volunt,
537 589 668 666 possunt
680 577 816 653 discere,
829 577 1037 666 quemadmo-

4 707 80 749 um
93 707 132 750 ex
146 684 219 773 ipsis
240 684 413 774 Scripturis
429 686 620 762 ostenditur,
640 669 783 775 jamnon
803 710 872 752 esse
887 685 932 762 id,
949 685 1036 774 quod

19 795 41 858 b
63 791 222 882 Apostolis
239 793 391 860 traditum
406 806 467 870 est,
484 795 624 860 veritatis
638 795 854 884 Evangelium.
876 795 1038 876 Quoniam

0 934 9 961 »ι
21 913 111 967 utem
125 901 190 968 sola
204 901 256 968 illa
272 927 345 970 vera
357 917 390 969 et
407 903 512 980 firma,
525 916 557 970 et
569 927 633 970 non
645 906 729 994 capit
741 929 843 994 neque
854 903 944 994 plura
961 927 1038 993 prae-

14 1031 149 1097 erquam
172 1010 323 1099 praedicta
344 1023 438 1086 sunt,
465 1033 568 1097 neque
591 1011 739 1098 pauciora
762 1035 830 1076 esse
856 1010 1037 1100 Evangelia,

24 1143 60 1183 er
71 1130 119 1185 tot
133 1131 166 1184 et
184 1129 271 1185 tanta
287 1119 493 1186 ostendimus.
511 1118 638 1187 Etenim
656 1141 731 1185 cum
742 1121 848 1185 omnia
865 1121 1039 1210 composita

11 1239 35 1292 t
53 1239 127 1316 apta
141 1229 228 1296 Deus
246 1227 370 1304 fecerit,
393 1230 561 1317 oportebat
575 1239 608 1292 et
626 1228 766 1315 speciem
782 1228 942 1318 Evangelii
956 1232 1039 1296 bene

1 1339 215 1427 compositam
232 1350 264 1404 et
279 1340 362 1404 bene
379 1339 634 1427 compaginatam
648 1362 727 1404 esse.
745 1338 929 1404 Examinata
945 1341 1041 1429 igitur

2 1450 161 1515 sententia
173 1467 285 1516 eorum
296 1449 350 1536 qui
366 1449 458 1514 nobis
469 1448 670 1514 tradiderunt
681 1447 901 1538 Evangelium,
916 1475 955 1515 ex
967 1451 1040 1538 ipsis

3 1558 170 1648 principiis
189 1559 343 1647 ipsorum,
366 1559 529 1626 veniamus
546 1571 579 1624 et
593 1559 635 1624 sd
654 1557 792 1648 reliquos
808 1557 988 1648 Apostolos,
1010 1571 1042 1624 et

3 1668 227 1758 perquiramus
242 1667 432 1734 sententiam
447 1689 559 1734 eorum
575 1667 616 1734 de
626 1666 694 1734 Deo
706 1691 714 1731 :
728 1679 800 1756 post
815 1667 942 1743 deiude,
959 1667 1042 1756 ipsos

4 1777 135 1846 Domini
150 1800 312 1844 sermones
327 1776 503 1844 audiamus.
1051 1759 1057 1768 .

56 1951 99 2033 4⁰
114 1951 167 2020 m
184 1947 333 2046 reliquis
349 1949 531 2048 Apostolis
545 1953 575 2019 ¹:

52 2104 165 2172 Petrus
181 2105 277 2196 igitur
291 2105 474 2196 Apostolus,
495 2119 567 2197 post
583 2107 847 2174 resurrectionem
867 2105 995 2174 Domini
1009 2120 1043 2173 et

9 2216 261 2305 assumptionem
277 2218 309 2282 in
329 2215 439 2292 coelos,
455 2215 565 2282 volens
584 2216 758 2306 adimplere
775 2217 944 2284 duodecim
962 2219 1044 2308 Apo-

10 2323 167 2391 stolorum
181 2349 365 2401 numerum‚
382 2338 416 2390 et
426 2323 561 2415 ellegere
577 2348 636 2414 pro
651 2325 672 2392 J
675 2323 735 2389 ude
750 2323 885 2391 alterum
897 2325 950 2413 qui
963 2323 1043 2392 elec·

10 2449 62 2500 tus
84 2445 167 2501 esset
186 2458 204 2500 a
225 2436 306 2511 Deo,
323 2459 363 2501 ex
382 2435 431 2500 his
446 2436 500 2523 qui
515 2435 659 2509 aderant,
678 2433 782 2499 dixit:
806 2432 900 2500 «Viri
918 2433 1042 2510 fratres,

11 2573 24 2606 s
40 2544 207 2633 oportebat
222 2543 345 2633 impleri
361 2543 559 2633 Scriptorum
579 2541 663 2610 hanc
678 2564 774 2631 quam
788 2540 935 2632 praedixit
949 2541 1046 2632 Spiri-

11 2683 25 2716 s
40 2665 91 2719 tus
108 2667 235 2720 sanctus
250 2677 306 2720 orc
322 2653 422 2719 David
441 2651 481 2718 de
495 2651 593 2728 Judu,
606 2652 660 2740 qui
674 2651 777 2718 suctus
787 2664 836 2717 est
851 2651 915 2716 dux
930 2653 979 2717 his
990 2654 1045 2741 qui

11 2792 25 2824 s
41 2763 319 2853 apprehenderunt
337 2763 462 2838 tasum,
480 2761 631 2850 quoniam
647 2770 874 2826 annumeratus
889 2758 948 2823 luit
964 2759 1046 2825 inter

11 2904 24 2936 s
41 2898 99 2940 nos
115 2897 123 2938 t
142 2874 213 2940 Fiat
223 2873 377 2940 habitatio
395 2873 466 2959 ejus
480 2871 618 2943 deserta,
634 2878 667 2933 et
681 2891 746 2934 non
766 2869 805 2932 sit
820 2868 874 2955 qui
891 2867 1047 2934 inhabitet

15 2984 77 3047 »in
97 3005 150 3053 ess
168 2992 202 3047 et
218 2983 438 3068 episcopatum
459 2978 530 3064 ejus
552 2975 688 3064 accipiat
706 2971 786 3039 alter
806 2973 817 3008 ²
836 2997 844 3040 τ
862 3002 875 3036 s
892 2974 1048 3065 adimple-

15 3093 137 3156 tionem
148 3087 373 3177 Apostolorum
388 3111 428 3151 ex
439 3085 488 3152 his
500 3107 569 3174 quae
580 3107 598 3149 o
610 3083 711 3150 David
725 3083 809 3150 dicta
826 3097 901 3150 sunt
918 3085 1044 3152 faciens.

15 3200 135 3265 Rursus
156 3219 233 3262 cum
253 3195 388 3285 Spiritus
410 3205 537 3261 sanctus
558 3192 774 3260 descendisset
798 3193 830 3258 in
860 3193 1047 3284 discipulos,

19 3308 65 3373 uti
81 3329 190 3374 omnes
200 3305 441 3395 prophetarent,
453 3316 486 3369 et
500 3302 706 3392 loquerentur
718 3301 831 3391 linguis
841 3302 866 3379 ⁸,
878 3305 1051 3390 etquidem

18 3417 184 3484 irriderent
195 3437 249 3480 eos
264 3413 381 3501 quasia
398 3425 503 3478 musto
511 3412 633 3484 ebrium
648 3411 726 3476 dixit
737 3410 862 3486 Petrus,
871 3433 936 3478 non
947 3413 1052 3480 ebrios

17 3527 146 3617 quidem
161 3521 231 3590 illos
247 3545 328 3598 esse,
349 3544 424 3588 cum
439 3521 480 3586 sit
493 3520 571 3586 hora
591 3519 683 3585 tertia
696 3519 779 3599 dieis
790 3543 858 3586 esse
869 3531 976 3588 autem
988 3522 1051 3590 hoc

18 3634 104 3724 quod
117 3633 239 3700 dictum
254 3643 302 3696 est
316 3653 374 3720 per
388 3628 581 3718 Prophetam
599 3651 607 3692 :
630 3653 643 3688 ι
656 3627 724 3692 Erit
738 3627 769 3694 in
788 3627 965 3696 novissimis
982 3630 1050 3696 die-

19 3749 116 3820 sbus,
133 3743 209 3811 dicit
223 3741 392 3815 Dominus,
410 3737 572 3806 ellundsm
588 3738 628 3805 dc
648 3737 768 3826 Spiritu
785 3760 856 3806 meo
871 3739 905 3808 in
924 3763 1052 3810 omnem

53 3891 62 3926 s
131 3925 137 3939 ,
184 3924 191 3939 ‚
841 3917 843 3920 .

55 3891 130 4028 ²iil.
146 3905 207 4038 ιῖηιθ
218 3983 243 4028 et
255 3989 345 4040 seqq.;
359 3972 425 4028 l’ssl.
438 3987 525 4034 uun,
537 3971 577 4034 ²55
590 3971 621 4023 td.
632 3983 702 4034 cun,
716 3969 738 4023 8.
747 3967 855 4024 -tsa
866 3968 915 4030 n‚t
926 3978 1030 4034 etseqq.
