2816 4610
396 276 530 320 enatato
554 275 610 318 eno
635 274 837 319 cntttstlan'ts.
1086 277 1125 338 79

92 398 125 450 et
146 375 329 450 Alexander
349 379 426 469 quid
445 379 578 468 amplius
596 382 820 469 aegrotantibus
841 380 954 446 afferre
975 382 1127 467 possunt?

94 491 264 578 Numquae
281 512 367 556 nune
383 500 486 554 statua
503 490 626 576 operari
642 489 772 563 dicitur,
789 513 825 554 ea
843 490 968 554 virente
982 495 1015 552 et
1031 511 1127 576 usgro-

93 609 186 662 tante
200 596 362 685 Neryllino
377 597 578 684 operabatur.

141 706 279 774 XXVll.
296 706 384 785 Quid
394 707 489 795 igitur
501 706 693 771 dicendum?
704 706 843 771 Primum
855 706 967 770 animae
979 728 996 769 u
1008 705 1127 770 ratione

96 815 194 880 alieni
208 827 239 879 et
254 815 444 902 phantastici
459 815 543 879 cirea
559 814 721 902 opiniones
733 826 849 889 motus,
866 814 1029 888 nunehas,
1043 835 1128 878 nunc

98 923 169 990 illas
184 924 334 1012 imagines
349 923 466 1011 partim
489 945 528 986 ex
549 922 679 986 materia
694 922 835 995 trahunt,
859 923 973 1009 partim
993 921 1051 986 sihi
1071 920 1129 1007 ipsi

96 1033 255 1121 effingunt
269 1045 303 1098 ct
316 1033 452 1120 pariunt.
475 1031 513 1096 ld
527 1041 633 1096 eutem
649 1032 751 1096 anima
772 1043 841 1096 tum
859 1031 994 1095 maxime
1012 1031 1130 1119 patitur

98 1162 175 1206 cum
190 1139 330 1204 matariae
350 1137 495 1226 spiritum
518 1138 577 1203 sibi
600 1139 758 1214 adsciscit,
778 1139 871 1226 eique
893 1140 1129 1213 commiscetur,

99 1271 165 1314 non
180 1245 320 1312 eoelestia
335 1256 368 1311 et
382 1269 493 1312 eorum
506 1246 652 1335 opificem
673 1248 886 1323 considerans,
906 1247 962 1312 sed
981 1246 1129 1310 deorsum

100 1382 139 1424 ac
157 1357 332 1431 terrestria,
348 1367 442 1443 atque
457 1357 498 1421 ad
517 1368 646 1432 terram,
664 1369 699 1423 ut
713 1358 838 1446 sanguis
854 1368 977 1420 tuntum
994 1367 1027 1418 et
1042 1375 1129 1429 earo,

99 1487 164 1530 non
175 1466 243 1552 jam
253 1487 351 1552 purus
364 1464 501 1551 spiritus,
515 1465 671 1552 depressa.
683 1465 747 1530 lllae
756 1467 850 1554 igitur
862 1489 878 1530 a
892 1464 1011 1528 ratione
1022 1461 1131 1528 alienae

98 1585 131 1638 et
147 1572 354 1660 phantasticae
371 1573 468 1638 animi
484 1573 639 1640 motiones
664 1575 726 1639 visa
748 1575 874 1663 pariunt
891 1571 1131 1638 simulacrorum

100 1681 228 1746 insaniae
240 1681 455 1768 congruentia.
470 1681 605 1760 Quando
617 1695 724 1747 autem
736 1693 843 1745 tenera
852 1680 1000 1745 etllexilis
1012 1681 1129 1754 anima,

101 1812 139 1854 ae
153 1787 340 1853 robustioris
353 1787 504 1852 doetrinae
516 1791 624 1876 jejuna
636 1801 667 1852 ct
680 1789 854 1874 inexperta,
866 1799 898 1850 et
909 1787 1046 1850 veritatis
1058 1808 1132 1850 con·

101 1895 290 1984 templandae
305 1918 343 1960 eo
359 1894 458 1960 Patris
482 1909 513 1960 et
535 1895 656 1982 opificis
678 1897 896 1960 universorum
912 1892 1130 1960 considerandi

13 2047 14 2060 κ
101 2003 251 2078 insoleus,
268 2005 417 2092 impressa
429 2017 461 2068 et
475 2006 578 2070 inusta
595 2006 688 2070 luerit
703 2004 786 2069 salsis
804 2005 845 2068 de
861 2027 894 2069 se
912 2004 1129 2092 opinionibus3

13 2099 14 2170 i
103 2126 170 2179 tum
186 2114 357 2187 daemones,
374 2112 427 2198 qui
444 2113 527 2177 eirca
544 2113 708 2178 materiam
724 2125 899 2188 versantur,
913 2125 945 2177 et
956 2112 1081 2177 nidores
1094 2134 1132 2177 ae

102 2225 302 2290 victimarum
323 2223 507 2309 sanguinem
526 2220 689 2310 liguriunt,
707 2224 913 2312 hominesque
935 2225 967 2287 in
989 2223 1133 2288 fraudem

103 2333 270 2406 inducunt,
294 2330 442 2396 adhibitis
461 2331 493 2394 is
521 2330 671 2396 auxilium
696 2333 781 2398 hisce
802 2335 953 2410 motibus,
976 2335 1027 2422 qui
1047 2333 1132 2424 vulgi

107 2443 228 2506 animos
236 2441 274 2505 ad
282 2439 373 2506 falsas
384 2440 546 2528 opiniones
558 2441 723 2518 inclinant,
732 2444 912 2532 perlieiunt,
923 2469 1033 2510 eorum
1047 2467 1133 2510 men·

107 2563 156 2616 tes
176 2551 359 2626 invadendo,
376 2562 411 2614 ut
427 2563 576 2637 tanquam
594 2573 633 2618 es
647 2554 755 2618 statuis
774 2566 806 2618 et
821 2554 994 2622 simulacris
1010 2555 1072 2617 visa
1092 2553 1132 2617 ad

13 2707 14 2712 κ
102 2685 159 2726 eos
180 2661 281 2724 inania
297 2661 443 2732 effluant;
459 2685 497 2726 ae
516 2664 636 2748 quoties
654 2686 709 2749 per
727 2685 759 2727 se
776 2663 854 2750 ipsa,
871 2675 978 2749 utpote
1000 2663 1133 2725 immor·

13 2837 14 2860 p
105 2770 187 2845 talis,
200 2772 436 2836 accommodate
447 2771 488 2835 ad
500 2772 653 2837 rationem
665 2772 769 2836 anima
784 2782 937 2843 movetur,
951 2770 1014 2832 sive
1026 2768 1129 2831 lutura

13 2877 14 2918 ³
105 2877 291 2966 praedicens,
304 2878 367 2942 sive
383 2901 496 2943 curans
512 2880 689 2966 praesentia,
703 2879 817 2943 horum
830 2876 960 2964 gloriam
973 2876 1131 2941 deamones

13 3041 14 3082 p
105 2987 292 3076 percipiunt.

147 3095 299 3164 XXVlll.
319 3095 452 3162 Necesse
467 3109 514 3164 est
529 3109 635 3162 autem
651 3097 690 3160 de
705 3095 899 3167 nominibus,
913 3107 948 3157 ut
959 3106 1049 3158 antea
1062 3118 1133 3182 pro·

105 3207 261 3281 misimus,
275 3230 375 3294 pauca
388 3207 504 3272 dicere.
521 3208 697 3274 Herodotus
710 3207 804 3296 igitur
821 3218 852 3270 et
865 3203 1039 3270 Alexander
1059 3204 1133 3268 Phi-¹

105 3316 182 3404 lippi
197 3317 231 3382 iu
252 3315 382 3403 epistola
406 3317 446 3381 ad
469 3329 602 3382 matrem
629 3318 777 3404 (uterque
793 3305 898 3381 autem
919 3317 1133 3380 sacerdotibus

104 3423 262 3513 lleliopoli
278 3436 310 3489 et
325 3424 464 3512 blemphi
476 3437 508 3490 et
519 3424 635 3490 Thebis
648 3427 679 3491 in
692 3449 869 3490 sermonem
881 3424 1000 3490 vertisse
1012 3423 1130 3511 lertur)
1228 3463 1235 3472 -

104 3533 266 3621 accepisse
285 3535 373 3598 acab
395 3532 454 3598 illis
473 3534 583 3618 dicunt
601 3558 654 3599 eos
671 3535 813 3599 homines
831 3535 933 3597 baisse.
956 3532 1133 3597 Herodotus

104 3643 235 3732 quidem
252 3642 298 3707 sio
313 3641 454 3730 loquitur
467 3667 475 3708 ε
492 3673 504 3704 α
517 3645 663 3723 Quorum
675 3644 770 3732 igitur
780 3655 869 3709 erant
882 3643 1048 3730 imagines
1057 3641 1132 3707 tales

105 3775 189 3818 »cos
211 3752 467 3818 demonstrabant
489 3754 595 3831 luisse,
620 3777 636 3818 a
654 3755 712 3818 diis
728 3765 833 3819 autem
854 3753 945 3842 longe
961 3753 1129 3824 distantes;
1176 3767 1178 3770 “

13 3939 14 3956 ¹
105 3891 118 3924 a
134 3863 192 3927 sed
206 3876 278 3928 ante
290 3862 348 3928 hos
360 3862 515 3939 homines,
530 3865 605 3930 deos
617 3863 648 3928 in
661 3863 797 3953 AEgypto
814 3885 970 3952 regnasse,
988 3885 1047 3927 nee
1060 3883 1133 3925 eram
