2640 4622
272 377 421 425 ursaceus
445 379 507 425 coa
531 377 693 424 rnrraore
715 378 829 422 sunno.
1002 355 1064 443 595

20 477 110 556 ltere
129 499 165 553 ut
182 485 226 554 illl
241 497 468 576 exposuerunt,
480 486 548 560 sed,
564 468 670 552 «Ecce
685 482 917 552 adolescentula
933 485 965 548 in
977 494 1067 549 utero

19 623 39 660 s
57 597 208 662 habebit.
222 625 236 660 s
250 596 349 676 Quasi
361 615 435 660 vero
446 618 496 660 res
507 611 629 682 magnae
639 591 904 682 significarentur,
918 593 942 657 si
954 590 1068 656 mulier

18 724 68 768 ex
81 701 261 770 concubitu
277 704 414 793 paritura
430 712 527 775 casote
546 702 631 788 quod
643 701 782 789 juniores
796 692 905 766 omncs
917 699 1065 766 mulieres

18 809 172 887 faciunt,
193 814 329 900 exceptis
348 809 521 884 sterilibus;
543 831 735 900 quamquam
756 821 790 875 ut
809 811 875 890 istae
894 810 989 875 etiam
1008 831 1067 898 pa-

24 920 120 984 riant
141 929 246 1008 potest
265 921 348 986 Deus
368 919 505 996 efficere,
527 921 552 985 si
575 918 659 985 velit.
685 918 838 984 Samuelis
859 919 944 984 enim
963 927 1066 981 mater

25 1049 112 1094 cum
134 1051 200 1092 non
218 1040 354 1117 pareret,
377 1029 435 1094 Dei
455 1026 615 1094 voluntate
633 1029 782 1116 peperit:
811 1023 856 1092 sic
873 1027 967 1092 etiem
988 1047 1066 1089 uxor

25 1135 189 1209 Abrahae,
211 1136 310 1200 sancti
332 1133 414 1201 illius
432 1135 631 1224 patriarcha,
653 1144 685 1199 ct
702 1131 877 1208 Elizahcth,
893 1131 1068 1219 quaelcun-

24 1265 110 1306 nem
124 1243 298 1331 Baptistem
310 1245 431 1331 genuit,
447 1255 478 1308 et
490 1245 634 1331 quaedum
645 1239 713 1308 sliae
726 1239 878 1306 similiter.
898 1241 1067 1328 Quaprop-

27 1361 84 1412 ter
104 1349 185 1416 nihil
204 1352 333 1416 omnino
352 1352 502 1440 suspicari
523 1346 655 1424 debetis,
676 1350 762 1438 quud
781 1371 845 1413 non
869 1347 966 1436 possit
983 1347 1066 1412 Deus

28 1457 156 1534 secere,
173 1461 198 1524 si
214 1458 296 1525 velit.
316 1459 473 1548 Imprimis
484 1479 559 1524 vero
572 1481 646 1526 oum
662 1459 850 1548 praedietum
867 1457 906 1522 sit
918 1457 959 1522 ita
971 1476 1067 1520 eveu-

28 1573 157 1640 turum,
175 1589 216 1630 uc
232 1567 412 1656 prophetias
429 1565 609 1632 adulterare
626 1577 681 1631 aut
696 1586 791 1656 prave
810 1564 1068 1653 interpretatione

31 1672 226 1761 detorquere
239 1675 395 1748 audentius
411 1676 436 1740 si
447 1675 576 1763 quidem
587 1674 676 1740 robis
689 1674 837 1762 injuriam
849 1670 921 1738 solis
933 1671 1065 1746 facietis,

31 1779 143 1846 Deum
156 1791 263 1846 autem
278 1779 356 1846 nihil
372 1780 502 1847 laedetis.

82 1885 247 1955 LXXXV.
272 1891 375 1976 Atque
395 1891 457 1957 hoc
474 1892 569 1957 etiam
589 1892 785 1969 vaticinium,
808 1891 944 1958 «Tollite
961 1902 1067 1980 portas

37 2025 51 2058 s
66 1997 227 2086 principes
241 2011 372 2075 vestras,
389 2011 421 2066 et
436 2001 601 2069 elevamini
612 2013 710 2092 portae
722 2002 897 2078 eternales,
914 2014 949 2067 ut
962 2002 1068 2091 ingre-

37 2131 52 2164 »
68 2103 175 2168 diatur
188 2127 243 2170 rex
257 2105 363 2194 gloriae
374 2106 398 2182 ¹,
411 2135 424 2170 ι
439 2108 568 2196 quidam
582 2131 621 2175 ex
636 2111 724 2176 vobis
739 2111 779 2175 ud
794 2110 962 2176 Ezechiam
974 2111 1068 2174 iuter-

36 2212 195 2299 pretaudo
207 2213 394 2303 detorquere
406 2215 540 2289 audents
559 2215 610 2281 clii
627 2217 667 2282 ad
681 2217 898 2291 Salomonem
918 2237 992 2282 cum
1008 2235 1068 2282 aec

37 2321 72 2386 in
89 2321 175 2388 hunc
189 2343 249 2390 nec
264 2325 295 2390 ia
312 2323 413 2401 illum,
435 2347 495 2392 uec
514 2327 546 2391 in
565 2325 666 2392 ullum
686 2329 815 2396 omnino
831 2326 928 2392 aliurn
942 2349 981 2391 ex
996 2349 1066 2391 res-

37 2431 96 2495 tris
112 2433 236 2520 regibus
252 2414 372 2510 dictum
391 2457 459 2500 esse
474 2436 682 2502 demonstrari
697 2439 807 2525 possit,
824 2437 879 2502 sed
895 2447 1017 2502 tautum
1034 2435 1066 2500 iu

41 2549 184 2605 nostrum
203 2541 290 2608 hunc
310 2543 483 2620 Christum,
506 2543 559 2631 qui
579 2545 721 2610 iolormis
743 2555 775 2610 et
797 2543 947 2632 inglorius
969 2565 1066 2631 appa*

40 2645 116 2721 ruit,
133 2657 168 2709 ut
182 2646 288 2712 Esaias
302 2658 334 2712 ct
349 2647 449 2713 Bavid
464 2659 497 2712 et
510 2647 682 2736 scripture
698 2671 807 2714 omnes
821 2659 992 2719 restaurare
1012 2647 1066 2735 qui

39 2754 192 2822 Dominus
206 2768 253 2823 est
268 2757 419 2822 virtutum
434 2778 492 2846 per
505 2757 699 2827 voluntatem
711 2757 810 2822 Patris
826 2758 888 2824 hoc
903 2759 932 2820 ci
944 2758 1063 2828 dontius

40 2863 94 2952 qui
106 2887 144 2929 ux
153 2865 286 2931 mortuis
296 2867 392 2931 etiam
402 2868 572 2932 resurrexit
583 2866 765 2932 etuscendit
776 2868 808 2930 in
821 2864 1068 2964 coelum,que1n-
1083 2949 1090 2960 ι

42 2973 212 3038 admodum
227 2987 259 3038 et
272 2973 414 3040 Pselmus
428 2986 460 3040 et
475 2987 596 3040 ceteras
611 2973 784 3061 Scripturae
795 2967 1066 3054 demonstrabant,

44 3101 176 3165 eumque
194 3079 366 3146 Dominum
387 3083 540 3147 virtutum
558 3082 799 3170 praedicabant:
823 3079 855 3144 id
874 3081 959 3167 quod
977 3081 1065 3147 vohis

46 3188 137 3250 etiam
152 3209 238 3252 nunc
254 3189 343 3254 lacile
360 3202 419 3266 est,
436 3211 475 3256 ex
486 3189 536 3266 his
549 3213 619 3279 quse
633 3191 665 3255 in
680 3191 822 3256 omnium
836 3189 934 3256 oculis
948 3213 1066 3279 gerun-

48 3307 109 3370 tur,
125 3297 314 3385 perspicere,
331 3300 356 3362 si
371 3298 480 3366 velitis.
504 3299 583 3367 llam
597 3322 655 3389 per
669 3321 786 3364 nomen
803 3299 898 3387 ipsius
914 3297 995 3363 illius
1011 3297 1068 3363 lilii

45 3403 112 3478 Dei,
132 3415 164 3468 et
183 3405 285 3471 omnis
306 3417 457 3472 creaturae
475 3409 690 3497 primogeniti,
712 3409 767 3496 qui
785 3431 824 3473 ex
841 3408 960 3494 virgine
976 3417 1070 3478 natus.

46 3523 101 3586 cst,
117 3522 149 3576 et
163 3510 260 3578 homo
275 3514 529 3602 perpessiouihus
542 3517 696 3582 obnoxius
707 3517 821 3592 factus,
841 3524 873 3580 et
886 3516 944 3580 sub
956 3515 1068 3580 Pontio

47 3618 139 3686 Pilato
154 3643 171 3684 a
186 3619 305 3711 populo
321 3631 425 3688 vestro
437 3623 619 3699 crucifixus,
635 3635 667 3689 et
681 3634 826 3690 mortuus
837 3634 897 3699 est,
914 3643 951 3690 ac
962 3644 1068 3690 resur-

47 3729 120 3794 rexit
129 3751 167 3794 ex
176 3732 309 3798 mortuis
321 3742 353 3798 et
365 3733 508 3799 ascendit
518 3733 550 3799 in
561 3731 690 3810 eoelum,
704 3733 893 3800 daemonium
906 3733 1069 3822 quodlibet

47 3836 219 3925 adjuratum
235 3841 371 3907 vincitur
386 3851 417 3908 et
432 3842 608 3932 subjicitur.
625 3841 659 3910 Si
675 3863 750 3910 vero
765 3863 822 3932 per
836 3863 953 3912 nomen
968 3842 1067 3932 quod-

79 3967 157 4018 ¹Psnl.
171 3984 243 4030 ιιιιι,
254 3988 278 4034 7.
