2640 4622
334 245 399 322 450
631 263 743 307 sascrr
767 265 885 308 susurru
910 265 1057 308 usarrars

334 383 398 445 tur,
415 367 519 434 alcsu
530 369 702 434 secundam
718 369 995 436 circumcisionem
1009 366 1105 432 cultris
1116 363 1248 452 lapideisda

332 478 499 566 accepisse.

376 583 488 652 CXIV.
518 584 683 654 Interdum
705 584 791 650 enim
817 584 954 672 Spiritus
976 595 1098 648 sanclus
1116 583 1249 646 efficiatum

330 693 415 759 clare
429 687 547 780 aliquid
563 704 596 756 et
610 704 719 780 aperte
734 692 824 758 lieret
839 692 927 780 quod
941 691 1070 780 quidem
1085 689 1168 777 imago
1181 710 1248 754 usta-

329 803 391 868 turi
406 825 414 866 :
432 801 591 866 interdum
607 812 714 870 autem
729 813 762 866 et
778 823 939 869 sermones
956 799 1157 888 pronuntiarit
1167 799 1195 860 dc
1205 799 1247 860 lotar

327 913 434 985 rebus,
454 911 495 974 ita
513 932 567 974 eos
583 909 792 996 pronuntians
810 911 900 995 quusi
919 911 986 995 jam
1010 922 1078 972 tum
1095 929 1138 970 res
1153 904 1246 968 iccata·

325 1021 421 1084 ctiam
432 1019 521 1082 sacta
534 1017 675 1082 luissent.
696 1017 802 1095 Quam
812 1030 913 1082 artem
925 1019 986 1082 nisi
1004 1015 1245 1104 legantespenpitu

324 1125 508 1215 prophetica
519 1126 628 1197 rerba.
642 1135 677 1188 ut
687 1147 744 1211 par
754 1135 813 1200 est,
826 1126 948 1214 assequi
961 1147 1030 1188 non
1041 1132 1180 1210 poterunt.
1190 1121 1246 1182 aa.

323 1236 421 1324 gratia
441 1233 600 1323 proferam
618 1234 711 1298 verba
731 1233 876 1318 quaedam
896 1232 1098 1320 prophetica,
1119 1240 1149 1290 ut
1165 1227 1242 1312 quala·

321 1343 538 1431 assequamini.
555 1341 637 1406 Cum
647 1339 726 1405 dicit
737 1363 793 1428 por
804 1339 946 1406 Esaiam:
965 1341 1061 1427 «lpse
1074 1351 1195 1424 tanquan
1203 1357 1245 1396 usa

322 1479 334 1510 ι
348 1451 539 1517 occisionem
551 1449 666 1513 ductus
678 1461 738 1523 est,
755 1459 787 1512 et
803 1447 888 1512 velut
900 1471 1001 1536 agnus
1015 1469 1122 1513 coram
1132 1444 1232 1508 tondrrr'

320 1559 362 1622 ita
382 1558 458 1622 dicit
480 1555 567 1643 quasi
590 1555 656 1641 jam
678 1567 882 1644 perageretur
903 1557 1018 1642 passio.
1045 1553 1157 1620 Rursus
1174 1568 1239 1614 uus

328 1663 493 1752 ‹Expandi
509 1683 620 1726 manus
635 1683 720 1724 meas
734 1659 775 1724 ad
788 1659 940 1748 populum
956 1685 1024 1726 non
1040 1659 1244 1726 credentenrtu

319 1800 331 1830 s
346 1770 551 1834 tradicentem
561 1766 588 1840 ’ς
603 1795 616 1828 s
637 1767 725 1840 item,
743 1765 897 1830 «Domine
909 1769 980 1854 quis
993 1763 1243 1832 crediditaudituis·

319 1876 414 1941 »tro'
425 1877 463 1940 t»
479 1877 520 1940 ita
536 1874 605 1940 hac
617 1873 768 1940 dicuntur
778 1875 866 1962 quasi
882 1897 932 1940 res
943 1888 1108 1944 anteactas
1118 1867 1237 1940 auctieut·l

317 1989 412 2052 ctiam
428 1985 638 2052 demonstrari
655 2008 736 2072 saepe
754 1985 914 2051 Christum
930 1988 970 2051 ab
987 2011 1028 2052 ao
1040 1980 1240 2052 insimilitudine

318 2093 424 2180 pidem
446 2091 561 2166 vocari,
585 2102 617 2154 at
635 2114 692 2178 per
715 2089 921 2179 tropologiam
944 2093 1107 2163 «Iacobum
1128 2103 1154 2156 et
1170 2082 1238 2152 tacu

316 2201 435 2264 Rursus
458 2221 532 2268 cum
556 2199 653 2264 dicit:
678 2197 824 2265 «Videbo
843 2197 939 2264 coelus
960 2213 1034 2265 tuos
1057 2223 1148 2288 opera
1165 2195 1239 2280 lintre

315 2337 327 2368 ι
343 2321 470 2372 tuorum
481 2309 507 2378 ‘t
524 2307 608 2372 »nisi
625 2309 757 2372 verbum
773 2309 842 2394 ejus
856 2307 1028 2396 intelligam
1046 2295 1236 2402 operationufl

315 2408 464 2504 sipienter
480 2413 664 2502 intelligam,
688 2415 955 2502 quemadmodum
974 2414 1134 2505 magistris
1151 2419 1235 2484 small

313 2533 375 2597 cet,
392 2523 446 2610 qui
458 2545 570 2588 manus
585 2535 616 2588 et
628 2522 723 2610 pedes
738 2534 770 2586 et
786 2522 899 2612 digitos
913 2534 945 2588 at
960 2526 1103 2590 animam
1114 2517 1236 2588 habendi

311 2630 453 2696 animalis
469 2630 635 2718 compositi
647 2630 826 2696 existimant
837 2641 1000 2719 parentem
1012 2615 1239 2698 universorum

311 2729 452 2824 genitum
467 2737 583 2811 Deum,
598 2746 631 2800 et
647 2736 767 2802 idcirco
780 2738 882 2802 visum
896 2761 964 2804 esse
978 2727 1242 2804 Abmhnmoatar

310 2847 412 2932 ipsum
430 2846 555 2911 Patrem
573 2845 699 2910 docent.
722 2845 874 2912 Praeclare
892 2869 967 2934 ergo
987 2847 1020 2910 in
1039 2847 1132 2912 nobis
1145 2839 1243 2928 agitutl

311 2954 418 3020 cultris
444 2955 573 3048 lapideis
597 2955 776 3021 circumcisi
796 2979 903 3022 sumus
922 2959 1063 3023 secunda
1083 2945 1243 3023 circundas

309 3061 411 3128 Prima
427 3064 511 3130 enim
528 3063 580 3129 illa
596 3077 697 3129 vestra
713 3064 797 3129 serre
812 3051 938 3153 peracta
954 3077 1001 3130 est
1017 3077 1050 3130 et
1061 3061 1208 3154 peragiturt
1218 3049 1248 3110 lt*

307 3170 392 3234 enim
407 3172 503 3237 eorde
518 3173 720 3260 permanetis.
736 3173 850 3239 Nostra
862 3186 968 3238 sutem
979 3171 1180 3240 circumcisio,
1188 3173 1250 3248 qua-³·

308 3279 411 3346 cunda
426 3303 559 3346 numero
576 3294 647 3370 post
662 3293 798 3348 vestram
813 3283 954 3347 instituta
968 3295 1027 3358 est,
1045 3307 1104 3371 per
1117 3273 1208 3365 lapidas
1219 3286 1248 3324 a·

306 3397 366 3460 tos,
383 3387 491 3460 idest,
507 3410 565 3476 per
581 3411 741 3454 sermones
759 3388 982 3476 Apostolorum
999 3390 1112 3455 summi
1129 3383 1194 3450 iltius
1205 3391 1250 3452 tfll'

305 3491 377 3558 laris
400 3494 511 3582 lapidis
532 3509 565 3561 et
586 3497 652 3561 sine
675 3497 821 3561 manibus
843 3499 984 3573 abscissi.
1008 3491 1247 3564 circumciditur·

305 3600 546 3668 simulacrorum
558 3603 645 3670 cultu
658 3614 690 3669 ct
705 3605 745 3669 ab
760 3605 846 3669 omni
863 3629 989 3694 prorsus
1001 3608 1154 3694 pravitate.
1171 3595 1249 3672 Quone

304 3709 398 3772 corda
410 3709 451 3772 ita
465 3723 537 3776 sunt
548 3713 699 3799 pravitate
710 3713 911 3790 circumcisa,
923 3729 960 3779 ut
973 3715 1035 3780 laeti
1047 3726 1168 3780 mortam
1178 3707 1246 3788 oppa

335 3828 417 3877 Ἐ’ίῖ·
431 3847 483 3890 ΜΗ,
493 3849 515 3894 7·
527 3861 558 3870 -·
569 3831 579 3864 ²
590 3833 655 3882 Etai-
668 3849 721 3894 ut,
736 3851 756 3882 ².
768 3835 817 3872 -⁸
828 3835 894 3884 lleri.
908 3854 958 3896 ιιιι,
972 3853 991 3884 ι.
1004 3866 1033 3874 -
1043 3839 1052 3870 ί
1064 3837 1124 3887 Pssl.
1134 3827 1200 3883 cut·
1254 3857 1255 3867 ί
