2704 4646
256 201 317 268 160
552 218 663 262 sancrr
687 217 806 260 rusruo
832 215 986 260 uaarrars

254 349 319 394 uon
344 323 492 416 potuerit.
520 321 723 390 Telamonius
746 320 799 390 ille
823 322 922 410 Aiax,
949 321 1175 413 septemplicis
1203 317 1317 408 clypei

255 446 406 525 gestator,
419 433 539 522 judicio
553 416 641 522 quod
655 432 695 498 de
710 432 806 497 armis
821 429 965 497 Achillis
976 430 1131 498 aduersus
1150 427 1315 516 Ulyssem

255 543 448 623 intenderat,
474 553 658 630 superatus,
682 540 790 606 surore
812 539 1053 629 corripiebatur.
1082 542 1168 606 Haec
1197 539 1314 604 doceri

256 649 341 718 nole.
363 643 434 716 Non
450 648 536 714 enim
551 649 591 713 de
606 646 660 714 tali
675 648 793 714 virtute
808 647 982 723 contendo,
999 660 1035 712 ut
1049 648 1194 722 Homeri
1213 645 1315 711 saba·

256 751 293 824 lis
308 755 406 822 iidem
424 758 592 844 praebeam.
611 757 667 822 Est
686 755 773 823 enim
787 765 854 824 tota
871 754 1053 844 rhapsodia,
1076 779 1116 822 ac
1137 754 1267 822 Iliadis
1283 769 1314 816 et

257 865 407 952 Odyssea
421 864 613 952 principium
628 885 667 930 ao
682 864 754 930 finis
768 863 893 930 mulier.

157 989 164 1000 “
301 973 342 1038 ll.
362 971 427 1039 Sed
440 973 592 1060 qnoniam
605 983 677 1060 post
692 973 868 1038 Homerum
882 972 1039 1040 Hesiodus
1056 995 1152 1062 opera
1180 983 1223 1038 ct
1245 973 1313 1037 dies

259 1079 459 1169 conseripsit,
476 1081 546 1168 quis
561 1081 675 1170 nugaci
689 1082 759 1168 ejus
773 1079 965 1170 Theogonis
980 1082 1193 1148 assentietur?
1203 1082 1313 1149 Aiunt

257 1188 432 1256 Saturnum
444 1187 524 1254 Coeli
535 1187 639 1254 filium
650 1189 824 1278 imperium
834 1191 917 1278 patri
928 1191 1110 1278 abrogasse,
1122 1203 1157 1256 et
1171 1201 1311 1279 sceptra

259 1297 401 1385 cepisse:
416 1318 554 1384 cumque
569 1306 658 1362 ortus
672 1297 702 1360 ei
717 1306 823 1364 metus
838 1309 921 1362 esset
936 1321 977 1362 ne
989 1295 1101 1362 similia
1116 1309 1308 1386 pateretur,

258 1406 293 1474 tu
308 1405 451 1472 animum
468 1405 629 1472 induxisse
645 1402 761 1472 liberos
782 1406 952 1472 comedere
969 1429 979 1472 t
996 1405 1054 1472 sed
1069 1405 1206 1482 lovem,
1229 1429 1310 1472 cum

261 1514 416 1580 Curetum
432 1511 558 1578 solertia
572 1513 659 1578 furto
678 1512 821 1580 sublatus
836 1525 920 1580 esset
937 1526 972 1579 et
991 1512 1149 1591 latuisset,
1163 1515 1309 1582 vinculis

256 1635 383 1712 patrem
398 1622 642 1690 constrinxisse:
661 1645 700 1690 ac
715 1624 897 1712 partitione,
909 1633 947 1690 'ut
957 1625 1058 1703 aiunt,
1070 1626 1169 1702 lacta,
1186 1626 1308 1694 torem

259 1731 390 1820 quidem
405 1731 523 1798 aetbere
538 1731 676 1820 potitum
691 1755 759 1798 esse
767 1757 777 1806 t
795 1733 983 1822 Neptuntrt‘n¹
994 1746 1102 1806 autam
1114 1737 1303 1824 prolund03

259 1851 293 1908 at
306 1832 475 1908 Plutonem
489 1838 606 1906 inlares
620 1862 681 1928 pro
695 1862 752 1906 sua
768 1841 914 1928 portione
926 1842 1071 1908 sortitum
1082 1865 1164 1908 esse.
1177 1841 1307 1909 Verum

129 1941 133 1946 ’
259 1946 354 2012 Pluto
369 1947 499 2033 quidem
515 1945 633 2024 Geren,
647 1948 739 2014 idest
751 1949 1000 2038 Proserpinam,
1016 1952 1121 2041 rapuit
1135 1975 1145 2018 s
1159 1963 1193 2019 et
1207 1953 1308 2019 Ceres

225 2137 227 2144 y
261 2078 320 2146 per
334 2055 458 2122 deserta
471 2079 594 2133 errans,
613 2056 712 2124 liliam
727 2063 900 2147 querebat.
927 2061 1033 2150 Atque
1053 2063 1140 2131 banc
1158 2064 1308 2130 salsulam

262 2165 296 2232 in
310 2163 410 2230 altum
424 2163 505 2252 ignis
520 2162 699 2246 Eleusinios
714 2165 836 2234 extulit.
851 2167 923 2235 Alia
935 2181 1041 2236 autem
1055 2193 1095 2236 ex
1108 2183 1203 2260 parte
1217 2172 1307 2260 Nep-

261 2269 553 2361 tunusllalanippae
564 2274 722 2362 pudorem
733 2277 850 2364 rapuit,
860 2277 937 2344 dum
948 2275 1000 2344 illa
1009 2292 1201 2367 oqueretur:
1212 2281 1306 2368 quin-

262 2380 359 2446 etiam
374 2382 468 2448 turba
480 2381 651 2448 Nereidum
663 2403 728 2450 non
740 2405 915 2473 paucerum
935 2387 1053 2452 ebusus
1069 2399 1143 2452 est:
1162 2411 1306 2477 mum

263 2489 392 2558 nomina
406 2490 432 2554 si
448 2513 750 2567 commemoremus,
769 2477 918 2582 magnam
934 2495 1104 2562 verborum
1118 2493 1308 2561 multitudi-

263 2620 339 2666 nem
360 2620 629 2666 consumeremus.
660 2598 711 2666 Ad
731 2599 846 2666 lovem
871 2613 980 2668 autem
1006 2602 1094 2689 quod
1116 2603 1248 2677 attinet,
1279 2605 1307 2666 is

264 2707 371 2775 multis
385 2709 489 2776 modis
504 2706 641 2784 adulter,
655 2710 688 2776 in
703 2709 852 2799 Antiope,
869 2722 905 2776 ut
920 2722 1059 2798 satyrum
1080 2712 1116 2776 in
1129 2711 1252 2786 Danae,
1266 2725 1307 2774 ut

185 2811 198 2829 '
263 2839 379 2883 aurum
397 2840 406 2884 ε
424 2818 457 2884 in
476 2819 617 2906 Europa,
641 2830 751 2884 taurus
771 2830 840 2884 erat
858 2843 866 2885 :
884 2819 971 2908 apud
988 2819 1108 2886 Ledam
1127 2841 1219 2896 vero,
1237 2819 1305 2885 alas

259 2928 420 2993 sumebat.
436 2925 516 2992 Nam
531 2923 672 2991 Semeles
687 2949 790 3001 amor,
803 2939 835 2991 et
846 2928 916 3014 ejus
928 2924 1148 3013 petulantiam,
1159 2929 1306 3016 etipsius

266 3035 406 3103 Semeles
427 3033 617 3124 zelotypiam
640 3035 794 3124 coarguit.
817 3035 860 3102 At
882 3034 1103 3123 Ganymedem
1127 3036 1305 3126 Phrygem,

267 3167 325 3214 eeu
340 3145 458 3220 ferunt,
475 3156 511 3210 ut
529 3144 690 3232 pincernae
704 3141 810 3208 officio
826 3141 1025 3231 fungeretur,
1041 3143 1157 3232 rapuit.
1176 3143 1227 3210 Aa
1245 3143 1308 3208 Su-

198 3250 207 3263 ’
267 3255 363 3322 turnii
380 3254 509 3344 quidem
522 3253 566 3317 ita
581 3273 615 3317 se
630 3262 804 3340 gesserunt.
823 3249 993 3318 detester
1013 3248 1066 3330 ille
1086 3249 1247 3324 Letoides,
1268 3253 1307 3316 id

266 3381 312 3431 ass
327 3363 459 3452 Apollo,
474 3361 528 3451 qui
543 3359 649 3448 magui
664 3371 712 3452 est
727 3359 877 3433 nominis,
891 3380 965 3424 cum
978 3359 1099 3428 seartis
1109 3359 1305 3426 vaticinandi

266 3475 404 3564 peritum
420 3470 579 3561 professus
594 3477 690 3544 esset,
706 3467 843 3556 seipsum
859 3466 1016 3533 mendacii
1032 3466 1214 3534 convictum
1224 3467 1308 3532 red-

267 3583 356 3650 didit.
374 3580 541 3669 Daphnem
557 3579 734 3646 enimcum
748 3587 1005 3668 persequeretur,
1018 3599 1090 3642 cam
1106 3598 1171 3644 non
1186 3585 1235 3641 est
1251 3597 1305 3640 ss-

230 3753 233 3758 .
269 3704 418 3781 sequutus
438 3714 446 3756 =
467 3702 500 3756 et
521 3687 660 3755 AEucidae
677 3685 769 3754 illum
784 3685 941 3752 sciscitato
958 3696 1097 3751 mortem
1115 3683 1304 3750 vaticinatus

267 3823 331 3867 non
346 3812 404 3866 est.
420 3799 499 3864 Nam
514 3797 660 3862 Minervas
676 3792 763 3860 virile
775 3793 845 3860 vitae
861 3815 974 3881 genus,
984 3790 1118 3878 Dionysi
1131 3788 1301 3860 muliebre.
