2630 4614
328 219 450 264 cosrna
472 215 592 262 euneos
615 217 740 260 orario.
1024 220 1041 281 7

43 329 189 394 ciniores
204 339 294 392 terrae
309 349 405 415 qnam
416 324 502 400 luna,
519 326 648 413 ejusque
663 325 740 390 orbe
756 323 930 400 inferiores,
947 325 1041 390 rebus

46 437 251 524 providentia
271 435 400 500 desertis
419 432 591 523 provident.
615 433 738 512 Quibus
756 443 863 498 autent
878 453 942 496 non
957 431 1044 496 adest

42 544 239 620 ulchritudo,
255 567 319 608 non
334 541 460 616 divitiae,
479 564 543 607 non
561 541 659 605 robur
676 540 828 629 eorporis,
849 563 913 606 non
929 537 1045 604 nohili-

42 676 80 726 rs‚
103 653 145 715 ab
167 650 205 714 iis
223 651 312 715 abest
330 647 504 715 secundum
522 645 720 713 Aristotelem
734 645 874 713 felicitas.
899 646 948 714 dc
966 645 1044 713 tales

42 759 154 823 uidem
169 756 313 824 homines
327 753 597 845 philosophentur.

64 867 123 932 lll.
142 865 335 932 Heraclitum
350 866 434 930 enim
446 861 574 929 minime
585 865 796 953 probaverim,
812 866 867 954 qui
877 851 1044 930 comesset

53 976 160 1062 seipso
175 975 288 1040 doctus
302 984 334 1039 et
349 996 508 1062 arrogans,
524 973 649 1039 dicebat
662 995 670 1036 s
691 975 779 1062 «Ego
794 973 859 1063 ipse
874 997 928 1038 me
941 975 1045 1040 inves-

44 1082 183 1171 ligavi.»
201 1081 269 1154 Nec¹
285 1080 476 1147 laudaverim
494 1081 579 1170 qnod
600 1103 729 1148 carmen
748 1081 780 1145 in
800 1080 916 1170 templo
936 1081 1044 1148 Diana
1133 1131 1141 1142 .

42 1191 241 1266 ccultaverit,
261 1201 295 1256 ut
314 1201 420 1279 postea
434 1191 532 1254 instar
547 1190 687 1277 mysterii
705 1187 862 1254 ederetur.
884 1188 964 1255 Nam
979 1191 1046 1278 qui-

43 1325 83 1365 us
99 1301 158 1364 ista
174 1323 258 1366 curae
273 1312 358 1374 sunt,
377 1299 399 1364 ii
414 1296 596 1386 Euripidem
610 1298 764 1386 tragicum
780 1296 903 1373 dicunt,
920 1320 992 1362 cum
1008 1322 1046 1363 eo

42 1409 191 1473 entitaret
205 1419 236 1472 et
251 1406 379 1496 legeret,
395 1403 555 1470 memorie
569 1403 721 1493 paulatim
735 1402 886 1470 Heracliti
901 1406 1045 1470 tenebras

41 1514 191 1604 iligenter
205 1513 378 1579 tradidisse.
400 1513 502 1599 Hujus
518 1523 625 1576 antem
638 1511 828 1601 imperitiam
842 1535 928 1578 mors
944 1511 1047 1577 redar-

42 1625 99 1688 uit.
123 1624 214 1712 Aqua
229 1624 314 1688 enim
332 1623 487 1686 intercute
504 1631 679 1707 correptus,
702 1643 775 1692 cum
793 1620 983 1685 medicinam
997 1643 1049 1685 eo-

42 1756 99 1797 em
109 1731 206 1797 modo
219 1754 256 1796 ac
266 1729 495 1819 philosophiam
507 1740 738 1817 pertractasset,
752 1753 846 1818 seque
858 1729 1047 1796 stereoribus

44 1863 125 1902 oum
141 1829 396 1912 circumlevisset,
418 1835 652 1929 fimoaindurato
670 1859 708 1902 ac
723 1847 824 1902 totum
840 1860 954 1926 eorpus
968 1861 1047 1903 con-
1154 1901 1157 1906 ,

42 1944 162 2010 ellente
177 1943 363 2010 dilaceratus
378 1945 505 2009 interiit.
528 1944 636 2032 Neque
651 1945 746 2009 etiam
758 1944 931 2011 audiendus
946 1943 1047 2021 Zeno,

42 2056 81 2142 ui
92 2078 150 2142 per
162 2053 439 2142 conflagrationem
451 2036 634 2141 pronuntiat
648 2051 775 2118 eosdem
786 2077 893 2118 rursus
904 2054 1046 2120 homines

42 2162 67 2226 d
82 2161 193 2226 eadem
209 2183 384 2250 resurgere,
404 2158 510 2236 idest,
532 2160 671 2247 Anytum
685 2171 718 2224 et
733 2158 873 2226 Melitam
891 2161 931 2226 ad
949 2185 1045 2228 acen-

42 2267 171 2343 andum,
186 2265 323 2338 Busirim
336 2265 376 2330 ad
389 2265 525 2353 hospites
538 2264 708 2340 necandos,
723 2264 891 2331 Herculem
904 2265 944 2331 ad
959 2291 1044 2356 repe-

42 2377 136 2442 endos
151 2375 358 2441 certaminum
373 2374 505 2440 labores.
525 2375 588 2453 Qui
603 2375 730 2462 quidem
746 2376 778 2440 in
793 2376 854 2443 hac
868 2377 1044 2467 eonllagrn-

42 2489 118 2554 ionis
137 2489 257 2554 ratione
276 2485 381 2575 plures
400 2486 521 2551 inducit
541 2485 699 2573 improbos
721 2509 815 2574 quam
834 2488 947 2574 justos,
970 2493 1044 2553 cuni

44 2619 106 2660 nus
125 2605 246 2660 tantum
264 2593 408 2660 Socrates
427 2594 533 2668 fuerit,
554 2617 635 2658 unus
654 2592 818 2669 Hercules,
840 2606 871 2658 et
890 2593 942 2658 alii
957 2597 1043 2681 ejus-

42 2701 113 2768 aodi
126 2725 192 2771 non
210 2698 299 2766 multi
319 2700 504 2776 exstiterint,
525 2700 580 2766 sed
599 2701 701 2789 pauci.
724 2698 796 2765 lllali
811 2701 896 2765 enim
915 2701 1042 2766 omnino
1120 2743 1127 2748 -

45 2812 128 2875 lures
144 2810 356 2884 inveniuntur,
372 2831 467 2896 quam
482 2809 568 2873 boni.
585 2808 671 2874 Dens
688 2831 813 2896 quoqne
827 2807 983 2874 malorum
997 2833 1042 2876 se·

42 2918 166 2982 ¹undum
179 2916 268 2981 illurn
288 2928 397 2982 auctor
414 2937 481 2982 esse
500 2914 766 3002 deprehendetur,
786 2925 819 2978 et
833 2915 865 2980 in
881 2912 994 2981 cloacis
1009 2929 1042 2982 et

42 3025 182 3088 'ermihus
193 3033 225 3087 et
236 3022 368 3087 nefanda
380 3022 574 3110 patrantibus
585 3021 711 3086 versari.
726 3021 924 3110 Empedoclis
934 3035 1041 3091 autem

42 3133 235 3220 irrogantiam
253 3131 332 3220 ignis
346 3132 379 3196 in
399 3130 504 3197 Sicilia
524 3131 704 3219 eruptiones
725 3146 946 3221 coarguerunt,
966 3137 1038 3224 quia

42 3265 103 3307 :um
113 3241 195 3306 Deus
210 3263 273 3306 non
289 3250 381 3315 esset,
397 3262 509 3329 parum
523 3239 622 3305 abfuit
634 3241 709 3328 quin
720 3264 753 3306 se
763 3241 866 3307 Deum
877 3265 944 3307 esse
954 3265 1041 3310 men-

43 3353 147 3416 irctur.
165 3347 264 3414 Rideo
278 3348 372 3413 etiem
385 3347 575 3436 Pherecydis
588 3347 683 3414 aniles
699 3347 830 3424 fabulas,
852 3360 884 3415 et
898 3352 967 3437 ejus
983 3353 1039 3418 de-

42 3470 184 3526 :retorum
202 3456 411 3545 Pythagoram
429 3454 599 3530 haeredem,
618 3467 651 3520 et
669 3453 845 3531 Platonem,
866 3457 985 3524 etiamsi
1006 3459 1038 3526 id

42 3579 140 3657 tegent
154 3563 309 3639 nonnulli,
331 3565 528 3630 imitatorem.
550 3564 629 3642 Quis
644 3576 750 3634 autem
764 3564 890 3631 caninas
905 3565 1037 3635 Cratetis

42 3679 149 3766 nuptias
166 3675 343 3742 testimonio
362 3698 419 3740 sno
438 3676 702 3763 comprobaverit;
725 3697 763 3742 ac
781 3698 844 3740 non
861 3677 964 3765 potins
982 3701 1034 3743 re-

42 3797 110 3851 ecta
131 3785 196 3872 ejus
216 3781 362 3860 similium
382 3782 537 3870 arroganti
558 3780 673 3872 linguar
690 3783 820 3860 insania,
840 3783 929 3851 adid
951 3787 1038 3871 qnod
