2640 4622
263 305 412 349 ursaceus
436 303 497 346 cuu
517 299 682 344 rnurnonn
704 297 818 365 sunno.
987 271 1051 349 455

16 410 234 499 deponentes,
256 409 474 498 penitentiam
492 406 589 494 agatis
608 414 776 491 antequam
795 399 900 467 veniat
920 417 1052 488 magnus

16 515 76 580 ille
92 515 204 604 judicii
217 515 296 590 dies,
314 515 347 580 in
364 537 427 602 quo
441 511 591 601 plangent
607 511 795 597 quicumque
814 531 853 572 ex
866 507 977 573 restris
996 507 1054 572 tri-

16 623 134 688 bubus
147 621 309 688 Christum
319 630 534 711 pupugerunt,
547 631 640 708 prout
654 618 839 706 praedictum
851 639 868 680 a
882 613 1053 704 Scripturis

21 726 137 792 docui.
156 727 329 792 Dominum
345 738 451 790 autem
461 725 582 812 jurasse
598 749 611 783 a
626 721 800 788 secundum
815 719 961 786 ordinem
975 718 1056 786 Mel-

21 862 38 892 »
56 833 263 908 chisedech¹‚
282 863 294 894 ι
310 845 341 898 et
363 833 440 922 quid
458 833 517 898 sibi
537 829 612 896 velit
633 830 702 896 haec
721 829 882 918 praedictio
902 827 1051 918 explicui.

23 940 137 1028 Atque
145 941 208 1007 hoc
218 943 316 1008 Esaiae
325 940 518 1014 vaticinium,
534 936 724 1027 «Sepultura
735 939 804 1025 ejas
815 961 854 1004 ex
865 937 970 1004 medio
981 939 1055 1003 suh-

24 1075 40 1108 »
58 1046 124 1112 luta
139 1047 246 1123 est¹,»
266 1049 305 1113 de
320 1047 498 1136 sepeliendo
513 1059 546 1111 et
560 1056 776 1111 resurrecturo
793 1045 919 1111 Christo
932 1046 1054 1114 editum

23 1177 98 1220 esse
113 1157 180 1242 jum
195 1156 422 1228 demonstrari:
438 1157 604 1244 ipsumque
622 1152 713 1219 illam
734 1153 896 1219 Christum
911 1155 1054 1220 virorum

23 1273 60 1326 ct
76 1273 278 1328 mortuorum
290 1255 433 1329 omnium
446 1262 586 1349 judicem
598 1283 666 1326 esse
680 1260 825 1348 pluribus
841 1261 982 1328 disserui.
1004 1262 1058 1328 Si-

25 1368 150 1436 militer
162 1372 285 1438 Nathan
295 1394 371 1438 cum
386 1372 426 1436 de
436 1393 475 1436 eo
485 1368 669 1457 loqueretur
682 1368 724 1435 ad
734 1367 902 1444 Davidem,
918 1370 965 1436 sic
975 1370 1057 1436 intu-

24 1478 65 1543 lit
80 1502 88 1543 :
107 1505 120 1539 r
135 1481 202 1568 Ego
220 1503 275 1546 ero
290 1479 334 1545 illi
349 1481 382 1545 in
397 1491 532 1568 patrem,
550 1478 662 1566 etipse
678 1477 738 1542 erit
756 1477 834 1543 mihi
847 1478 880 1542 in
895 1475 1009 1553 lilium,
1025 1490 1058 1543 et

25 1617 40 1647 s
58 1589 308 1654 misericordium
327 1610 432 1654 metm
453 1609 518 1654 non
532 1588 702 1653 removebo
717 1588 757 1652 ab
773 1609 827 1659 eo:
845 1585 929 1652 sicut
942 1586 1003 1652 ieci
1018 1587 1058 1654 ab

25 1725 41 1756 »
58 1697 104 1761 eis
120 1697 263 1785 quiante
282 1719 357 1761 eum
371 1707 485 1761 erant:
505 1705 537 1760 et
554 1703 690 1759 statuam
709 1715 784 1758 eum
805 1694 838 1760 in
858 1693 955 1760 domo
975 1717 1058 1764 mea.

27 1835 42 1868 s
59 1817 93 1871 et
112 1807 145 1870 in
166 1821 273 1893 regno
284 1807 353 1894 ejus
373 1823 476 1893 usque·
492 1805 525 1869 in
539 1801 720 1870 seculum⁸.
738 1804 890 1869 »Ducem
904 1816 1011 1870 autem
1026 1804 1058 1870 in

29 1915 131 1978 domo
143 1935 207 1978 non
218 1911 316 1978 alium
327 1911 474 1978 Ezechiel
489 1911 548 1978 nisi
559 1910 646 1978 hunc
661 1913 764 2000 ipsum
777 1911 853 1978 dicit
862 1910 884 1976 ⁶.
901 1913 962 1980 llic
974 1913 1058 1978 enim

31 2032 82 2086 est
94 2021 226 2085 eximius
242 2019 395 2086 Sacerdos
407 2033 439 2084 et
449 2019 516 2085 Rex
526 2032 661 2086 aeternus
673 2019 828 2095 Christus,
841 2031 951 2109 utpote
962 2021 1060 2087 Filius

30 2129 110 2200 Dei;
130 2129 222 2216 cujus
242 2129 275 2195 in
295 2128 435 2195 secundo
451 2129 586 2194 adventu
607 2130 843 2196 neexistimetis
859 2131 985 2196 Esaiam
1004 2145 1061 2198 aut

31 2249 165 2304 caeteros
184 2237 356 2327 Prophetas
375 2239 492 2314 dicere,
512 2239 665 2306 sacrificia
683 2239 842 2328 sanguinis
860 2252 915 2304 aut
931 2238 1059 2308 libatio-

30 2369 113 2412 num
126 2344 216 2412 altari
236 2347 368 2435 imponi,
389 2345 445 2412 sed
459 2370 531 2414 vera
546 2360 579 2412 et
593 2346 755 2436 spiritalia,
771 2347 880 2414 laudes
895 2359 928 2415 et
941 2350 1059 2439 gratia-

31 2477 106 2518 rum
126 2457 274 2522 actiones.
299 2455 365 2521 Nec
379 2455 493 2520 frustra
509 2477 567 2521 nos
582 2456 615 2521 in
629 2477 704 2521 enm
720 2456 926 2532 credidimus,
942 2481 1002 2524 nec
1016 2460 1056 2524 ab

31 2561 71 2624 iis
91 2561 143 2647 qui
170 2561 212 2626 ita
236 2562 412 2628 docuerunt
434 2561 558 2651 decepti
583 2586 708 2636 sumus3
739 2564 795 2629 sed
821 2575 854 2630 et
879 2565 1057 2632 admirabili

29 2668 90 2734 Dei
109 2668 305 2756 providentia
323 2669 356 2734 id
375 2669 519 2758 contigit,
539 2681 575 2734 ut
593 2671 696 2746 vobis,
717 2671 770 2759 qui
788 2669 846 2738 Dei
866 2686 1008 2739 amantes
1026 2687 1058 2740 et

30 2775 202 2866 prudentes
222 2769 442 2844 existimamiiri
452 2800 521 2844 nec
536 2779 610 2844 estis
625 2791 745 2854 tamen,
764 2779 985 2867 prudentiores
1001 2805 1058 2849 nos

31 2898 64 2950 et
80 2885 285 2974 religiosiores
300 2887 514 2952 inveniremur
528 2907 586 2974 per
600 2889 799 2953 vocationem
814 2888 888 2954 novi
902 2899 936 2954 et
949 2893 1058 2958 aetemi

31 2993 237 3067 Testamenti,
259 2992 371 3070 idest,
394 2993 523 3058 Christi.
548 2993 617 3058 lloc
635 2995 738 3081 ipsum
759 2994 917 3064 admirans
937 2999 1056 3078 Esaias,

34 3101 130 3164 dixit:
150 3103 213 3166 «Et
225 3101 433 3168 continebunt
444 3097 533 3189 'reges
544 3123 579 3167 os
591 3123 704 3166 suum:
724 3104 796 3190 quia
809 3105 998 3191 quibusnon
1010 3122 1058 3175 est

33 3239 47 3272 a
62 3208 282 3274 annuntiatum
291 3207 330 3272 de
341 3209 398 3283 eis,
410 3209 578 3282 ridebuntt
592 3211 690 3298 etqui
703 3213 1057 3291 nonaudieruut,intel-

33 3347 46 3381 ι
62 3317 166 3406 ligent.
184 3317 332 3392 Domine,
348 3317 417 3404 quis
429 3319 563 3384 credidit
573 3321 694 3386 auditui
706 3334 827 3398 nostro,
844 3333 877 3388 et
888 3325 1056 3393 brachium

32 3456 46 3490 ι
61 3423 186 3491 Domini
197 3423 250 3492 cui
261 3421 434 3488 revelatum
445 3425 555 3490 estu,
564 3426 669 3514 Atque
680 3427 749 3496 hec
760 3429 901 3516 quidem,
910 3429 1055 3522 Trypho,

33 3547 185 3624 quantum·
197 3532 283 3610 licet,
299 3534 485 3610 edissemus,
501 3547 631 3626 propter
642 3561 695 3604 eos
710 3539 764 3625 qui
777 3551 883 3606 tecum
895 3542 989 3611 hodie
999 3569 1056 3612 re-

34 3656 158 3719 nerunt,
174 3644 286 3710 eadem
301 3665 401 3709 conor
417 3643 535 3720 dicere,
551 3647 689 3712 breviter
703 3658 809 3714 tamen
824 3660 857 3714 et
871 3651 1006 3722 concise.

67 3777 76 3808 ¹
87 3775 150 3826 Pssl.
160 3793 211 3832 crx,
222 3775 248 3834 4.
256 3773 377 3826 -2nsan
393 3793 445 3836 arn,
456 3778 479 3828 8.
488 3775 560 3844 -lia
573 3777 636 3842 lieg.
647 3794 692 3836 nr,
706 3777 743 3838 ri,
756 3773 1052 3848 15.-⁴Ezech.ir.1v,3.

35 3889 65 3901 -
75 3861 84 3892 ⁵
95 3861 157 3910 nu.
170 3877 212 3922 au,
226 3861 261 3911 15.

820 3959 868 4019 28.
