2616 4620
355 342 395 383 an
420 341 616 392 aurosrcuu,
640 341 699 383 arn.
728 343 748 382 1.
1001 325 1054 390 151

50 473 112 514 rum
123 460 278 514 astrorum
289 447 349 512 iter
367 448 400 512 in
416 447 487 514 coeli
500 445 619 514 circulo
636 447 845 537 descriptum
859 450 973 537 quibus
989 476 1060 520 om-

48 559 133 624 nibus
154 553 318 644 multiplex
338 554 397 620 Dei
422 555 571 642 sapientia
598 557 724 644 propria
746 558 875 624 nomina
897 559 1056 650 imposuit.

47 665 133 732 Solus
144 664 196 731 ille
209 665 294 731 Deus
309 676 356 730 est
372 664 425 752 qui
440 663 545 730 lucem
564 687 602 730 ex
620 666 758 732 tenebris
775 665 862 743 iecit,
878 669 931 755 qui
953 668 1061 740 lumen

47 799 64 840 e
79 773 228 839 thesauris
243 774 305 838 suis
321 771 439 848 educit,
455 784 488 838 et
502 771 700 861 receptacula
715 776 825 850 austri,
844 799 881 843 ae
898 777 1062 848 thesauros

47 885 144 971 abyssi
157 895 189 948 et
201 883 350 949 terminos
361 883 455 948 maris
466 881 553 958 feeit,
566 905 604 948 ac
618 884 698 949 nivis
712 894 744 950 et
761 887 919 974 grandinis
935 889 1063 958 thesau-

48 1015 95 1057 ros
112 1016 119 1056 :
138 991 190 1080 qui
205 1015 301 1079 aquas
315 991 348 1058 in
362 990 516 1056 thesauris
531 991 648 1078 abyssi,
665 1004 697 1058 et
708 995 853 1062 tenebras
864 997 898 1062 in
909 997 1064 1067 thesauris

47 1101 107 1166 suis
127 1111 308 1189 congregat,
329 1109 362 1164 et
384 1121 511 1164 suarem
533 1097 620 1164 illam
642 1121 681 1164 ac
696 1099 935 1170 desiderabilem
957 1119 990 1172 et
1010 1109 1064 1195 ju-

47 1209 267 1275 cundissimam
276 1208 382 1275 lucem
392 1231 411 1273 e
422 1207 575 1274 thesauris
586 1208 790 1296 suisprofert¹
803 1233 811 1274 :
826 1213 879 1300 qui
891 1215 999 1280 eduxit
1007 1240 1062 1282 nu-

46 1322 101 1384 bes
116 1320 155 1384 ab
169 1330 310 1382 extremo
320 1327 425 1392 terrae,
438 1328 470 1380 et
484 1313 607 1404 fulgura
627 1317 658 1381 in
674 1317 812 1404 pluviam
832 1320 1039 1411 multiplicat²
1054 1353 1062 1392 :
1100 1339 1104 1342 '

48 1428 100 1516 qui
113 1425 227 1492 emittit
241 1426 360 1491 tonitru
381 1424 421 1489 ad
436 1435 602 1498 terrorem,
618 1436 650 1489 et
672 1426 740 1512 ejus
764 1425 921 1515 fragorem
943 1430 1067 1521 fulgure

47 1537 246 1625 prenuntiat,
256 1559 299 1600 ne
317 1534 420 1600 anima
440 1533 543 1598 subito
559 1534 684 1600 turbata
701 1533 849 1600 deficiat:
863 1551 957 1628 atque
973 1543 1067 1606 etiam

47 1645 175 1736 fulguris
188 1646 280 1712 visne
296 1643 376 1711 eoeio
394 1643 588 1733 erumpentis
605 1645 647 1708 ita
663 1655 831 1733 temperat,
846 1659 882 1713 ut
896 1672 936 1714 ne
951 1662 1068 1718 terram
1168 1704 1172 1712 ,

47 1757 232 1822 comburat:
247 1777 321 1819 nam
340 1754 364 1819 si
382 1750 487 1840 fulgur
502 1753 632 1839 impetui
647 1775 704 1816 suo
721 1754 934 1841 permittatur,
952 1769 1069 1824 terram

47 1865 230 1934 comburet;
250 1860 334 1948 quod
358 1860 384 1925 si
403 1859 505 1948 ipsum
523 1859 618 1924 etiam
640 1860 771 1937 tonitru,
789 1883 859 1949 quae
880 1863 913 1929 in
933 1889 969 1931 ea
996 1879 1069 1933 sunt

47 1975 215 2038 subvertet.

92 2079 160 2146 vlt.
175 2079 235 2144 Hie
245 2077 330 2143 Deus
346 2097 435 2141 meus
446 2087 506 2152 est,
518 2075 736 2143 universorum
751 2078 918 2156 Dominus,
930 2083 984 2169 qui
1003 2104 1070 2148 eoe-

49 2189 115 2254 ium
129 2188 269 2253 extendit
283 2185 379 2262 solus,
400 2198 432 2250 et
450 2185 557 2250 statuit
575 2185 659 2250 orbis
678 2199 768 2250 terrae
783 2185 1001 2254 latitudinem:
1016 2193 1070 2279 qui

47 2299 218 2365 conturbat
228 2295 421 2385 profundum
431 2295 538 2384 maris,
555 2306 587 2359 et
602 2317 714 2359 sonum
728 2295 884 2362 ssuctunm
897 2299 965 2385 ejus
984 2302 1071 2366 exci-

46 2419 93 2472 tat
107 2431 115 2471 :
130 2407 183 2495 qui
196 2405 376 2470 dominatur
386 2402 531 2491 potestati
545 2402 628 2488 ejus,
641 2413 673 2465 et
687 2415 810 2468 motum
825 2404 982 2472 ssuctuum
1002 2410 1071 2497 ejus

46 2516 190 2604 mitigat:
205 2514 257 2600 qui
269 2511 409 2577 fundavit
419 2521 537 2574 terram
554 2531 649 2597 super
663 2531 771 2596 aquas,
788 2523 821 2576 et
838 2514 983 2602 spiritum
1000 2540 1069 2583 eam

45 2624 246 2691 nutrientem
255 2620 385 2710 largitur
403 2642 411 2683 :
430 2618 523 2707 eujus
537 2617 663 2705 spiritus
679 2619 816 2686 vivificat
837 2625 955 2701 omnia,
973 2649 1068 2714 quem

45 2735 71 2800 si
88 2733 172 2823 apud
187 2755 221 2798 so
234 2729 378 2805 retineat,
387 2727 450 2794 hoo
465 2727 646 2793 universum
657 2725 783 2794 deficiet
793 2727 815 2792 ¹.
831 2727 933 2817 Hujus
946 2733 1070 2820 spiritu,

44 2869 66 2908 o
78 2843 188 2916 homo,
205 2837 354 2927 loqueris,
370 2835 466 2924 hujus
482 2835 627 2924 spiritum
642 2834 743 2910 ducis,
763 2847 859 2922 atque
874 2837 961 2906 hune
979 2841 1071 2931 igno'-

44 2975 109 3018 ras.
124 2951 193 3017 lieo
207 2961 314 3012 autem
324 2945 382 3010 tibi
393 2941 509 3009 accidit
524 2942 565 3007 ob
577 2941 691 3006 mentis
702 2942 948 3011 obcaecationem
960 2961 994 3015 et
1004 2973 1072 3020 cor.-

44 3061 96 3125 dis
112 3056 269 3121 duritiem.
285 3051 347 3119 Sed
359 3053 384 3116 si
394 3051 453 3125 vis,
466 3060 554 3137 potes
570 3049 693 3113 sanari:
708 3049 747 3113 da
758 3061 790 3114 te
801 3052 937 3131 medico,
950 3068 982 3122 et
992 3082 1072 3146 pun·
1178 3061 1181 3072 '

44 3177 102 3256 get
116 3163 225 3230 oeulos
236 3158 349 3227 mentia
359 3171 392 3223 et
407 3157 511 3223 sordis
521 3157 578 3221 tui.
595 3155 673 3234 Quis
684 3168 732 3222 est
742 3156 799 3223 iste
811 3162 975 3230 medicus?
985 3168 1070 3235 Deus

44 3274 104 3363 qui
119 3295 177 3361 per
188 3269 329 3336 Verbum
343 3277 375 3331 et
391 3265 582 3355 Sapientiam
596 3278 685 3330 sanat
699 3277 732 3332 et
745 3267 890 3335 vivificat.
910 3272 994 3340 Deus
1013 3301 1071 3365 per

43 3382 193 3450 Verbum
214 3389 246 3443 et
268 3375 459 3464 Sapientiam
483 3373 624 3440 condidit
647 3375 818 3442 universa:
842 3402 945 3445 nam«
966 3383 1072 3452 Verbo

43 3521 58 3554 a
75 3489 148 3577 ejus
162 3483 279 3550 firmati
297 3481 369 3548 eoeli
386 3491 418 3546 et
437 3480 555 3568 Spiritu
570 3480 638 3567 ejus
659 3481 760 3548 omnis
775 3483 872 3550 virtus
886 3492 1026 3556 eorum‘.
1049 3523 1062 3558 a

43 3594 306 3664 Praestantissima
316 3602 363 3656 ost
378 3589 459 3655 illius
475 3587 635 3678 sapientia.
650 3589 734 3656 Deus
747 3592 778 3657 in
793 3595 941 3682 sapientia
954 3612 1070 3669 terram

43 3706 192 3774 fundarit
205 3729 213 3770 :
227 3701 324 3772 ooelos
338 3698 524 3790 preparavit
538 3698 571 3764 in
585 3698 751 3786 prudentia
766 3724 774 3765 :
789 3703 820 3768 in
836 3727 928 3772 sensu
939 3708 1069 3801 disrupti

80 3858 90 3890 ι
103 3855 166 3906 pul,
182 3871 234 3903 mr
244 3871 252 3914 ς
263 3853 322 3905 lob.
335 3869 370 3913 ιι,
384 3868 407 3917 9.
419 3879 450 3889 -
462 3849 546 3902 ²1³sat.
561 3866 661 3901 cxxxiv.
671 3878 700 3890 -
711 3850 792 3902 ’Psah
806 3870 862 3902 narr
872 3864 899 3906 et
911 3873 1027 3908 txxxvur.
1040 3889 1071 3898 -

46 3943 57 3976 δ
70 3941 138 3990 Psai.
152 3956 227 3989 rarsi.

852 4048 893 4110 ,9,
