2772 4620
304 285 366 361 504
599 307 711 350 surrrr
733 307 849 351 snsrtnr
874 305 1025 350 usnrrurs

302 409 515 476 »renuderat
533 409 561 474 A
576 411 654 476 isoio
672 412 842 497 iniquitatis
857 409 996 475 subtutus
1008 419 1058 472 est
1073 407 1196 493 justus.
1220 407 1297 470 Erit
1312 408 1338 468 iu

302 536 406 602 »pune
421 513 580 602 sepulture
595 517 679 602 ejusr
694 516 892 581 subletusest
905 514 1048 578 emedio.
1062 511 1130 577 Vos
1142 523 1266 576 autem
1279 511 1336 574 hur

301 619 450 706 »prodite
464 618 520 683 tilii
537 620 647 708 iniqui,
664 644 770 686 semen
786 620 1000 685 adulterorum
1010 629 1044 682 et
1058 616 1116 682 filii
1132 619 1330 682 fornices-ir.

300 753 313 786 s
327 727 364 792 In
375 749 438 812 quo
448 725 576 800 lusistis,
588 739 620 792 et
631 750 726 814 super
734 751 829 815 quem
840 751 875 792 os
885 725 1061 814 aperuistis,
1073 739 1107 790 et
1121 749 1330 812 superquem

300 861 313 892 s
330 831 468 920 linguam
480 831 603 897 luxustis
612 833 645 896 ¹?
1064 901 1065 904 ,

341 940 443 1006 xvu
462 940 533 1006 Non
547 941 632 1004 enim
647 941 768 1028 injurie
783 943 874 1006 nobis
890 952 923 1005 et
938 941 1063 1006 Christo
1074 940 1173 1005 iliutae
1193 951 1287 1006 tants
1302 945 1328 1006 iu

298 1048 365 1114 eliis
380 1048 525 1136 gentihus
541 1047 632 1136 culpo
648 1049 774 1121 residet,
791 1061 906 1134 qunntu
920 1050 951 1112 in
966 1050 1067 1124 robis,
1083 1051 1139 1134 qui
1155 1048 1220 1112 illis
1234 1053 1326 1114 etism

298 1157 473 1242 sntieiputae
488 1156 528 1220 de
543 1156 628 1242 justo
642 1165 674 1219 et
688 1155 727 1220 de
739 1156 842 1231 nobis,
855 1156 909 1242 qui
919 1157 959 1220 nb
973 1178 1012 1220 so
1023 1158 1082 1219 orti
1094 1179 1225 1230 sununs,
1239 1157 1325 1222 malr

296 1262 450 1348 opinionis
469 1273 614 1328 auctores
635 1263 719 1328 ostis.
744 1262 914 1348 Postquam
931 1264 1016 1328 enim
1035 1261 1139 1326 solum
1161 1262 1257 1328 ilium
1278 1267 1323 1328 in-

298 1367 458 1456 oulpstum
478 1379 511 1432 et
524 1370 644 1455 justum
664 1369 835 1444 bominem,
857 1369 949 1456 eujus
968 1367 1151 1434 vulneribus
1170 1383 1320 1434 sanamur

297 1475 348 1562 qui
363 1497 503 1561 pereum
515 1475 556 1540 ed
566 1475 691 1540 Putrem
703 1477 869 1550 secedunt,
883 1477 970 1542 oruoi
982 1475 1138 1547 affixistis3
1159 1499 1240 1541 cum
1251 1501 1318 1542 eum

297 1585 416 1650 sciretis
429 1607 468 1648 ex
482 1587 613 1650 mortuis
628 1588 833 1652 resurrexisse
848 1587 926 1650 etin
943 1583 1059 1650 onium
1073 1588 1270 1660 osoeudisse
1288 1599 1316 1649 ut

296 1691 469 1777 Prophetiae
484 1693 625 1756 futurum
646 1693 871 1779 praedieebunt,
894 1715 959 1758 non
979 1692 1074 1756 modo
1097 1693 1314 1780 penitentum

295 1799 502 1864 admissorum
517 1800 671 1866 scelerum
685 1823 749 1866 non
764 1803 881 1889 egistis,
903 1801 958 1864 sed
973 1802 1067 1866 etiam
1083 1799 1224 1866 selectos
1238 1805 1313 1866 siros

296 1915 373 1970 tuno
393 1904 596 1992 Jerosolymis
623 1908 656 1970 in
679 1908 858 1972 universum
884 1907 994 1969 orbem
1020 1907 1162 1978 misistis,
1191 1909 1312 1994 impiam

297 2011 545 2078 Christianorum
559 2012 702 2076 haeresim
717 2013 868 2098 prodiisse
884 2011 1034 2084 dieentes,
1050 2033 1152 2096 enque
1168 2035 1313 2100 spargen-

296 2128 342 2182 tes
362 2141 431 2203 quae
456 2118 488 2181 in
516 2139 574 2182 nos
593 2119 632 2180 nb
653 2118 690 2180 iis
704 2117 851 2208 omnibus
872 2116 986 2202 quibus
1008 2116 1075 2180 noti
1102 2139 1169 2182 non
1196 2141 1310 2188 sumus,

296 2223 452 2288 dicuntur.
479 2223 587 2310 ltaque
608 2247 672 2288 non
693 2225 781 2288 robis
801 2222 903 2288 solum
921 2223 1090 2308 iniquitatis
1111 2245 1209 2288 oeusn
1230 2227 1310 2297 estis,

294 2331 348 2394 sed
363 2329 431 2394 eliis
445 2331 540 2394 etiem
551 2332 698 2395 omnibus
713 2353 840 2418 prorsus
851 2329 1052 2394 hominibus:
1070 2353 1110 2395 no
1124 2331 1242 2396 merito
1254 2331 1309 2396 ois-

293 2446 358 2500 mut
372 2436 498 2500 Esaias:
517 2436 670 2524 «Propter
690 2458 744 2500 vos
765 2459 880 2501 nomen
900 2457 1007 2498 meum
1024 2434 1259 2522 blasphemetur
1275 2438 1306 2502 in

292 2541 495 2628 »gentibus².
511 2571 523 2602 ι
542 2545 604 2607 Et:
629 2541 707 2607 «Vae
728 2543 840 2606 nuimae
862 2542 1013 2627 ipsorum,
1035 2553 1205 2629 propterea
1228 2546 1306 2630 quod

292 2645 485 2712 »eonsilium
505 2671 635 2734 pravum
651 2658 803 2734 oeperunt
816 2647 964 2720 adversus
987 2646 1117 2734 seipsos,
1145 2650 1303 2714 dieentes:

291 2752 499 2819 »Vincismus
524 2755 656 2840 justum,
683 2754 831 2839 quonium
857 2752 974 2817 inutilis
999 2755 1091 2820 nohis
1113 2765 1169 2818 est.
1200 2757 1306 2842 itaque

291 2859 438 2928 »fructus
452 2884 583 2949 operum
598 2883 727 2924 suorum
742 2860 935 2926 comedunt:
952 2859 1007 2926 Vae
1024 2863 1146 2948 iniquo!
1159 2861 1242 2926 mnis
1259 2887 1319 2938 seq

290 2967 458 3034 »eundum
477 2991 570 3055 opera
593 2967 687 3055 ipsius
708 2967 891 3054 contingent
909 2966 970 3032 οῖ’.
985 2995 998 3026 s
1016 2967 1057 3032 Et
1076 2987 1175 3030 rursus
1196 2964 1297 3028 stibi.-

298 3071 377 3138 «Vae
401 3074 454 3159 qui
474 3075 602 3139 truhunt
629 3073 804 3159 iniquitates
824 3095 895 3138 suus
917 3074 949 3138 in
976 3070 1113 3138 funiouio
1135 3070 1240 3158 longo,
1266 3084 1302 3136 et

288 3180 404 3265 »qussi
419 3179 486 3244 loro
503 3183 568 3268 jugi
585 3180 689 3246 vitulae
700 3182 895 3267 iniquitates!
921 3181 983 3258 Qui
1003 3181 1133 3248 dieunt:
1156 3179 1303 3246 Celerius

289 3287 382 3374 »ejus
401 3289 640 3376 appropinquet,
660 3299 692 3352 et
712 3289 815 3352 veniet
833 3286 998 3352 consilium
1022 3289 1123 3352 suncti
1142 3286 1250 3361 lsrael,
1272 3301 1304 3352 ut

289 3413 547 3479 »cognoscemus
575 3391 629 3458 Vae
649 3394 703 3480 qui
720 3393 829 3458 dieunt
852 3375 970 3458 mulum
991 3394 1112 3458 honum
1132 3403 1168 3456 et
1186 3394 1302 3458 bonum

287 3496 453 3574 »mulumt
471 3502 525 3586 qui
540 3510 662 3590 ponunt
677 3498 781 3594 lueem
797 3500 954 3574 tenebras,
969 3509 1002 3562 et
1015 3501 1165 3564 tenebras
1177 3497 1300 3564 luuem:

286 3633 299 3664 ι
314 3607 367 3691 qui
382 3618 503 3691 ponunt
512 3631 655 3674 umerum
669 3606 763 3673 duleo
777 3616 809 3673 et
821 3605 913 3674 dulce
929 3605 1109 3670 smerum⁴t
1122 3635 1137 3666 ι
1152 3605 1261 3694 itaque
1272 3607 1300 3670 id
1373 3601 1374 3638 t

285 3711 373 3776 robis
388 3713 491 3778 studio
505 3715 669 3790 habuistis,
685 3726 721 3780 ut
735 3715 768 3780 in
785 3713 883 3780 solum
895 3712 982 3778 illum
993 3711 1184 3800 inuulpatum
1194 3725 1228 3778 et
1238 3715 1299 3802 jus·

318 3827 327 3864 ¹
337 3829 402 3880 Emi.
413 3849 471 3894 usu,
486 3852 507 3886 ι.
517 3865 547 3874 -
556 3835 567 3869 ²
576 3837 696 3896 tissimi,
706 3835 785 3884 ⁵.-⁸
795 3836 861 3886 mu.
873 3853 910 3894 ur,
920 3853 944 3898 9.
952 3835 999 3874 -ὓ
1009 3836 1074 3886 Rssi.
1085 3849 1111 3896 v,
1125 3834 1163 3884 ιδ.
