2772 4620
345 289 496 332 nranoous
520 288 580 331 cun
603 287 767 331 rnrrnorm
789 287 903 330 sunno.
1076 267 1135 332 285

107 405 175 458 torn
191 391 361 478 multiceps
380 391 528 465 eraserit,
545 393 632 476 jurat
647 391 762 456 dicore.
783 391 847 454 Usu
869 392 967 464 venit,
985 403 1018 455 nt
1034 393 1070 456 iis
1084 395 1137 478 qui

5 505 6 511 ’
109 498 343 587 philosophiam
358 499 452 586 primi
466 499 653 586 attigerunt,
666 511 698 564 et
712 521 748 562 ea
763 521 797 562 re
810 497 887 562 clari
907 497 1052 573 extitere,
1072 523 1138 564 suc-

113 629 256 671 cessores
271 605 357 670 nulla
376 607 441 669 reri
463 605 604 671 adhibita
624 605 859 692 investigatione
878 605 1141 680 adhumanas

8 732 11 736 ·
114 725 241 778 tuntum
257 735 369 778 eorum
380 712 588 776 constantiam
603 721 636 774 et
651 712 888 785 continentiam,
901 723 932 776 et
945 735 1063 776 novum
1079 736 1141 776 ser-

110 842 246 884 monum
257 841 354 905 genus
366 817 522 890 admirati,
535 839 571 881 eu
586 817 752 892 crederent
769 839 842 882 vera
864 841 933 904 quae
948 842 965 883 a
981 819 1043 884 'sue
1058 820 1140 906 quis

1 949 9 954 „
112 949 176 1012 que
192 925 341 1013 magistro
355 922 551 992 didicissent:
576 935 609 987 et
627 945 702 987 cum
720 922 832 988 eadem
855 925 913 1012 ipsi
934 927 997 989 suis
1013 948 1139 1012 quoque

111 1030 385 1096 successoribusc't
398 1027 457 1093 aliu
467 1026 609 1115 quaedam
621 1027 727 1092 affinia
739 1029 950 1106 tradidissent,
960 1053 998 1096 eo
1010 1032 1139 1097 nomine

112 1137 353 1226 designarentur
373 1159 437 1222 quo
459 1134 631 1224 appellatus
650 1136 761 1200 fuisset
782 1137 933 1202 doctrinm
951 1151 1052 1225 peter.
1071 1139 1138 1227 Ego

111 1267 237 1332 quoque
251 1266 326 1309 cum
342 1243 431 1308 initio
443 1265 592 1331 cuperem
607 1243 723 1308 horum
739 1241 833 1308 alicui
850 1244 883 1307 in
898 1265 1075 1311 sermonem
1086 1268 1137 1310 ve·

109 1352 193 1424 nire,
209 1349 281 1416 dedi
292 1373 343 1416 me
355 1351 482 1416 cuidam
493 1347 616 1422 Stoico;
632 1350 768 1436 setisque
779 1371 855 1414 cum
867 1373 906 1414 eo
919 1363 1059 1416 versatus
1071 1351 1137 1425 diu,

1 1520 3 1529 ,
110 1479 185 1523 cum
207 1456 307 1522 nihilo
324 1455 415 1544 plura
437 1457 553 1522 scirem
575 1456 616 1521 de
637 1455 704 1522 Deo
726 1456 820 1542 (nam
836 1481 897 1523 nce
917 1459 1039 1523 sciehat
1061 1458 1138 1545 ipse,

109 1587 212 1651 neque
223 1565 306 1630 hanc
317 1563 480 1628 scientiam
492 1563 703 1628 necessariam
718 1565 882 1650 putabat),
894 1565 934 1627 ab
947 1584 986 1627 eo
998 1563 1138 1638 discessi,

109 1682 206 1758 utque
221 1671 262 1734 ad
277 1669 372 1736 ulium
387 1693 440 1733 mc
455 1669 590 1744 contuli,
606 1691 702 1754 quem
717 1667 959 1755 Peripateticum
972 1671 1139 1744 vocabant,

110 1780 288 1852 hominem,
311 1791 347 1842 ut
365 1778 424 1842 sibi
445 1779 511 1865 ipse
532 1777 712 1850 videbatur,
730 1789 929 1864 peracutum.
952 1777 1097 1865 Cumque
1115 1779 1141 1841 is

113 1907 166 1951 me
181 1887 290 1972 primis
306 1887 419 1950 diebus
431 1883 623 1970 pertulisset,
637 1884 756 1970 rogavit
769 1895 878 1970 postea
892 1895 926 1947 ut
940 1885 979 1948 de
995 1885 1141 1950 mercede

114 1991 765 2081 trunsigcmm,quofructuosanohisesset
775 1992 1136 2058 internosconsuetudo.

114 2102 186 2166 Hae
200 2101 265 2187 ipsu
283 2099 321 2164 de
337 2121 430 2164 ceusu
446 2099 576 2162 missum
592 2095 682 2162 iilum
693 2097 765 2171 feci,
782 2083 822 2162 ne
837 2097 1058 2186 philosophum
1069 2102 1142 2187 qui-

113 2207 188 2272 dem
203 2207 334 2272 omnino
352 2206 531 2271 arbitratus.
551 2205 700 2270 Sed'cum
712 2205 834 2270 animus
846 2206 952 2271 adhuc
965 2207 1070 2271 studio
1080 2207 1139 2272 ssu-

112 2325 217 2403 grarct
244 2313 276 2378 id
299 2315 384 2400 quod
405 2311 611 2401 philosophie
632 2313 795 2400 proprium
818 2325 850 2378 et
875 2315 1069 2402 precipuum
1091 2327 1140 2380 est

113 2421 274 2497 audiendi,
295 2419 538 2486 celeberrimum
558 2422 619 2486 adii
637 2420 885 2509 Pythagoreum,
908 2421 1070 2488 hominem
1100 2423 1140 2487 dc

114 2528 266 2614 sapientia
278 2527 366 2592 valde
378 2528 574 2616 gloriantem.
588 2528 711 2593 Deinde
723 2539 757 2590 ut
769 2527 970 2614 colloquutus
981 2553 1053 2594 sum
1065 2552 1140 2596 cum

112 2659 164 2710 eo,
181 2634 306 2698 eruditor
320 2632 403 2700 iilius
413 2647 446 2699 et
457 2634 617 2700 familiaris
628 2633 697 2700 lieri
708 2635 863 2722 cupiens:
880 2635 967 2713 Quid
981 2659 1070 2724 ergo.
1090 2639 1141 2702 in-

112 2745 180 2832 quit
195 2742 259 2817 ille,
270 2743 382 2808 dedisti
398 2749 527 2831 operam
536 2745 678 2817 musicae,
689 2743 889 2808 astronomiae
900 2755 932 2807 et
942 2746 1142 2830 geometriae?

114 2854 163 2917 dn
185 2863 277 2938 putas
305 2864 546 2939 perspecturum
567 2865 598 2916 te
619 2853 793 2940 quidquem
815 2873 927 2916 eorum
950 2873 1021 2938 quae
1042 2853 1141 2918 beatae

115 2960 185 3022 rite
207 2958 404 3032 conducunt,
426 2959 485 3023 nisi
506 2959 576 3024 haec
595 2959 682 3044 prius
705 2957 853 3022 didiceris
874 2980 943 3043 quae
962 2959 1141 3024 animumn

118 3069 214 3130 rebus
227 3089 352 3130 sensum
365 3067 566 3132 moventibus
584 3067 780 3139 abstrahent,
795 3077 828 3129 ct
845 3066 936 3130 adea
953 3089 1022 3154 quae
1038 3081 1142 3134 mente

118 3172 337 3262 percipiuntur
352 3171 500 3237 idoneum
514 3173 664 3248 officient,
682 3185 718 3238 ut
732 3174 836 3262 ipsum
855 3173 1026 3260 pulchrum
1044 3187 1076 3240 et
1094 3177 1143 3263 ip·

117 3303 190 3344 sum
206 3280 328 3344 bonum
346 3279 528 3344 intueatur?
545 3282 628 3346 Cum
637 3282 699 3346 ·has
718 3279 896 3368 disciplinas
912 3281 1057 3368 pluribus
1075 3282 1145 3346 lau·
1203 3345 1209 3356 ,

117 3389 236 3462 desset,
261 3409 300 3452 ac
322 3377 511 3452 necessarias
528 3391 738 3476 predicasset,
760 3388 877 3454 dimisit
893 3409 977 3452 mea
999 3411 1044 3462 se,
1063 3403 1146 3477 post-

116 3521 212 3586 quam
224 3496 255 3560 oi
270 3494 433 3562 consessus
448 3519 517 3560 sum
536 3519 587 3562 me
602 3497 734 3562 nescire.
753 3497 907 3562 Ferebam
923 3495 1029 3583 igitur,
1044 3511 1078 3562 ut
1088 3523 1144 3586 par

116 3618 196 3678 eret,
212 3603 346 3670 moleste
358 3605 444 3690 quod
460 3627 515 3692 spe
529 3605 730 3674 excidissems
747 3626 848 3692 eoque
863 3605 959 3692 magis
970 3605 1054 3692 quod
1065 3610 1141 3678 mihi

118 3711 234 3800 aliquid
249 3712 330 3778 scire
345 3711 517 3776 videretur.
537 3713 658 3778 Rursus
674 3727 747 3776 cum
763 3715 885 3799 tempus
902 3709 977 3776 illud
996 3716 1141 3784 conside·

117 3839 237 3920 mrem„
249 3818 334 3906 quod
349 3818 427 3886 mihi
442 3819 473 3884 in
490 3819 538 3885 his
553 3817 726 3906 disciplinis
740 3817 966 3894 conterendum
978 3831 1057 3895 erat,
1075 3845 1140 3889 nou
