2808 4688
358 279 398 323 an
421 279 607 322 contrarios
632 279 784 322 sorssors
808 279 912 320 asina.
1105 255 1145 319 55

108 403 183 448 nem
199 387 375 452 consecuti
395 399 486 462 sunt,
507 410 573 452 non
587 411 646 476 per
663 389 800 476 seipsos,
823 398 880 450 aut
899 405 996 474 opera
1010 407 1079 461 sua,
1094 395 1148 450 eut

109 493 210 580 justas
225 496 378 562 actiones
390 519 470 584 quas
481 496 644 570 iecerunt;
663 497 718 562 sed
732 519 791 586 per
808 493 1009 562 voluntatem
1024 496 1098 582 ejus.
1110 495 1151 560 Et

109 625 170 668 nos
185 604 289 692 igitur
311 629 355 672 cx
373 605 536 672 voluntate
553 604 635 672 illius
654 607 688 672 in
705 606 831 672 Christo
853 603 931 671 Jesu
949 603 1069 678 vocati,
1091 627 1152 668 non

113 735 174 800 per
186 735 249 778 nos
260 713 351 800 ipsos
362 715 436 802 justi
444 715 614 791 efficimur,
627 737 732 802 neque
738 737 797 803 per
805 713 989 802 sapientiam
1000 725 1153 787 nostram,

119 833 178 884 sut
197 821 455 911 intelligentiam,
471 836 524 888 aut
540 825 709 912 pictatem,
732 836 786 888 aut
802 846 895 911 opera
911 846 980 911 quae
997 821 1032 888 in
1048 822 1154 888 cordis

124 931 297 996 sanctitate
313 933 430 1020 operati
444 955 566 1004 sumus;
589 931 645 996 sed
663 955 722 1020 per
736 931 849 1007 iidem,
867 955 925 1019 per
940 953 1036 1020 quam
1050 953 1154 998 cunc-

124 1049 173 1102 tos
202 1040 258 1126 qui
285 1063 421 1130 unquam
441 1041 515 1128 justi
540 1040 667 1106 suerunt
688 1039 871 1130 justificavit
897 1040 983 1106 Deus
1008 1040 1151 1128 omnipo-

120 1159 208 1218 tens:
229 1149 282 1214 cui
300 1150 342 1215 sit
358 1149 454 1238 gloria
473 1151 504 1214 in
525 1149 638 1216 saecula
655 1149 855 1216 saeculorum.
876 1149 991 1215 Amen.

157 1252 318 1321 XXXlll.
348 1258 431 1336 Quid
452 1257 546 1346 igitur
568 1257 739 1334 faciemus,
759 1258 896 1324 iratres?
912 1259 1150 1326 Cessabimusa

114 1363 208 1427 bonis
228 1366 395 1453 operibus,
413 1379 446 1431 et
462 1368 652 1433 charitatem
663 1365 944 1456 derelinquemus?
960 1368 1153 1456 Neutiqnem

115 1470 213 1542 hoca
230 1474 324 1542 nobis
344 1473 414 1542 fieri
434 1475 599 1562 permittat
618 1473 799 1540 Dominus:
823 1473 880 1538 scd
898 1496 974 1539 eum
992 1473 1153 1564 diligentia

115 1595 150 1648 et
161 1581 343 1657 alacritate,
356 1582 544 1648 festinemus
559 1605 656 1647 omne
667 1605 748 1670 opus
760 1584 887 1647 bonum
902 1581 1065 1668 perlicere.
1085 1585 1156 1673 lpse

118 1715 260 1780 namque
280 1691 387 1779 opifex
405 1704 438 1756 et
455 1691 615 1756 Dominus
636 1690 783 1756 omnium
800 1689 835 1754 iu
853 1689 1004 1779 operibus
1025 1692 1087 1756 suis
1102 1715 1158 1758 ex-

122 1799 231 1864 sultat.
257 1798 364 1864 Coelos
379 1799 468 1864 enim
483 1820 635 1887 suprema
655 1819 712 1861 sua
730 1809 763 1860 et
780 1797 917 1870 maxima
931 1798 1074 1884 potentia
1095 1811 1159 1864 sta-

127 1906 250 1982 bilivit,
274 1905 408 1996 illosque
429 1903 742 1993 incomprehensibili
767 1929 823 1970 sua
848 1905 998 1992 sapientia
1025 1908 1154 1974 ornavit.

131 2013 270 2080 Terram
291 2039 418 2104 quoque
440 2017 479 2080 ab
500 2019 586 2103 aqua
600 2037 671 2103 qnae
691 2011 776 2078 illam
796 2015 911 2090 ambit,
931 2017 1103 2103 separavit,
1125 2029 1157 2081 et

135 2137 289 2211 tanquam
310 2122 452 2188 stabilem
467 2122 595 2196 turrim,
611 2123 745 2210 propriae
766 2118 934 2186 voluntatis
949 2122 1155 2190 fundamento

129 2231 290 2296 firmarit:
307 2242 340 2297 ct
354 2229 499 2296 animalia
514 2254 584 2319 quse
600 2231 632 2294 in
643 2221 695 2295 illa
707 2243 881 2308 versantur,
897 2231 987 2319 jussu
1002 2255 1060 2298 suo
1076 2257 1154 2322 prae-

125 2340 210 2428 cepit
220 2363 298 2404 esse.
314 2339 402 2405 Mare
412 2339 526 2414 etiam,
541 2352 656 2427 etque
671 2339 703 2402 in
718 2337 772 2403 illo
783 2339 892 2405 vivunt
904 2339 1065 2415 animalia,
1078 2365 1153 2407 cunr

120 2447 207 2536 prius
222 2460 378 2524 creasset,
395 2471 451 2513 sua
462 2448 602 2536 potentia
615 2445 753 2512 inclusit.
772 2445 840 2514 Pras
852 2449 1021 2524 omnibus,
1036 2449 1154 2515 animal

120 2555 420 2623 excellentissimum
435 2568 468 2622 et
482 2552 662 2620 intellectus
678 2578 754 2644 ergo
770 2535 960 2646 maximum,
977 2557 1153 2632 hominem,

119 2666 213 2732 sacris
224 2679 257 2731 et
268 2665 443 2754 inculpatis
454 2665 602 2731 manibus
613 2665 774 2739 formavit,
791 2665 935 2752 imaginis
951 2688 1015 2730 suae
1027 2665 1155 2731 charac-

117 2786 225 2839 terem.
245 2773 295 2840 lta
310 2774 401 2842 enim
416 2771 460 2836 ait
475 2771 583 2837 Deus:
602 2771 791 2837 «Faciamus
805 2771 971 2836 hominem
987 2772 1028 2836 ad
1045 2772 1155 2860 imagi-

38 2936 43 2947 .
117 2905 218 2948 anem
237 2895 271 2948 ct
291 2882 338 2948 ad
358 2879 601 2948 similitudinem
620 2891 776 2944 nostram.
797 2879 838 2944 Et
859 2879 934 2943 fecit
955 2878 1041 2944 Deus
1055 2879 1155 2944 homi-

116 2993 238 3059 r‘nem:
267 2987 455 3059 masculum
480 3001 512 3053 et
537 2989 691 3055 seminam
716 2987 793 3054 iecit
817 3010 872 3054 ees
885 2985 931 3052 ’.ι
959 2988 1034 3055 llaec
1059 2990 1155 3078 igitur

117 3103 221 3169 omnia
242 3125 322 3168 cum
346 3099 547 3190 perfecisset,
570 3098 711 3164 laudavit
732 3121 787 3173 ea,
807 3111 840 3164 et
860 3097 1038 3176 benedixit,
1060 3099 1155 3164 disit-

117 3235 202 3301 qne:
224 3207 696 3296 Crescitaotmultiplicamini
707 3206 730 3272 ².
745 3205 933 3282 Videamus,
950 3207 1037 3293 quod
1047 3207 1081 3272 in
1096 3209 1156 3272 lto-

118 3319 170 3385 nis
185 3319 341 3406 operibus
358 3318 461 3383 ornati
478 3316 608 3382 suerunt
627 3338 738 3381 omnes
752 3315 837 3404 justi.
861 3315 905 3379 Et
917 3316 986 3400 ipse
1001 3335 1077 3402 ergo
1090 3315 1157 3381 Do-

119 3428 248 3501 minus,
265 3449 344 3492 cum
358 3447 391 3490 sc
405 3425 552 3513 operibus
568 3419 767 3499 decorasset,
783 3424 909 3511 gavisus
923 3435 982 3488 est.
1000 3423 1156 3492 Habentes

119 3539 231 3624 itaquo
242 3535 311 3602 hoc
323 3531 518 3621 exemplar⁸,
534 3533 668 3621 impigre
679 3531 722 3596 ad
732 3529 927 3596 voluntatem
942 3531 1009 3618 ejus
1024 3534 1156 3600 soceda-

103 3673 107 3682 ⁴
123 3667 210 3718 muas
230 3666 272 3709 ex
286 3642 365 3708 totis
382 3642 502 3708 viribus
516 3641 632 3706 nostris
648 3661 817 3728 operemur
831 3661 907 3728 opus
921 3640 1056 3729 justitie.
1150 3647 1153 3652 '

166 3749 324 3819 XXXIV.
349 3751 459 3818 Bonus
481 3749 662 3840 operarius,
683 3771 757 3814 cum
781 3747 894 3817 fiducia
913 3773 1030 3840 paoem
1052 3751 1163 3840 operis.

159 3883 244 3936 ¹022.
259 3901 278 3944 r,
292 3885 382 3948 ²6,27.
393 3883 520 3934 -·¹Geo.
532 3902 551 3944 r,
565 3883 603 3933 ²8.
615 3881 667 3923 -·¹
679 3899 690 3932 ι
704 3881 768 3933 Patr.
780 3901 809 3942 rr,
821 3899 860 3936 u.
