2674 4618
353 308 473 350 CONTRA
497 307 617 352 GMCOS
641 308 767 352 cusulo.
1032 312 1069 375 19

37 424 126 488 rant,
144 421 232 478 statu
247 421 356 480 autom
373 409 505 479 similem
521 410 648 482 illorum
668 413 835 484 hominum
847 413 902 501 qui
920 437 960 480 cx
974 417 1070 484 animi

36 524 87 590 sui
110 523 273 590 sententia
294 543 418 610 gessero
441 521 594 610 quidquid
618 523 794 590 vivontihus
813 522 971 592 daemoncs
994 549 1071 615 prrs-

36 631 251 718 scripsernnt.
266 627 318 694 An
330 651 395 694 non
406 627 490 694 anim
500 627 680 696 hominibus
689 629 853 718 psucionss
863 645 1070 720 pcccatorum

39 741 170 828 specics
177 740 219 804 oh
226 738 296 804 vitm
304 737 490 804 brevitatem
496 737 710 812 ciliorcscunt3
721 739 878 828 praedictis
889 753 996 810 autom
1005 743 1071 810 dae-

42 850 201 916 monibus
212 848 253 916 oh
265 845 427 914 inlinitum
436 867 537 912 aarum
547 847 647 936 nangis
661 869 793 936 peccaro
808 851 981 940 contingit?

87 958 166 1028 XV.
190 958 260 1025 ism
276 981 353 1024 vcro
372 969 509 1047 oportet,
525 971 561 1024 ut
578 959 663 1045 quod
677 958 828 1028 habentos
847 960 1022 1037 amisimus,
1036 961 1070 1028 id

43 1091 133 1134 nunc
147 1089 341 1154 qussrsmns,
353 1079 386 1132 et
399 1067 537 1134 animam
551 1087 626 1132 cum
637 1065 755 1154 Spiritu
767 1079 875 1134 sancto
886 1067 1070 1157 copulemus

39 1188 71 1242 et
85 1175 131 1242 sd
146 1175 410 1264 conjunctionem
428 1196 501 1240 cum
520 1174 588 1240 Doo
603 1173 770 1240 enitamur.
790 1175 860 1242 Non
879 1177 974 1265 igitur
992 1179 1070 1245 sim·

41 1283 183 1372 plexost
194 1283 362 1350 hominum
376 1281 491 1356 nnims,
508 1279 564 1348 sad
580 1303 619 1348 cx
631 1281 739 1348 multis
755 1284 897 1371 partibus
911 1286 1066 1355 consuit

44 1396 103 1460 Est
116 1396 208 1460 onim
220 1392 405 1482 composito,
425 1391 468 1456 its
487 1403 523 1457 ut
541 1414 598 1481 par
612 1413 727 1481 corpus
743 1393 905 1460 manifesta
923 1393 989 1462 list.
1006 1395 1071 1462 Nc·

41 1526 104 1590 quo
121 1503 212 1568 enim
229 1523 370 1590 unquam
388 1501 453 1590 ipsa
468 1501 534 1567 sino
554 1523 687 1591 corpore
702 1503 897 1593 apparuerits
920 1525 982 1572 ncc
997 1527 1070 1570 coro

39 1614 182 1702 resurgit
192 1613 384 1700 sincjanimu.
402 1614 458 1680 Est
468 1613 553 1678 onim
564 1613 673 1688 homo,
685 1636 762 1690 non,
781 1624 815 1678 ut
830 1613 960 1701 quidam
974 1614 1071 1680 instar

40 1745 218 1791 corvorum
225 1723 415 1789 crocitantes
422 1723 609 1798 decernunt,
618 1722 732 1788 animal
741 1722 862 1790 rationo
870 1731 973 1798 utens,
986 1745 1072 1789 men·

40 1833 79 1897 tis
91 1845 127 1898 et
137 1829 280 1898 sdentiae
291 1853 391 1920 capax
404 1855 412 1895 :
425 1852 499 1897 nam
510 1831 584 1919 ipsae
596 1829 771 1896 secundum
782 1828 851 1896 illos
862 1828 975 1898 bellum
986 1853 1073 1900 men·

45 1941 274 2008 tisstsciantiae
280 1962 414 2030 capuces
422 1940 638 2006 ostendentur.
649 1937 857 2006 solusautsm
863 1939 960 2006 homo
967 1941 1072 2028 imago

51 2061 86 2114 et
96 2048 267 2114 similitudo
275 2049 343 2115 lici.
356 2049 523 2115 Hominem
535 2061 641 2114 autom
653 2048 724 2114 dico
736 2071 799 2114 non
811 2070 886 2115 eum
895 2048 950 2135 qui
961 2047 1070 2122 similia

52 2155 169 2222 belluis
183 2155 284 2232 iaciat,
299 2157 356 2222 scd
366 2155 420 2244 qui
437 2155 548 2245 procul
564 2158 602 2222 ah
619 2155 813 2222 humanitate
825 2156 1013 2226 constitutus
1031 2158 1072 2222 ad

45 2267 154 2334 Deum
169 2267 356 2356 pervenerit.
375 2263 478 2350 Atque
489 2264 522 2329 id
536 2263 684 2353 squidem
697 2265 731 2330 in
742 2263 823 2332 iihro
835 2265 874 2332 de
886 2263 1071 2334 animalibus

42 2377 228 2444 accuratius
250 2373 393 2442 disserui.
413 2373 505 2440 Nunc
524 2374 679 2440 autemid
698 2374 784 2461 quod
802 2373 897 2442 instat
915 2373 1072 2445 disscrcu-

47 2487 141 2560 dnm,
157 2483 258 2573 qualis
275 2483 318 2548 sit
334 2479 386 2546 illa
402 2480 577 2547 secundum
595 2480 699 2548 Deum
720 2482 822 2570 imago
837 2493 870 2550 ot
886 2482 1068 2552 similitudo.

47 2596 148 2678 Quod
168 2595 341 2684 comparari
363 2616 428 2659 non
449 2603 564 2681 potest,
587 2590 665 2658 nihil
686 2591 774 2658 sliud
789 2607 838 2660 est
856 2617 951 2681 quam
968 2595 1072 2683 ipsum

40 2728 99 2770 ens
112 2729 122 2769 τ
135 2703 227 2792 quod
236 2713 346 2770 sutem
360 2711 573 2789 comparatur,
584 2699 662 2766 nihil
671 2698 759 2766 aliud
768 2723 865 2788 quam
876 2702 962 2789 quod
972 2699 1073 2768 simiis

39 2825 101 2880 est.
124 2813 241 2880 Csrnis
260 2811 392 2901 quidam
410 2831 520 2900 ospsrs
541 2809 699 2898 porlcctus
716 2811 802 2876 Deus
823 2833 832 2874 z
852 2809 949 2876 homo
964 2821 1073 2876 autom

41 2946 131 2988 coro.
146 2918 323 2990 Vinculum
340 2929 389 2986 ost
406 2918 508 2986 carnis
522 2918 624 2984 animo
644 2941 653 2984 s
670 2918 808 2984 animam
826 2939 901 2982 caro
919 2919 1070 2984 continet.

44 3031 95 3096 hc
109 3029 184 3096 tulis
198 3029 327 3118 quidem
341 3040 460 3094 naturas
475 3027 606 3116 specics,
623 3027 649 3092 si
662 3048 696 3092 so
710 3025 807 3092 instar
821 3023 930 3114 tempii
943 3025 1071 3100 haheat.

46 3135 192 3202 libcntcr
211 3135 288 3202 illud
300 3133 411 3202 incolit
428 3135 514 3202 Deus
531 3156 590 3222 per
605 3129 743 3222 legatum
762 3131 926 3221 Spiritum.
945 3132 979 3198 Si
997 3156 1073 3200 vcro
1102 3122 1106 3130 ¹

47 3243 119 3312 taio
141 3267 208 3310 non
229 3245 316 3310 inerit
339 3241 591 3318 tahemaculum,
613 3251 739 3330 praestst
762 3240 857 3308 homo
877 3239 990 3307 haliuis
1007 3240 1072 3306 sola

44 3377 133 3420 voco
153 3351 331 3430 miculatas
355 3366 468 3422 caetcrs
488 3375 562 3420 vcro
584 3351 727 3441 ejusdem
745 3361 793 3418 ast
814 3373 852 3418 ac
871 3349 931 3418 illa
949 3349 1072 3416 vivendi

36 3463 198 3540 rationis,
214 3476 249 3529 ut
261 3465 314 3553 qni
330 3463 446 3530 nonsit
460 3461 629 3529 similitudo
643 3458 711 3528 Dei.
725 3459 824 3526 Porro
838 3459 997 3526 daemoncs
1008 3481 1073 3524 om·

69 3641 79 3675 ¹
90 3639 147 3690 Hic
161 3643 255 3688 iterum
266 3639 386 3688 Totianus
396 3641 658 3701 animamcorpoream
667 3651 732 3694 esus,
741 3649 848 3683 asserere
854 3631 961 3689 videtur,
972 3633 1072 3683 sednon

30 3715 98 3762 satis
110 3711 234 3776 explieat
244 3713 307 3777 qnid
316 3714 419 3762 nomine
428 3712 541 3777 corporis
549 3709 678 3776 intelligat.
701 3707 798 3758 Deinde
808 3721 866 3756 eum
878 3703 958 3758 ωἰιιπι
967 3723 1019 3756 ssss
1027 3707 1072 3756 ho-

30 3791 142 3840 minem
156 3787 307 3847 contendit,
316 3789 343 3838 in
352 3803 402 3854 quo
413 3787 520 3852 Spiritus
528 3794 627 3836 sanctus
638 3783 749 3841 habitan
759 3797 830 3832 ssons
840 3795 922 3830 veros
934 3780 1022 3830 bellois
1033 3781 1072 3830 di-

30 3875 103 3913 stare
119 3870 207 3928 negat
218 3879 226 3909 r
237 3861 283 3910 nbi
296 3862 401 3927 Spiritus
411 3864 517 3928 gratiam
530 3859 703 3918 commendat,
715 3867 741 3908 et
753 3857 861 3908 hominis
872 3855 1072 3906 imbecillitatem

29 3938 175 4004 agnoseit,
188 3937 236 4001 qni
247 3937 294 3986 nisi
304 3937 436 4003 adjuvetur
447 3954 462 3985 a
474 3937 569 4001 Spiritu
578 3943 664 3984 sancto
675 3933 703 3984 in
714 3933 802 3982 vitiam
814 3930 936 3980 deflectit.

865 4037 894 4078 2.
