2688 4626
224 207 286 269 228
523 223 637 268 stram
658 223 779 267 rnsrrtu
803 224 957 296 aturrus

222 346 368 400 nostrum
381 331 492 405 Jcsutn
504 333 668 399 Christum
678 333 722 398 ita
734 333 848 400 dixisse
860 335 976 401 scimus
989 357 998 398 r
1019 334 1126 414 ‹Qnae
1138 335 1270 424 impos·-

221 472 234 505 ι
249 441 350 511 sibilia
361 443 446 532 apud
457 442 615 519 homines,
627 441 788 531 possibilia
799 443 886 533 apud
896 443 1055 511 Deum¹.»
1070 445 1176 510 ltem:
1190 447 1264 512 «Nc

219 552 385 619 »timeatis
405 575 460 618 cos
480 551 534 641 qui
555 551 709 620 occidunt
728 575 797 627 vos,
819 575 857 618 ac
878 551 1028 642 deinceps
1048 551 1129 620 nibil
1154 555 1264 622 lacere

220 691 233 724 ι
247 674 397 752 possunt3
416 684 492 727 eam
507 683 582 726 vero
596 659 707 727 timete
717 661 773 749 qui
783 672 856 749 post
871 673 1009 728 mortem
1024 675 1132 750 potest
1143 675 1179 729 et
1191 665 1263 730 ani-

221 795 334 838 »mam
349 782 383 836 et
396 791 512 858 corpas
528 766 689 857 conjicere
704 769 737 834 in
752 769 932 857 gebennam
940 767 964 834 ².
979 797 992 832 a
1006 770 1064 834 Est
1083 783 1197 839 autem
1212 796 1262 860 ge·

220 884 337 954 benna,
360 877 451 944 locus
474 876 528 946 ubi
552 876 725 966 punientur
745 876 801 965 qui
823 877 941 964 injuste
962 877 1113 954 vixerint,
1138 903 1206 946 nec
1225 903 1260 944 ea

220 988 413 1058 crediderint
426 987 532 1054 sutura
545 1007 756 1076 quecumque
772 986 859 1052 Deus
873 1009 931 1074 per
946 985 1114 1053 Christum
1130 988 1257 1055 docnt.

269 1095 346 1163 XX.
370 1094 418 1162 Ac
439 1092 558 1182 Sibylla
580 1093 709 1182 quidem
731 1106 763 1159 et
781 1095 942 1183 llistaspes
960 1118 998 1160 ea
1027 1119 1100 1184 quse
1118 1109 1260 1187 corrup-

218 1207 296 1272 tioni
311 1204 446 1272 obnoxia
459 1215 545 1278 sunt,
558 1204 631 1292 igne
642 1215 867 1292 consumptum
882 1205 920 1268 iri
933 1203 1094 1272 dixerunt.
1112 1206 1257 1273 Philoso-

218 1316 274 1406 pbi
290 1312 334 1381 illi
351 1314 404 1401 qui
419 1312 570 1379 dicuntur
586 1312 701 1388 Stoici,
717 1313 820 1378 Deum
836 1314 941 1402 ipsum
961 1314 1121 1404 inignem
1140 1316 1254 1384 moiri

219 1426 348 1501 docent,
357 1421 559 1490 eomundum
572 1436 643 1511 post
653 1423 907 1490 immutationem
918 1447 1028 1490 rursus
1040 1426 1119 1490 oriri
1132 1426 1243 1494 dsunt.

218 1534 398 1603 Nosautcm
408 1533 607 1623 prestantius
619 1532 740 1621 aliquid
750 1535 956 1602 mutabilibus
966 1538 1066 1602 rebus
1077 1551 1248 1603 creatorem

126 1723 130 1732 Ι
218 1646 362 1712 omnium
372 1644 477 1710 Deum
488 1641 658 1712 credimus
678 1643 778 1732 lgitnr
794 1645 819 1710 si
831 1645 976 1733 quasdam
992 1645 1110 1711 similia
1123 1647 1189 1722 bis,
1201 1651 1250 1737 qui

147 1733 150 1742 ,
217 1755 302 1843 apud
318 1777 373 1821 vos
388 1753 421 1820 in
435 1752 537 1842 pretio
552 1764 638 1827 sunt,
656 1753 757 1839 poetis
773 1765 805 1818 et
815 1751 1025 1843 pbilosophis,
1043 1758 1248 1842 qumdaman-

217 1876 283 1928 tem
298 1861 421 1952 plenius
436 1873 469 1927 et
480 1847 614 1926 divinius
626 1859 822 1936 disserimus,
839 1862 934 1950 idque
946 1861 1005 1928 soli
1017 1886 1098 1930 cum
1111 1865 1246 1932 demone
1292 1861 1294 1864 ’

217 1971 369 2045 trudonea
388 1993 448 2038 cur
467 1992 561 2059 snpra
582 1991 692 2035 omncs
709 1969 835 2056 injustis
851 1969 932 2036 odiis
951 1969 1155 2058 flagramus?
1169 1973 1246 2039 Dnm

216 2084 332 2150 enimn
347 2080 562 2148 Deodicimus
577 2091 688 2166 ornata
699 2091 733 2144 et
743 2077 826 2144 sacta
837 2078 955 2152 omnia,
972 2078 1118 2146 Platonis
1132 2097 1246 2151 senten

215 2191 293 2258 tium
309 2189 451 2280 prolerre
461 2188 655 2261 videbimar;
675 2186 752 2251 dum
768 2185 1051 2274 conflagrationem
1063 2191 1152 2267 lore,
1166 2193 1241 2258 Stoi-

215 2322 348 2366 corum:
369 2298 446 2364 dum
461 2309 569 2361 autem
584 2294 807 2383 improborum
819 2294 951 2371 animas,
967 2296 1067 2363 etiam
1083 2313 1153 2387 post
1165 2322 1235 2364 mor-

215 2423 293 2484 tem,
314 2429 408 2474 sensu
427 2403 575 2493 praeditas
593 2403 714 2490 puniri,
733 2405 893 2468 bonorum
911 2426 929 2467 a
949 2404 1116 2494 suppliciis
1136 2407 1232 2474 libans

212 2521 306 2585 beata
320 2537 414 2604 agere
420 2535 430 2588 ς
449 2513 563 2578 eadem
581 2522 620 2578 ac
638 2525 740 2600 poetae
759 2525 792 2578 ct
805 2511 987 2602 philosophi
1004 2513 1114 2582 dicere
1131 2516 1238 2583 videbi

214 2649 307 2694 mur:
326 2625 404 2692 dum
418 2622 565 2691 homines
579 2621 612 2686 id
628 2621 714 2709 quod
729 2621 803 2711 ip‘sis
818 2623 910 2711 pejus
924 2634 974 2688 est
988 2622 1092 2689 colere
1104 2649 1163 2690 non
1177 2627 1230 2690 de-

212 2739 305 2810 berer
321 2734 407 2802 idem
418 2733 552 2800 dicimus
563 2730 650 2818 quod
662 2730 836 2796 Menander
847 2731 1104 2820 comicusetqui
1119 2731 1227 2798 similia

212 2843 335 2933 loquuti
354 2851 438 2910 sunt.
461 2839 615 2928 Maiorem
629 2837 715 2904 enim
734 2861 804 2904 esse
822 2861 919 2929 opere
936 2841 1228 2932 opificempronun-

211 2953 340 3019 tiarunt.
982 3041 984 3044 Ι

255 3061 348 3130 ΧΧΙ.
369 3061 582 3136 Dumautem
599 3057 755 3137 Verbum,
778 3084 847 3149 quae
867 3061 968 3150 prima
988 3075 1038 3130 cst
1057 3063 1117 3130 Dei
1136 3087 1238 3155 proge-

212 3173 292 3248 nies,
308 3170 375 3236 sine
390 3169 537 3236 mistione
552 3169 694 3258 genitum
710 3170 857 3246 dicimus,
873 3170 984 3237 Jesum
1001 3173 1171 3240 Christum
1184 3197 1245 3242 ma-

210 3284 346 3374 gistrum
364 3291 524 3353 nostrum,
543 3279 757 3366 eumdemque
776 3279 965 3346 crucifixum
983 3293 1016 3345 et
1031 3295 1203 3352 mortuum
1216 3295 1244 3348 at

210 3395 386 3462 redivivum
401 3390 579 3458 ascendisse
596 3391 629 3456 in
644 3389 777 3465 coelnm3
800 3390 879 3458 nihil
894 3393 934 3458 ab
951 3393 1000 3468 iis,
1016 3395 1073 3483 qui
1089 3398 1180 3484 apud
1195 3419 1246 3462 vos

211 3503 375 3578 dicuntur,
395 3499 482 3568 lovis
501 3497 573 3565 liliis
592 3498 731 3565 alienum
753 3511 785 3563 et
808 3523 926 3566 novum
949 3499 1126 3570 alles-imus.
1155 3506 1246 3572 Scitis

209 3613 295 3678 enim
320 3624 399 3698 quot
423 3611 511 3678 tovis
538 3607 619 3674 filios
644 3621 896 3676 commemorent
921 3611 1054 3698 spectati
1081 3615 1172 3701 apud
1196 3637 1247 3680 vos

210 3721 390 3808 scriptores,
408 3719 615 3794 Mercurium,
633 3719 698 3784 sive
712 3741 892 3792 sermonem
908 3719 1116 3809 interpretem
1131 3737 1168 3793 et
1182 3747 1246 3791 om

241 3847 251 3880 ¹
262 3845 354 3896 Mattlr.
365 3861 418 3904 xix,
431 3846 470 3894 ²6.
480 3873 511 3884 -
521 3845 532 3880 ²
542 3845 634 3896 Matth.
645 3862 670 3906 1,
683 3845 723 3894 aa.
749 3889 751 3896 .
