2772 4620
317 221 379 284 562
617 239 728 284 sonoro
749 239 866 283 snsrrru
893 239 1061 282 ussurus

316 348 391 422 ruit,
414 345 531 421 Deum,
556 346 664 434 quiex
683 347 764 412 rubo
784 345 999 433 colloquutus
1016 357 1065 408 est
1086 367 1154 408 eum
1170 343 1273 415 otono

316 466 493 521 creatorem
508 453 727 520 universorum
737 454 841 520 Deum
856 451 1084 541 intelligemus
1095 451 1275 524 fuissemus

316 585 412 651 quem
426 576 459 628 et
480 562 615 628 Abrabae
633 574 666 628 et
684 563 772 628 loono
787 577 818 627 et
836 561 944 628 Jacob
965 559 1150 648 apparuisse
1163 559 1277 622 denouu

316 687 385 738 tum
399 683 460 747 ost,
477 671 531 757 qui
549 673 645 737 etiem
662 673 879 738 universorum
897 668 1067 736 creatoris
1083 667 1141 732 Dei
1159 665 1279 754 angelos·

319 793 410 846 untur
424 792 456 846 et
469 803 539 844 esse
555 780 751 869 intelligitur,
767 803 805 845 eo
820 778 906 867 quod
920 803 942 842 a
965 778 1070 842 Putre
1085 787 1118 840 et
1133 786 1244 841 creatore
1256 797 1278 835 u·

319 911 481 954 versorum
497 890 645 956 mandato
660 891 701 956 od
716 890 859 956 homines
870 889 1035 977 perferat.

365 995 447 1062 'l'um
464 1019 524 1086 ego
546 1022 672 1064 rursum
690 1022 699 1064 z
721 999 793 1065 Jem
808 999 1076 1070 demonstrabo,
1095 995 1225 1080 inquom,
1237 989 1279 1054 olf-

324 1105 400 1192 pho,
414 1105 446 1170 in
460 1105 555 1171 Mosis
567 1108 685 1172 visione
698 1108 801 1195 ipsum
816 1106 904 1172 illum
916 1107 976 1196 qui
998 1116 1035 1170 et
1052 1101 1181 1191 angelus
1193 1113 1281 1164 vocuo·

324 1213 408 1278 Deus
422 1226 483 1288 est,
506 1215 610 1280 solum
627 1217 808 1304 apparuisse
824 1215 915 1290 blosi,
933 1229 969 1280 et
993 1237 1079 1280 cum
1098 1235 1137 1276 eo
1155 1208 1282 1294 colloquio

322 1345 399 1386 esse.
422 1321 476 1388 Sic
490 1324 576 1388 enim
591 1324 635 1388 uit
653 1323 815 1412 Scriptura
828 1348 836 1388 ε
853 1350 866 1384 ι
882 1322 1053 1412 Apparuit
1069 1331 1177 1384 nutem
1189 1317 1212 1379 ei
1228 1315 1283 1398 supi

325 1459 336 1489 ι
353 1429 479 1493 Domini
491 1430 523 1496 in
536 1431 606 1518 igne
622 1429 811 1508 llnmmae‚ex
826 1432 906 1496 rubo
921 1443 978 1496 :et
1000 1429 1152 1501 videbat,
1166 1422 1232 1512 quod
1244 1423 1281 1482 nlo

326 1538 478 1602 sorderet
499 1540 570 1627 igne
585 1550 618 1604 et
640 1563 705 1605 non
721 1543 974 1606 combureretur.
1000 1539 1099 1606 Dixit
1121 1531 1276 1600 aureolo

326 1675 339 1706 o
353 1645 477 1720 Vadens
493 1649 607 1714 videbo
619 1651 771 1716 visionem
788 1651 871 1716 bono
885 1673 1059 1738 magnum,
1076 1647 1149 1735 quin
1163 1665 1215 1708 noo
1224 1659 1280 1703 coos·

327 1785 339 1818 s
355 1758 435 1823 ritur
452 1759 559 1824 rubus.
580 1759 721 1824 Cernens
735 1771 842 1825 nutem
857 1759 1018 1825 Dominus
1037 1756 1133 1846 quod
1149 1748 1281 1828 ,ucoedoottt

330 1895 342 1926 s
358 1865 541 1942 videndum,
551 1868 673 1934 vooovit
686 1889 759 1932 eum
771 1890 810 1931 ox
821 1867 931 1932 rubo¹.
947 1857 1235 1946 »Quemadmodum
1242 1851 1278 1937 ὶςθ·

331 1975 491 2062 Scripturo
514 1999 588 2041 eum
608 1978 661 2064 qui
690 1977 812 2042 Jucobo
831 1977 863 2040 in
885 1977 1004 2042 somnis
1030 1971 1197 2062 apperuit,
1212 1958 1280 2048 uolt

331 2084 483 2171 uppellott
498 2084 613 2152 deinde
628 2086 732 2173 ipsum
750 2083 838 2150 illum
851 2085 904 2172 qui
923 2085 955 2150 in
968 2083 1099 2150 somnis
1112 2073 1277 2173 opponitur?

334 2193 399 2257 lum
415 2193 472 2280 ipsi
489 2193 601 2258 dixisse
617 2205 744 2259 norrot:
763 2221 775 2252 ι
791 2195 857 2282 Ego
872 2215 943 2258 sum
965 2193 1072 2266 Deus,
1094 2189 1152 2277 qui
1169 2169 1275 2271 appollo

333 2323 436 2364 onum
456 2299 579 2387 lugeres
598 2325 615 2365 a
636 2301 716 2367 lucie
731 2303 812 2366 Esou
829 2301 931 2365 lrntris
948 2301 993 2365 tui
1005 2300 1032 2372 ’ς
1057 2329 1071 2361 o
1087 2310 1123 2362 et
1138 2279 1271 2390 ,nouom

334 2407 499 2494 injudicio
519 2407 731 2475 Sodomorum
747 2409 921 2474 Dominum
943 2433 960 2473 a
974 2407 1126 2473 Domino
1142 2403 1173 2468 in
1186 2381 1277 2467 toltlll'

333 2516 418 2579 oium
434 2513 575 2581 intulisse
591 2516 667 2582 dixit
685 2541 693 2580 :
707 2517 794 2582 itaet
809 2515 958 2583 hocloco
974 2515 1134 2604 angelum
1150 2491 1279 2576 nonduin

334 2625 514 2712 opporuisse
537 2623 688 2699 reserens,
715 2647 753 2690 uo
776 2635 883 2712 posteo
905 2623 1085 2690 Dominum
1102 2620 1188 2688 illum
1204 2623 1225 2677 tl
1238 2605 1279 2670 θῶ

335 2757 403 2799 osse
423 2731 598 2808 declarans,
622 2753 686 2798 non
702 2731 798 2799 olium
821 2734 975 2823 designat,
996 2757 1098 2821 quem
1115 2712 1283 2820 quemplod‘r

337 2843 521 2908 testimoniis
531 2845 595 2930 jum
607 2841 782 2908 ollotisDeo
795 2843 1065 2932 supermundano,
1077 2861 1171 2931 supro
1180 2819 1282 2921 quoodo

337 2961 472 3023 nonest,
487 2950 666 3016 ministrare
681 2950 847 3039 significat.

380 3057 463 3123 LXI.
477 3057 547 3124 Alio
558 3061 653 3124 etium
665 3060 753 3126 vobis
764 3060 982 3148 exscriptoris
994 3058 1186 3130 testimonio,
1195 3035 1286 3115 ooioid

339 3170 522 3236 monstrabo
535 3169 640 3235 Deum
655 3182 728 3235 ante
745 3193 855 3236 omnes
869 3193 919 3236 res
934 3183 1067 3247 orestas,
1088 3169 1207 3236 initium
1215 3147 1286 3258 good-J

338 3303 377 3345 ox
399 3279 500 3369 seipso
525 3280 673 3346 virtutem
699 3279 869 3367 quomdam
892 3277 1098 3357 rationalem,
1122 3297 1187 3368 quo
1206 3255 1288 3332 θθθθῶ

338 3390 464 3456 Domini
479 3388 627 3477 aspiritu
640 3399 748 3454 saneto
764 3401 906 3463 vocatur,
923 3411 960 3454 oo
980 3411 1066 3456 nune
1080 3387 1188 3457 Filius,
1200 3358 1290 3474 nortl·

339 3499 467 3585 pientio,
485 3520 570 3563 nuno
587 3497 740 3588 Angelus,
757 3519 844 3565 nuno
858 3499 955 3572 Deus,
973 3519 1059 3564 nuno
1075 3496 1218 3566 Dominus
1229 3471 1290 3544 elil

339 3608 416 3670 bum
437 3628 444 3667 :
469 3607 628 3672 interdum
647 3609 743 3672 otiam
758 3607 973 3675 drobiduoom
992 3632 1025 3673 so
1040 3609 1109 3697 ipse
1123 3595 1245 3695 appollo·
1257 3581 1288 3645 ῶ

234 3765 238 3774 .
342 3711 405 3777 lilio
428 3714 520 3778 Narro
542 3715 574 3777 in
596 3713 695 3779 lorino
714 3715 849 3782 bominis
873 3739 1039 3808 apparens.
1069 3717 1184 3800 (Habet
1200 3687 1292 3771 ,poto

374 3841 475 3888 tltooo.
488 3859 526 3899 uo,
541 3859 562 3890 o.
576 3869 606 3877 —
617 3843 628 3874 ²
641 3843 705 3891 Gon.
719 3859 793 3903 xxxv,
804 3861 827 3907 7.
