2630 4614
257 199 298 263 58
659 217 872 276 sensuscone

253 325 360 414 ‚pluis
379 347 473 414 super
490 326 589 412 justos
607 335 640 389 et
658 324 791 411 injustos
801 323 824 387 ¹.
839 352 852 384 ι
873 323 934 388 Per
954 345 1008 392 vos
1027 323 1095 388 hoc
1115 321 1189 386 loco
1207 323 1273 386 mihi

253 431 358 507 liceat,
379 443 413 496 ut
431 432 516 520 apud
533 453 621 519 reges
639 430 842 519 philosophos
860 453 988 496 causum
1007 431 1148 505 dicenti,
1168 430 1201 494 in
1219 454 1273 494 ser-

253 564 381 607 monem
403 563 516 629 megno
537 538 673 606 clamore
694 540 926 606 exaudiendum
946 538 1080 604 liberius
1103 561 1268 625 emmpers.

256 649 394 727 Quinem
408 649 505 722 enim,
522 647 570 713 vel
585 670 625 712 ex
640 648 676 712 iis
691 648 744 735 qui
760 645 956 735 syllogismos
972 645 1157 720 resolvunt,
1171 658 1204 709 et
1217 670 1271 710 sue

255 756 349 842 bigne
364 756 448 822 dictu
463 753 648 830 dissolvunt,
665 767 698 820 et
712 777 803 820 voces
819 754 904 820 unde
916 755 1009 820 dictae
1021 756 1088 820 sint
1104 752 1268 842 explanant,

255 861 304 926 vel
326 861 419 926 exiis
439 862 492 950 qui
511 862 702 950 homonyma
720 874 753 926 et
768 884 957 949 synonyme,
977 885 1016 928 sc
1037 863 1268 951 praedicsmentr

255 981 287 1034 et
305 971 472 1045 axiomnte,
492 970 618 1057 etquid
636 971 675 1035 sit
694 970 886 1058 subjectum,
906 969 983 1057 quid
999 970 1213 1057 praedicatum
1224 970 1268 1032 do

256 1091 342 1153 cent,
359 1091 453 1167 utque
468 1078 516 1144 his
530 1090 562 1144 et
577 1077 643 1144 eliis
657 1078 813 1165 ejusmodi
828 1078 1030 1142 sermonibus
1045 1079 1184 1143 beatum
1196 1077 1267 1140 suli

256 1199 358 1252 torem
368 1186 506 1252 lecturos
516 1185 720 1276 pollicentur:
740 1186 882 1273 quinam,
895 1187 1040 1272 inquam,
1053 1209 1097 1250 ex
1107 1187 1156 1250 eis
1165 1187 1204 1250 itu
1214 1188 1266 1272 pui

256 1308 288 1360 et
303 1297 441 1362 insontes
456 1297 576 1372 vivunt,
593 1308 629 1362 ut
642 1296 785 1362 inimicos
800 1319 864 1362 non
879 1297 977 1361 modo
992 1319 1060 1360 non
1076 1297 1214 1368 oderint,
1227 1297 1265 1360 sel

256 1404 352 1468 etiem
372 1402 514 1493 diligent,
534 1405 623 1470 neiis
638 1405 691 1492 qui
706 1405 826 1492 priores
842 1402 1092 1478 maledixerunt,
1111 1429 1178 1470 non
1191 1403 1264 1468 mdc

258 1537 321 1579 uon
342 1511 542 1589 maledicent,
565 1513 651 1603 quod
672 1525 777 1581 temen
799 1513 1094 1580 moderatissimum
1116 1514 1262 1580 videretur.

258 1622 426 1688 sedetiam
445 1624 649 1698 benedicent,
670 1646 708 1689 nc
727 1647 786 1712 pro
808 1624 846 1688 iis
867 1635 1043 1712 precentur
1066 1625 1126 1711 qui
1150 1625 1261 1712 ἰμοπω

257 1731 327 1796 vite
342 1731 550 1797 insidiantur?
565 1732 606 1798 At
619 1744 727 1799 contra
739 1753 903 1820 nunquam
917 1731 1073 1798 desinunt
1085 1731 1258 1798 malenino

257 1840 332 1904 artis
347 1863 411 1904 suae
426 1863 539 1906 arcena
557 1841 616 1906 sihi
635 1840 708 1928 ipsis
723 1840 919 1929 investigere,
939 1863 979 1905 nc
993 1863 1127 1929 semper
1140 1837 1255 1904 uulidi-

258 1948 334 2034 quid
345 1948 447 2017 fucere
459 1949 603 2037 cupiunt,
615 1950 793 2016 institutum
805 1971 896 2012 suum
907 1959 1010 2012 artem
1020 1950 1202 2022 verborum,
1212 1971 1257 2012 non

258 2053 413 2120 sectorum
428 2055 727 2128 demonstrationem
741 2055 962 2120 existimantes.
986 2055 1088 2143 Apud
1107 2069 1255 2121 uossuten

258 2163 419 2251 reperietis
435 2165 594 2252 imperitos
610 2165 764 2240 homines,
785 2175 817 2228 et
832 2162 960 2251 opilices
974 2175 1009 2228 et
1023 2188 1114 2238 unm,
1129 2164 1247 2228 dminus

261 2271 363 2336 verbis
382 2283 529 2359 prestare
551 2274 671 2361 possint
689 2296 759 2338 esm
782 2295 850 2359 quae
867 2295 905 2336 ex
922 2271 1176 2338 doctrinnnmtn
1187 2293 1246 2358 pcr-

260 2378 386 2466 cipitur,
402 2379 578 2457 utilitatem,
596 2393 629 2447 at
646 2381 734 2448 lectis
752 2404 822 2446 enm
837 2401 906 2469 quae
924 2403 964 2444 ex
981 2383 1086 2450 animi
1097 2381 1254 2444 inductione

259 2487 479 2576 proficiscitur,
497 2489 719 2555 demonstrare.
738 2488 846 2576 Neque
857 2488 1056 2554 enimsverba
1068 2488 1255 2554 declamitant,

260 2598 315 2663 sed
334 2610 419 2665 recte
439 2597 519 2664 fecto
539 2598 708 2664 exhibent:
730 2598 961 2687 percutientem
978 2623 1046 2664 non
1068 2613 1254 2688 repetem,

260 2708 392 2793 rapienti
407 2705 494 2773 litem
508 2730 572 2774 non
588 2708 737 2784 scribere,
752 2706 1033 2796 petentibusdere,
1051 2711 1260 2796 proximmut

259 2816 396 2904 seipsum
414 2815 551 2905 diligere.

302 2923 374 2986 Xll.
395 2923 477 2990 Num
492 2925 599 3012 igitur,
614 2926 673 2992 nisi
684 2923 787 2992 Deum
798 2910 936 2992 humano
948 2928 1057 3015 generi
1071 2952 1210 3016 praeesse
1218 2953 1261 2992 cn·

262 3029 418 3104 deremus,
435 3032 476 3095 itu
492 3033 562 3119 puri
581 3044 612 3098 et
629 3033 767 3099 insontes
783 3034 979 3100 viveremus?
1000 3035 1038 3100 ld
1060 3038 1210 3124 prolecto
1223 3039 1263 3102 diu'

260 3163 322 3204 non
342 3152 454 3229 potest.
479 3141 543 3207 Sed
562 3144 634 3230 quie
651 3167 835 3232 persuasum
851 3144 1005 3208 habemus
1024 3146 1216 3212 reddituros
1229 3169 1267 3212 ne

260 3252 354 3316 totius
374 3251 469 3339 hujus
490 3254 558 3318 vitae
573 3255 727 3321 rationem
744 3256 773 3319 ei
790 3255 843 3342 qui
860 3265 892 3319 et
910 3279 967 3320 nos
981 3267 1014 3319 et
1029 3259 1199 3324 mundum
1212 3282 1266 3322 cne-

259 3359 350 3436 didit,
365 3361 448 3433 Deo;
471 3361 665 3427 moderatum
679 3376 710 3427 et
724 3362 926 3428 humanitatis
944 3361 1074 3449 plenem
1091 3376 1128 3430 et
1143 3391 1267 3455 espenc-

259 3467 354 3535 bilem
370 3471 465 3535 vitem
480 3481 658 3536 sectamur:
680 3470 756 3536 nihil
776 3471 828 3536 hic
846 3468 932 3544 meli,
951 3472 1076 3535 etiamsi
1098 3477 1176 3560 quis
1196 3477 1268 3540 sitan

259 3577 380 3663 eripiet,
396 3601 541 3666 passuros
555 3579 708 3654 arbitrati,
725 3579 810 3667 quod
825 3579 954 3666 quidem
970 3603 1044 3645 cum
1059 3581 1101 3647 iis
1117 3585 1268 3650 conseres

259 3680 334 3746 dum
352 3685 390 3748 sit
409 3711 477 3772 quse
496 3686 559 3753 illic
578 3712 595 3752 n
614 3710 729 3776 magno
748 3688 861 3756 ludice
883 3691 923 3755 ob
944 3689 1041 3754 vitem
1064 3705 1270 3760 mansuetus

290 3835 398 3884 ¹Mrtth.
410 3855 434 3896 v,
446 3841 486 3897 44.
