2648 4634
420 327 542 374 cerrus
566 327 727 408 istrienses.⁸
1019 303 1082 388 577

29 435 111 524 ipso
124 433 261 522 Spiritu,
274 431 363 500 edest
375 433 483 500 videre
494 434 641 500 omnibus
654 433 709 523 qui
718 431 767 500 rel
779 433 943 501 modicum
954 431 994 499 de
1005 433 1084 498 reri-

30 558 107 611 tnte
119 542 293 633 attigerint.
308 543 385 610 Hmc
399 555 507 610 sutem
522 567 588 612 non
599 543 845 612 testificarentur
859 541 1032 631 Scriptnrae
1044 541 1083 608 de

29 679 95 732 eo,
117 657 159 732 si,
176 651 320 723 similiter
332 668 373 716 ut
386 675 510 729 ornnes,
528 653 626 720 homo
641 663 764 720 tuntum
779 650 899 718 fuisset.
922 650 987 718 Sed
1002 674 1084 739 quo-

32 765 133 830 nium
155 760 340 852 preclarum
358 773 474 850 preter
492 785 603 828 omnes
626 761 738 830 hebuit
756 761 789 827 in
809 783 842 826 se
861 783 932 829 erm
951 773 1084 850 quaeest
1156 791 1159 802 ·

31 877 82 940 nb
107 872 261 940 altissimo
274 872 369 943 Putre
384 871 576 960 geniturum,
593 871 744 962 praeclnrs
760 883 868 940 eutem
886 871 1015 940 iunctus
1035 881 1084 938 est

31 996 72 1050 et
95 1006 134 1048 en
156 1007 227 1073 quse
249 995 356 1052 estex
377 980 505 1071 Virgine
520 984 750 1073 generationes·
762 993 895 1072 utreque
910 979 1082 1071 Scriptum

33 1094 160 1160 divinae
175 1093 216 1160 de
230 1115 269 1159 eo
284 1091 518 1159 testificentur:
536 1106 569 1160 et
587 1095 738 1183 quonium
752 1092 849 1161 homo
864 1091 1032 1158 indecorus
1049 1103 1083 1156 et

30 1207 214 1295 passibilis,
228 1220 261 1274 et
276 1231 373 1298 super
383 1207 507 1298 pullum
522 1210 617 1278 nsinae
632 1210 744 1277 sedens
753 1207 779 1286 ¹,
795 1219 886 1276 eceto
897 1219 930 1273 et
943 1205 1016 1274 felle
1028 1229 1082 1296 po

31 1329 144 1394 tetur,
167 1330 201 1384 et
215 1320 423 1408 spernebatur
438 1319 471 1386 in
487 1318 619 1411 populo,
634 1332 668 1386 et
683 1343 784 1409 usque
798 1317 840 1384 ed
854 1327 990 1384 mortem
1008 1317 1081 1384 des-

34 1428 194 1502 cendit¹s
216 1439 249 1496 et
266 1429 415 1518 quonism
432 1429 588 1496 Dominus
603 1441 744 1506 sanctus,
760 1441 794 1495 et
807 1425 960 1494 mirabilis
975 1427 1081 1495 consi·
1122 1421 1125 1429 ’

32 1537 165 1614 diarius,
193 1550 226 1604 et
247 1539 381 1606 decorus
408 1541 527 1630 specie,
553 1552 586 1606 et
614 1540 701 1606 Deus
727 1537 830 1614 sortis,
858 1560 954 1628 super
978 1539 1080 1604 nubes

31 1647 172 1716 veniens
194 1648 413 1716 universorum
434 1649 544 1738 judex,
565 1649 671 1716 omnin
692 1648 732 1714 de
752 1671 792 1714 eo
810 1647 983 1738 Scripturae
1004 1671 1081 1737 pro·

33 1760 228 1849 phetnbant.

84 1871 178 1938 Siout
191 1871 278 1938 enim
293 1872 391 1939 horno
405 1883 486 1948 eret,
502 1883 538 1938 nt
552 1881 730 1938 tentaretur
735 1893 745 1943 r
764 1869 810 1938 sic
822 1881 857 1936 et
871 1867 1028 1944 Verbum,
1043 1880 1080 1934 ut

38 1979 274 2070 glorificaretur
290 2003 299 2046 r
321 1983 540 2073 requiescente
554 1982 686 2072 quidem
701 1979 821 2056 V'erbo,
834 1990 870 2044 ut
883 1990 991 2068 posset
1006 1991 1079 2046 ten·

39 2090 117 2164 teri,
138 2101 171 2156 et
190 2090 385 2168 inhonorari,
405 2101 438 2158 ot
450 2089 609 2179 crucifigi,
629 2101 662 2157 et
680 2089 779 2164 mori;
801 2091 952 2180 absorpto
969 2099 1079 2156 eutem

36 2201 172 2272 homine
189 2201 223 2268 in
241 2223 281 2268 eo
300 2201 388 2290 quod
409 2201 520 2275 vincit,
543 2212 576 2268 et
598 2201 744 2276 sustinet,
765 2211 798 2266 et
813 2201 961 2289 resurgit,
976 2211 1009 2264 et
1027 2222 1078 2264 os-

37 2309 188 2376 sumitur.
214 2309 276 2377 idio
299 2309 395 2397 igitur
416 2309 442 2376 F
444 2306 514 2376 iiius
537 2309 595 2376 Dei
615 2309 772 2376 Dominus
791 2321 912 2385 noster,
940 2308 1076 2376 existens

6 2451 7 2488 ι
37 2421 185 2488 Verbum
199 2420 313 2497 Petris,
327 2432 361 2488 et
378 2419 463 2488 iilius
479 2420 639 2488 hominis:
656 2420 810 2509 quonium
824 2417 988 2496 exituris,
1005 2441 1077 2509 que

40 2556 83 2598 ex
104 2531 287 2598 hominihus
306 2530 446 2598 habebat
460 2553 572 2622 genus,
591 2555 662 2620 que
675 2544 709 2598 et
723 2530 789 2622 ipsu
806 2542 875 2598 erut
890 2529 1001 2605 homo,
1023 2529 1077 2596 hn-

37 2641 113 2706 buit
135 2639 309 2725 secundum
331 2639 495 2708 hominem
517 2640 767 2730 generationem,
797 2639 900 2707 iectus
921 2651 970 2706 est
990 2637 1075 2704 iilius

35 2749 189 2818 hominis.
212 2749 345 2838 Propter
358 2750 423 2820 hoo
436 2763 470 2817 et
484 2750 552 2839 ipse
569 2750 725 2818 Dominus
741 2749 828 2816 dedit
843 2749 936 2816 nobis
950 2749 1077 2839 signum

36 2859 70 2928 in
90 2857 319 2948 profundunt
340 2859 373 2928 in
392 2858 593 2926 altitudinem
612 2883 751 2934 sursum,
774 2858 862 2948 quod
881 2881 946 2924 non
963 2871 1075 2950 postn-

35 2967 115 3036 levit
132 2967 242 3045 homo,
262 2968 335 3058 quin
354 2989 416 3036 nec
437 2968 574 3057 speravit
595 2967 749 3056 virginem
766 2978 983 3057 pregnantern
1004 2966 1074 3034 iieri

37 3099 145 3166 posse,
167 3099 236 3165 quse
260 3088 329 3144 oret
346 3076 448 3166 virgo,
468 3086 502 3142 et
520 3095 632 3164 parere
651 3073 767 3151 filium,
790 3085 823 3141 et
840 3074 928 3142 hunc
948 3085 1076 3164 partum

40 3187 149 3256 Deum
163 3209 230 3254 csse
242 3187 425 3262 nobiscum,
446 3197 480 3254 ct
492 3184 686 3254 descendere
705 3185 738 3255 in
755 3207 793 3252 eu
810 3208 882 3274 quae
897 3196 972 3251 sunt
986 3184 1076 3250 deor

36 3319 113 3365 sum
130 3315 233 3374 torre,
253 3309 449 3386 quaerentem
468 3319 561 3366 ovem
578 3319 650 3387 quse
669 3297 818 3386 perierat,
838 3295 927 3385 quod
945 3295 1076 3382 quidem

34 3419 108 3474 eret
120 3407 286 3496 proprium
300 3407 407 3498 ipsius·
417 3405 550 3498 plasme,
569 3419 603 3473 ct
620 3406 792 3474 escendere
807 3406 842 3476 in
857 3403 1071 3483 altitudinem,

33 3517 227 3584 offerentem
240 3529 274 3584 et
284 3517 562 3586 commendantem
568 3515 659 3582 Petri
674 3539 750 3584 eum
764 3516 928 3584 hominem
941 3519 998 3607 qui
1008 3517 1074 3584 iue-

33 3640 87 3694 rat
99 3626 260 3704 inventus,
276 3627 431 3718 primitius
446 3625 687 3694 resurrectionis
702 3625 843 3692 hominis
857 3626 891 3692 in
904 3627 1074 3716 semetipso

33 3737 178 3804 iaciens:
197 3749 236 3804 ut
246 3736 519 3828 quemadmodum
535 3749 632 3828 ceput
648 3735 819 3803 resurrexit
832 3759 851 3802 e
865 3737 1012 3814 mortuis,
1028 3739 1075 3806 sic

35 3861 68 3915 et
84 3845 243 3937 reliquum
260 3871 377 3939 comus
396 3849 500 3918 omnis
517 3847 670 3926 hominis,
690 3848 743 3937 qui
764 3847 922 3917 invenitur
944 3849 977 3915 in
997 3847 1073 3923 vitu,

68 3979 156 4030 *Emi
170 3997 223 4040 nu,
234 3997 262 4040 ις
277 3981 353 4032 zach.
367 3997 403 4042 rs,
415 3999 438 4046 9.
452 4009 482 4018 -
492 3979 503 4016 ²
513 3980 578 4033 Puni.
590 3999 675 4042 urm,
687 3995 726 4032 ιι.
737 3979 785 4018 -³
797 3980 864 4030 Esai-
879 3994 924 4040 ru,
939 3996 978 4040 ιι,
990 3979 1026 4036 ti·
