2616 4620
322 294 363 336 so
386 292 586 346 aureaveuu,
608 293 668 336 ura.
696 294 729 335 u.
977 269 1034 334 165

1 397 187 483 ignoraret,
204 398 245 462 ita
260 397 412 473 faciebam
431 399 488 465 sed
503 419 577 464 cum
592 398 632 464 sit
652 395 824 464 admodum
838 396 971 484 patiens,
988 394 1036 460 lo-

9 529 90 572 cum
104 507 134 571 ei
149 506 244 574 dabat
257 507 430 596 poenitendi
443 519 477 574 et
491 507 672 574 confitendi.

1 607 2 621 ¹
58 611 194 680 XXVll.
208 613 273 680 Sed
287 615 379 694 nobis¹
393 615 477 683 dicet
492 615 603 705 aliquis
620 638 629 681 ε
651 615 767 683 Natura
781 613 921 682 mortalis
936 615 1038 681 iaetus

1 718 63 788 est
80 723 202 790 Adam?
220 723 358 790 Minime.
380 724 465 791 Nunr
482 725 690 801 immortalis?
705 723 808 794 Nihilo
824 726 934 814 magis.
952 722 1035 790 Nihil

1 849 93 920 ‘ergo
108 830 196 896 erat?
207 831 315 919 Neque
330 833 424 898 etiam
441 832 474 898 id
488 832 632 900 dicimus.
650 834 749 923 igitur
758 857 818 900 nec
831 832 972 900 mortalis
983 853 1037 898 na·

1 945 101 1015 tura,
117 962 176 1006 nee
191 939 374 1006 immortalis
388 941 498 1009 factus.
517 941 597 1009 Nam
612 943 638 1008 si
656 941 865 1010 immortalem
888 944 926 1009 ab
948 941 1037 1008 initio

1 1047 153 1123 lecisset,
169 1047 272 1115 Deum
286 1071 360 1116 cum
375 1050 507 1118 fecisset.
522 1051 641 1118 Rursus
653 1053 678 1118 si
689 1051 866 1128 mortalem,
881 1052 1037 1118 videretur

1 1160 103 1225 oeus
119 1181 213 1225 causa
228 1157 310 1226 illius
325 1162 435 1228 mortis
449 1185 525 1228 esse.
545 1162 611 1229 Nec
624 1161 834 1229 immortalem
851 1163 945 1252 igitur
962 1162 1037 1228 lecit

12 1291 79 1334 nec
93 1267 271 1345 mortalem,
287 1271 355 1348 sed,
371 1284 406 1337 ut
419 1294 513 1360 supra
528 1271 676 1349 diximus,
688 1293 837 1361 capacem
848 1273 1009 1362 utriusque
1025 1293 1035 1335 ε,

13 1391 53 1443 ut
74 1381 100 1446 si
114 1381 155 1447 ad
169 1403 205 1446 ea
220 1379 355 1448 serretur
371 1403 440 1472 quae
456 1382 577 1449 ducunt
587 1381 628 1448 ad
642 1381 923 1458 immortalitatem,
935 1385 1040 1448 obser·

1 1491 130 1556 *vendis
139 1491 197 1561 Dei
211 1492 379 1569 mandatis,
393 1494 571 1583 mercedem
584 1495 623 1560 ab
639 1515 677 1560 eo
693 1495 849 1584 acciperet
860 1491 1041 1559 immortali-

13 1611 129 1674 tatem,
145 1611 177 1666 et
188 1601 272 1666 Deua
287 1601 394 1673 lierets
408 1603 435 1668 si
447 1625 521 1670 vero
533 1601 715 1670 deflecteret
729 1603 770 1669 ad
786 1625 823 1668 ea
835 1625 904 1692 quae
919 1602 1042 1668 ducunt

1 1709 48 1774 in
64 1721 212 1784 mortem,
225 1709 452 1778 non'obediens
462 1712 543 1787 Deo,
556 1712 622 1800 ipse
633 1711 691 1777 sibi
704 1711 813 1778 mortis
825 1722 936 1777 auctor
945 1720 1036 1775 esset.

1 1817 168 1884 Liberum
180 1819 265 1884 enim
276 1818 360 1884 Deus
370 1831 404 1913 et
413 1820 461 1885 sui
472 1819 550 1908 juris
562 1819 724 1886 bominem
738 1819 821 1886 lecit.
837 1819 934 1900 Quod
948 1819 1041 1908 igitur

1 1926 79 1992 *sihi
101 1927 169 2014 ipse
191 1925 379 2016 negligentia
398 1939 438 2016 et
446 1929 657 1996 inobedientia
671 1931 889 2005 accersiverat,
904 1929 938 1994 id
955 1951 1041 1995 nunc

15 2037 106 2100 Deus
120 2036 150 2100 ei
165 2035 297 2101 redonat
308 2059 365 2124 pro
378 2059 433 2101 sua
445 2035 593 2126 singulari
604 2037 799 2106 humanitate
809 2050 842 2102 et
855 2037 888 2102 in
899 2037 1042 2103 homines

1 2145 79 2232 ;ipsi
94 2141 346 2232 obtemperantes
361 2145 585 2218 misericordia.
601 2145 879 2226 Quemadmodum
892 2145 976 2210 enim
988 2143 1042 2210 ho-

16 2277 86 2329 mo,
104 2277 168 2319 non
184 2252 373 2329 obediendo,
391 2266 527 2319 mortem
541 2255 600 2320 sibi
620 2256 686 2341 ipse
701 2254 811 2325 traxit;
830 2255 875 2317 sic
890 2252 1042 2319 voluntati

16 2363 78 2428 Dei
93 2362 295 2451 obsequendo
305 2373 408 2451 potest
423 2361 476 2448 qui
488 2360 620 2426 voluerit
630 2372 780 2427 aeternam
790 2361 887 2426 vitam
898 2361 956 2427 sibi
968 2383 1043 2428 con-

1 2471 137 2544 fciliare.
157 2471 273 2559 Legem
287 2471 372 2536 enim
386 2469 472 2535 Deus
486 2480 519 2533 et
534 2481 640 2536 saneta
655 2470 745 2534 nobis
767 2481 922 2558 precepta
941 2469 1039 2545 dedit,

17 2603 90 2667 quae
103 2580 241 2667 quisquis
255 2579 464 2645 observaverit
476 2576 859 2666 potestsalutemassequi,
869 2591 901 2644 et
912 2602 1043 2667 compos

1 2761 2 2767 χ
17 2690 257 2754 resurrectionis
272 2688 386 2764 sactus,
404 2697 501 2753 status
516 2712 532 2752 a
552 2688 754 2776 corruptione
766 2685 857 2752 alieni
874 2687 1042 2753 haereditu·

16 2813 84 2866 tem
100 2799 251 2888 accipere.

64 2909 214 2976 XXVlll.
233 2910 362 2997 Ejectus
377 2909 472 2996 igitur
489 2907 591 2973 Adam
606 2926 644 2970 ex
658 2904 821 2978 Paradiso,
837 2903 883 2969 sie
898 2908 1044 2993 cognovit

19 3041 152 3085 rrxorem
168 3040 268 3092 suam,
284 3039 379 3103 quam
391 3017 421 3080 ei
435 3016 521 3081 Deus
535 3017 568 3080 in
584 3035 714 3080 uxorem
729 3036 768 3078 ex
786 3013 881 3100 ipsius
897 3027 982 3080 coste
1002 3016 1046 3080 se-

20 3141 120 3196 eerat.
139 3127 241 3214 Atque
255 3127 288 3191 id
299 3125 439 3214 quidem,
452 3149 516 3190 non
528 3125 613 3213 quod
624 3125 791 3214 separatim
802 3147 934 3191 uxorem
947 3125 1044 3215 ipsius

22 3239 144 3328 lingere
157 3258 220 3302 nou
236 3247 352 3323 posset,
369 3215 424 3302 sed
437 3235 621 3323 providebat
630 3235 715 3300 Deus
727 3233 962 3300 multitudinem
973 3237 1046 3300 deo-

23 3371 98 3414 rum
116 3349 155 3412 ab
170 3345 351 3412 bominibus
370 3345 535 3411 inductum
549 3345 598 3410 iri.
617 3345 699 3410 Cum
714 3344 808 3433 igitur
826 3345 973 3432 praescius
996 3345 1043 3408 lu-

23 3474 171 3524 turornm
188 3467 282 3531 esset,
299 3477 337 3522 ae
351 3455 493 3521 sutorum
508 3454 628 3522 videret
643 3466 678 3519 ut
693 3454 843 3542 serpentis
859 3475 953 3540 opera
969 3453 1047 3518 mul-

24 3567 194 3632 titudinem
218 3565 350 3631 deorum
374 3589 438 3630 non
461 3566 649 3631 exstantium
669 3587 758 3630 error
780 3561 940 3628 inveheret
961 3563 1048 3648 (tum

28 3675 202 3742 cumcuim
221 3697 303 3740 unus
318 3685 399 3740 esset
414 3673 512 3748 Deus,
534 3675 599 3764 jam
614 3672 825 3738 meditabatur
839 3695 927 3736 error
946 3671 1050 3737 multi-

29 3784 171 3849 tudinem
186 3784 318 3850 deorum
333 3805 477 3872 spargere
495 3795 527 3847 et
542 3782 646 3848 dicere
664 3803 671 3845 :
691 3779 798 3846 Eritis
811 3783 894 3845 siout
909 3781 991 3869 dii),
1009 3805 1048 3845 ne

31 3894 100 3978 quis
116 3894 209 3980 igitur
225 3895 436 3982 suspicaretur
454 3892 555 3958 virum
574 3894 612 3958 ab
629 3891 727 3957 altero
742 3889 1048 3964 Deo,n1ulierernah
