2710 4662
248 217 290 301 96
634 230 748 275 suscrr
771 231 894 276 rcnsru

246 341 337 408 irunt.
353 339 394 406 dt
407 360 467 428 ego
478 359 590 403 eorum
605 337 730 423 injuriis
743 338 845 424 magis
855 337 992 402 erudior.
1007 339 1095 406 «Sed
1112 363 1183 406 non
1199 367 1290 432 Ρη).

245 463 321 516 »te'r
335 447 398 515 boc
415 445 605 535 justificatus
620 444 722 510 sum¹.
733 473 746 506 r
757 443 887 511 Utindm
904 446 991 513 fruor
1006 449 1118 514 bestiis
1134 451 1218 516 mibi
1234 477 1288 541 pa-

241 559 317 624 rntis
331 581 339 622 :
353 579 432 646 quas
447 568 480 620 ot
494 563 572 645 opto
587 551 713 620 voloces
724 553 803 619 mibi
816 555 948 620 inveniri
956 579 965 628 ς
983 579 1063 644 quos
1075 569 1109 622 et
1123 557 1285 625 blanditie

240 665 443 740 demulcebo,
457 676 493 729 ut
508 663 602 730 citius
617 685 670 728 me
685 663 856 736 devorent:
871 683 937 730 non
952 677 987 729 ut
1001 666 1164 754 quosdam
1182 671 1285 734 ver-iu

245 799 310 842 non
325 775 508 863 attigerunt.
527 771 592 838 Sed
609 771 682 838 etsi
698 772 773 860 ipsae
787 770 947 838 volentem
961 773 1077 852 nolint,
1090 799 1156 864 ego
1171 779 1205 841 vi
1220 780 1284 844 ndi-

242 905 324 972 gam.
347 882 504 972 Ignoscite
526 879 604 946 mibi
622 904 631 946 r
649 880 727 968 qnid
744 877 824 946 mibi
848 881 925 947 utile
944 883 984 948 sit
1003 907 1062 973 ego
1083 887 1172 951 novi.
1195 887 1283 956 Nunc

242 991 359 1080 incipio
375 988 548 1080 discipulus
562 1011 631 1054 csse
641 987 663 1052 ².
676 987 854 1056 visibilium
866 1003 899 1056 et
914 991 1119 1060 invisibilium
1133 995 1216 1062 nibil
1230 1023 1282 1062 ex-

243 1114 363 1193 petam,
380 1113 415 1166 ut
429 1099 540 1166 desum
556 1093 720 1166 Christum
734 1119 892 1188 assequar.
916 1101 1013 1192 ignis,
1030 1126 1125 1179 crux,
1144 1104 1279 1175 serarum

128 1213 132 1220 '
243 1233 430 1284 concursus,
444 1210 562 1274 ossium
578 1209 818 1298 discerptiones,
830 1213 1049 1278 membrorum
1065 1217 1275 1290 concisiones,

242 1321 339 1398 totius
354 1319 495 1407 corporis
511 1319 730 1395 contritiones,
747 1317 830 1386 mnia
844 1319 969 1390 Dieboli
988 1333 1168 1402 tormenta,
1185 1328 1217 1392 in
1232 1351 1275 1394 me

242 1429 387 1500 veniant:
406 1426 628 1492 tantummodo
643 1439 679 1492 ut
693 1428 804 1494 Jesum
820 1423 983 1494 Christum
998 1431 1181 1498 nanciscor.

286 1535 341 1602 vt.
361 1533 412 1603 Nii
426 1556 483 1602 mc.
494 1535 651 1622 juvabunt
669 1533 749 1600 fines
764 1536 888 1611 mundi,
905 1555 966 1603 nec
982 1559 1080 1625 regno
1104 1535 1206 1629 hujus
1223 1565 1272 1608 se-

243 1646 317 1712 culi.
331 1643 443 1710 Melius
454 1655 502 1708 est
512 1643 591 1709 mihi
605 1644 705 1709 emori
720 1657 851 1733 propter
861 1644 973 1712 Jesum
989 1644 1175 1724 Christum,
1187 1675 1269 1740 quom

242 1757 399 1845 imperare
413 1753 533 1820 finibus
545 1763 647 1818 terrae.
664 1751 758 1818 Ilium
770 1775 878 1842 quaero
889 1754 943 1842 qui
958 1777 1017 1843 pro
1028 1758 1125 1840 nobis
1136 1771 1261 1825 mortum

241 1879 300 1932 cst.
315 1863 410 1931 iilum
424 1861 495 1930 volo
510 1864 564 1951 qui
580 1875 778 1953 propternos
794 1866 974 1932 resurrexit.
990 1865 1047 1934 lile
1059 1867 1195 1936 lucrum
1205 1871 1267 1936 mibi

242 1975 376 2062 adjacet.
391 1973 548 2062 ignoscite
559 1970 651 2048 mihi,
664 1973 776 2040 iratres
784 1998 794 2047 ς
809 1997 851 2040 no
861 1975 939 2042 mibi
951 1975 1190 2067 impedimento
1205 1981 1274 2051 sit'u,

241 2083 424 2170 quominus
439 2081 556 2154 rivoms
572 2103 612 2147 ne
628 2103 679 2148 me
694 2081 796 2149 velitis
810 2084 891 2150 mori
900 2107 909 2158 ;
926 2107 1063 2176 cumque
1077 2089 1216 2176 cupiam
1226 2089 1279 2156 liei

243 2213 323 2267 esse,
342 2213 399 2279 per
420 2187 578 2254 mundum
598 2213 640 2256 no
660 2192 815 2280 separetis
830 2211 895 2268 mc,
916 2215 1017 2282 neque
1033 2213 1090 2283 per
1102 2199 1283 2262 materiam

242 2297 408 2362 seducatis.
424 2295 524 2362 Sinite
535 2319 587 2364 me
599 2319 716 2386 purum
727 2297 836 2363 lumen
849 2299 983 2367 haurire.
995 2299 1072 2366 Cum
1084 2297 1150 2366 ibic
1161 2301 1283 2378 suero,

243 2409 340 2472 bomo
356 2427 422 2471 ero.
442 2405 542 2474 Sinite
557 2429 608 2473 mc
623 2408 818 2472 imitatorem
829 2431 898 2474 esse
912 2409 1127 2498 porcionisbei
1142 2413 1228 2479 mci.
1248 2413 1280 2479 Si

242 2515 313 2604 quis
328 2515 431 2602 ipsum
447 2513 480 2578 in
495 2514 598 2602 seipso
613 2515 765 2602 possidet,
778 2513 933 2606 intelliget
944 2517 1020 2606 quid
1034 2517 1117 2596 roio,
1134 2532 1168 2585 ct
1185 2545 1277 2590 com·

242 2625 380 2714 potiatur
392 2622 485 2699 mibi,
501 2623 606 2711 utqui
621 2621 701 2689 sciat
715 2643 786 2712 quae
801 2647 854 2691 mo
869 2627 1100 2718 constringunt.

284 2733 354 2802 Vll.
376 2732 525 2820 Princeps
544 2731 641 2820 bujus
659 2730 767 2798 seculi
785 2755 897 2821 rupere
913 2755 966 2800 mo
981 2735 1061 2811 vuit,
1076 2749 1111 2802 et
1127 2737 1271 2806 votano-

141 2871 145 2878 ·
241 2859 319 2920 tom,
336 2865 432 2932 quom
446 2863 520 2930 erge
540 2841 643 2908 Deum
664 2840 780 2918 babeo,
801 2831 1018 2933 corrumpere.
1038 2843 1154 2913 Nullus
1170 2849 1270 2935 itaque

242 2967 381 3020 restrum
397 2954 450 3040 qui
465 2953 721 3040 praesentassetis
736 2975 830 3041 opem
846 2953 926 3019 scrut
941 2977 948 3018 :
964 2953 1022 3043 ipsi
1036 2957 1146 3044 potius
1161 2958 1220 3022 mei
1234 2955 1268 3020 si·

241 3067 293 3140 tis,
307 3063 410 3136 idest,
423 3062 480 3127 Dei
492 3061 566 3127 mei.
582 3059 628 3127 Ne
641 3059 812 3149 loquemini
826 3060 935 3128 Jc'sum
949 3063 1127 3140 Christum,
1141 3077 1174 3130 et
1185 3087 1273 3130 muu-

239 3177 318 3242 dum
333 3170 574 3260 concupiscotis.
595 3169 714 3245 lnridia
732 3171 763 3236 in
781 3171 869 3236 vobis
883 3195 948 3237 non
962 3173 1085 3240 habitet
1102 3199 1110 3240 :
1129 3189 1236 3262 neque
1252 3173 1274 3239 si

195 3349 199 3366 ,
239 3309 298 3376 ogo
314 3306 451 3375 praesens
465 3303 520 3346 vos
535 3281 713 3354 obsecrem,
735 3282 958 3370 obtemperetis
979 3282 1075 3356 mibi;
1096 3301 1211 3350 rerum
1228 3284 1275 3348 bis
1336 3319 1337 3410 p

239 3397 344 3484 potius
358 3393 491 3466 credite,
504 3413 574 3480 quac
589 3392 678 3456 vobis
690 3392 804 3457 scribo.
821 3391 935 3457 Vivens
950 3393 1036 3458 enitn
1051 3395 1159 3459 scribo
1170 3395 1275 3466 vobis,

241 3525 349 3567 amore
364 3513 474 3589 coptus
490 3497 655 3565 moriendi.
674 3498 763 3564 Meus
779 3521 870 3564 emor
884 3499 1054 3574 cmcifixus
1068 3513 1117 3568 est
1131 3527 1139 3567 :
1153 3514 1188 3568 et
1208 3527 1276 3569 non

191 3687 202 3698 ἱ
239 3624 287 3676 est
303 3611 334 3676 in
350 3631 402 3675 me
416 3609 496 3698 ignis
513 3630 623 3676 umens
639 3606 776 3697 aliquam
799 3627 932 3698 equam
955 3609 1010 3676 sod
1029 3612 1150 3688 vivens,
1174 3623 1207 3677 et
1227 3612 1277 3679 lo-

240 3719 384 3808 quentin
394 3701 459 3790 me,
469 3717 553 3782 intus
565 3716 643 3816 mibi
655 3717 732 3784 dicit
746 3741 754 3781 :
769 3715 848 3784 Veni
861 3717 900 3782 od
914 3715 1051 3783 Patrem.
1065 3719 1135 3786 Non
1148 3721 1275 3808 gaudeo

271 3848 365 3899 'siim
380 3861 414 3904 rr,
427 3846 450 3904 d.
461 3847 511 3885 -—²
522 3847 581 3897 inre.
597 3863 647 3904 nr,
661 3865 697 3912 ²7·
