2772 4620
275 275 337 358 ²7⁸
570 255 684 337 slacrr
706 295 826 338 rosrnu
849 293 1001 336 asarinus

274 401 358 490 leges
379 401 418 465 ab
440 401 591 488 improbis
608 399 726 488 augelis
742 401 981 466 accommodate
1000 399 1180 466 ad‘eorum
1199 403 1323 486 nequi-

273 511 350 576 tiam
366 509 524 610 institutas
541 509 672 586 scimus,
691 509 806 597 quibus
823 507 938 574 similes
957 533 1068 574 eorum
1085 508 1245 574 homines
1260 509 1321 574 de-

272 616 446 690 lectantars
465 628 534 680 tom
549 639 623 682 vcro
638 615 725 682 recta
742 617 823 680 ratio
838 615 1098 691 adveniens;·non
1110 637 1235 686 omnes
1246 615 1318 703 opi-

273 728 395 801 niones,
412 737 474 792 uec
491 726 617 793 decreta
635 728 742 792 omnia
759 725 910 816 praeclara
929 749 996 792 esse
1017 727 1241 799 demonstrat,
1262 727 1316 790 sed

274 836 418 924 quedam
435 833 528 912 mala,
546 837 691 922 quendam
709 836 803 900 bona.
824 835 931 913 Quare
947 835 1104 922 ejusmodi
1119 833 1315 899 hominibus

273 941 385 1010 eudem
402 941 506 1006 dicam
521 953 554 1006 et
570 939 694 1015 similia,
711 953 743 1008 et
755 943 896 1017 uberius,
916 938 940 1006 si
957 965 1035 1028 opus
1047 943 1121 1015 crit,
1139 941 1311 1006 disseram.

275 1049 367 1116 Nunc
381 1049 422 1114 atl
437 1050 634 1137 propositum
650 1048 759 1114 redeo.
1212 1123 1219 1134 1

277 1197 279 1200 -
315 1157 488 1245 Χ.’Ῑ,ἰφιθῐ
503 1179 578 1244 ergo
599 1179 648 1222 res
667 1168 789 1222 nostras
808 1179 875 1221 esse
894 1158 981 1222 omni
1001 1157 1138 1220 humana
1158 1157 1309 1221 doctrina

274 1263 483 1340 sublimiores,
500 1263 572 1353 quia
591 1264 745 1352 quidquid
762 1265 804 1329 ad
819 1264 960 1330 Verbum
979 1265 1130 1354 pertinet,
1147 1265 1184 1329 id
1207 1265 1309 1328 extitit

274 1375 418 1441 Christus
433 1373 484 1461 qui
500 1395 558 1461 pro
575 1375 666 1440 nobis
681 1374 838 1463 apparuit,
855 1395 969 1463 nempe
984 1397 1099 1462 corpus
1111 1383 1144 1438 et
1163 1373 1307 1440 Verbum

273 1497 305 1550 et
324 1485 439 1550 anima.
460 1481 678 1569 Quaecumque
697 1483 782 1547 enim
800 1481 949 1570 praeclare
971 1505 1110 1570 unquam
1129 1483 1240 1548 dixere
1255 1495 1306 1546 aut

271 1592 489 1680 excogitavere
503 1587 681 1677 philosophi
700 1601 754 1654 aut
774 1589 879 1677 legum
900 1589 1027 1664 latores,
1045 1591 1114 1656 haec
1130 1593 1262 1657 invento
1276 1607 1307 1656 et

274 1701 471 1768 considerato
489 1697 593 1784 aliqua
612 1719 651 1761 ex
672 1710 762 1783 parte
782 1695 887 1762 Verbo
915 1696 1129 1762 elaborarunt.
1152 1699 1218 1764 Sed
1235 1701 1303 1787 quia

274 1831 338 1876 non
357 1807 462 1874 omnia
483 1827 554 1892 quas
575 1815 647 1870 suut
669 1803 779 1878 Verbi,
800 1805 832 1872 td
851 1816 898 1868 est
922 1805 1052 1881 Christi,
1075 1817 1303 1894 cognoverunt,

273 1939 414 2006 persaepe
424 1937 532 1980 secum
543 1914 617 2001 ipsis
631 1914 802 2000 pugnantia
817 1913 973 1977 dixerunt.
992 1916 1033 1980 Et
1048 1916 1102 2003 qui
1119 1915 1248 1982 Christo
1264 1941 1305 1980 se-

274 2019 415 2092 cundum
429 2019 753 2112 humanamnaturam
765 2021 955 2110 antiquiores
969 2045 1229 2112 unamquamque
1242 2049 1306 2090 rem

275 2135 396 2198 ratione
411 2132 597 2218 investigare
609 2141 663 2192 aut
679 2127 820 2194 refellere
836 2131 971 2217 aggressi
983 2145 1070 2206 sunt,
1086 2132 1108 2196 ii
1125 2145 1161 2196 ut
1176 2133 1265 2221 impii
1277 2147 1307 2197 et

275 2241 390 2306 curiosi
411 2241 442 2302 in
462 2237 617 2325 judicium
630 2236 871 2302 abducti'loere.
895 2237 1041 2315 Quorum
1053 2241 1198 2304 omnium
1215 2239 1306 2328 louge

276 2347 474 2414 firmissimos
490 2346 550 2414 hac
565 2345 597 2409 in
613 2367 648 2409 re
662 2341 808 2409 Socrates
819 2345 851 2410 in
864 2343 975 2412 eadem
990 2368 1029 2410 ac
1044 2369 1102 2412 nos
1115 2349 1308 2412 criminaso-

277 2469 366 2532 uatus
385 2467 442 2519 est.
469 2453 556 2519 Nova
572 2452 657 2517 enim
675 2452 820 2518 dixerunt
838 2455 878 2516 ub
902 2473 941 2517 eo
963 2453 1118 2520 daemonia
1138 2455 1262 2529 induci,
1278 2469 1308 2519 et

277 2587 356 2658 quos
368 2565 476 2630 civitas
484 2563 641 2627 existimat
652 2561 740 2634 deos,
756 2563 797 2625 ab
813 2582 851 2626 co
866 2575 930 2626 no'u
942 2563 1118 2628 existimari.
1132 2563 1239 2648 Atque
1250 2564 1306 2628 hic

278 2675 407 2764 quidem
428 2691 502 2736 cum
522 2669 621 2735 malos
638 2669 809 2743 daemones,
825 2691 842 2733 a
858 2671 974 2756 quibus
992 2693 1026 2736 ea
1038 2679 1208 2756 perpetrata
1225 2691 1302 2754 quse

278 2795 378 2874 poetro
391 2783 595 2869 scripserunt,
612 2777 743 2878 ejiceret
758 2778 896 2852 civitate,
913 2778 1084 2843 hominibus
1101 2785 1209 2840 auctor
1227 2790 1303 2840 erat
1375 2831 1376 2834 ,

279 2905 314 2955 ut
330 2892 702 2970 Homerumaecaeteros
713 2895 820 2972 poet-as
835 2885 1167 2951 amandarenttlleum
1178 2896 1302 2956 autem.

278 3019 374 3087 quem
396 2997 593 3084 ignorabant,
612 3005 647 3058 ut
668 2994 796 3058 rationis
811 2995 1049 3083 investigatione
1067 3007 1306 3084 cognoscerent,

278 3106 328 3173 bis
350 3127 404 3168 eos
420 3103 524 3178 verbis
539 3095 726 3166 hortabatur
740 3114 750 3165 :‘
767 3101 957 3169 «Parentem
971 3107 1003 3168 e't
1018 3103 1166 3193 opilicem
1182 3105 1310 3169 unirer·

279 3242 293 3277 s
310 3235 417 3279 sorum
432 3217 534 3297 neque
556 3209 696 3274 iuvenire
712 3207 815 3296 focile,
829 3235 901 3286 nec,
918 3213 943 3277 si
958 3215 1128 3289 inveneris,
1145 3213 1232 3302 apud
1244 3237 1311 3278 om-

281 3351 293 3386 »
307 3345 364 3388 nes
374 3301 548 3410 praedicare
560 3329 665 3385 tutum
674 3327 731 3382 est.
746 3347 759 3379 s
775 3319 851 3386 llaec
862 3333 968 3386 autem
981 3321 1127 3386 Christos
1139 3335 1247 3388 noster
1260 3347 1311 3386 soa

281 3430 377 3516 ipsius
388 3437 542 3516 potestate
554 3425 707 3512 praestitit.
723 3424 845 3490 Socrati
856 3427 942 3490 enim
954 3433 1048 3492 nemo
1060 3439 1188 3494 tantum
1205 3429 1313 3494 hahuit

282 3535 368 3608 lidei,
387 3545 421 3596 ut
436 3555 494 3619 pro
512 3532 574 3595 hac
589 3531 742 3595 sententie
761 3543 896 3598 mortem
913 3543 1087 3619 oppeteret.
1114 3533 1244 3598 Christo
1259 3558 1314 3598 au-

282 3655 361 3714 tem,
377 3663 471 3727 quem
488 3640 633 3705 Socrates
646 3637 747 3728 aliqua
759 3663 798 3708 ex
813 3653 901 3728 parte
917 3643 1064 3729 cognorit
1079 3643 1172 3728 (erat
1188 3648 1316 3713 enimet

283 3762 330 3816 est
345 3749 487 3814 Verbum
510 3747 587 3815 illud
603 3749 707 3814 omniu
725 3750 909 3836 pervadens,
922 3751 1008 3838 quod
1022 3764 1056 3816 et
1070 3774 1128 3841 per
1142 3755 1315 3844 Prophetas

285 3859 387 3930 lutura
403 3856 600 3942 praedixit,et
611 3880 668 3944 pcr
683 3858 914 3943 scipsum,cuur
928 3853 1038 3924 natura
1050 3873 1155 3928 nostro
1173 3876 1316 3955 suscepta
