2616 4620
310 192 349 233 an
375 189 574 242 surexxcuu,
599 192 659 234 xxa.
689 192 723 234 11.
972 177 1033 261 ¹⁵9

11 298 88 362 duo
106 297 140 363 in
157 317 285 364 carnem
300 319 406 364 unam.
424 297 523 363 Erant
537 309 642 373 autem
658 300 753 364 ambo
765 295 808 364 illi
824 299 915 375 nudi,
928 301 1030 369 Adam

9 419 50 470 et
71 429 156 470 uxor
170 406 252 491 ejus,
269 417 300 470 et
316 427 380 472 non
395 406 632 470 erubescebant.

31 543 46 574 a
66 513 166 580 XXI.
186 513 322 606 Serpens
338 535 411 581 vero
427 513 485 577 suit
495 511 637 589 callidior
648 514 732 578 omni
745 516 843 582 bestia
856 518 921 606 agri
933 543 1028 607 quam

11 623 102 690 secit
120 623 277 690 Dominus
295 623 393 698 Deus,
409 634 442 690 et
462 622 540 691 dixit
557 623 598 688 ad
617 622 804 692 mulierem:
825 627 931 706 Quare
951 629 1029 702 dixit

11 733 129 807 Deus,
148 732 217 800 Noa
229 732 400 800 comedetis
406 731 451 804 ‚de
463 732 549 806 ouini
561 731 645 822 ligno
658 733 739 800 horti
748 734 762 798 t
772 736 811 804 Et
824 736 900 802 dixit
915 737 1031 818 maliet·

14 843 65 908 ad
80 854 263 930 serpentem
276 864 283 906 :
298 842 346 907 De
356 841 461 908 fructu
474 841 575 906 omnis
586 839 661 929 ligni
673 841 756 908 horti
768 845 976 923 comedimus,
987 848 1028 914 de

14 951 133 1018 fructu
152 975 224 1018 vero
240 950 362 1018 arhoris
380 973 449 1037 quae
467 961 514 1015 est
534 949 571 1014 iu'
586 950 690 1016 media
706 950 802 1028 horti,
822 955 897 1018 dixit
913 955 998 1022 Deus
1016 981 1025 1023 :

11 1061 233 1148 Nequaquam
248 1061 420 1127 comedetis
435 1083 474 1126 cx
488 1083 537 1135 ea.
555 1083 658 1147 neque
674 1062 860 1152 contingetis
874 1063 974 1142 illam,
986 1091 1027 1137 ne

14 1171 217 1236 moriamini.
235 1173 275 1236 Et
292 1170 368 1236 dixit
383 1190 511 1256 serpens
523 1169 564 1236 ad
578 1168 742 1236 mulierem
757 1192 765 1236 ε
781 1172 850 1238 Non
863 1173 1027 1250 moriendo

17 1280 219 1346 moriemini.
245 1279 372 1345 Sciebat
393 1278 479 1343 enim
500 1278 597 1354 Deus,
623 1281 710 1367 quod
733 1281 800 1368 ipso
824 1282 874 1348 die
903 1285 1027 1370 quaudo

19 1388 230 1454 comederitis
245 1411 283 1453 ex
297 1388 375 1476 ipsa,
387 1386 568 1474 aperientur
579 1386 663 1456 oculi
681 1390 786 1466 vestri,
803 1401 834 1455 et
848 1392 934 1456 eritis
946 1393 1029 1460 sicut
1116 1469 1120 1480 ¹

17 1497 81 1572 dii,
99 1498 234 1563 scientes
248 1501 370 1564 bonum
391 1508 423 1562 et
444 1495 573 1568 malum.
588 1497 675 1564 Vidit
693 1499 797 1586 itaque
815 1499 929 1566 mulier
942 1502 1028 1588 quod

15 1605 145 1670 bonum
161 1618 242 1672 esset
258 1604 379 1694 liguum
394 1606 426 1670 in
442 1605 563 1680 cibum,
576 1618 609 1670 et
622 1605 722 1673 oculis
734 1621 858 1696 gratum
871 1609 910 1674 ad
922 1610 1028 1684 viden-

19 1715 103 1778 dam
123 1727 156 1780 et
178 1715 353 1803 speciosum
370 1716 409 1780 ad
430 1714 707 1790 considerandum,
723 1729 755 1780 et
771 1716 842 1782 tulit
860 1717 899 1782 de
922 1718 1027 1788 fructu

22 1823 109 1888 iliius
121 1835 154 1890 et
165 1826 315 1900 comedit,
326 1825 476 1913 deditque
485 1825 551 1890 viro
563 1848 620 1890 suo
632 1849 752 1900 secum,
762 1838 794 1892 et
806 1828 1024 1897 comoderunt.

21 1934 65 1996 Et
81 1934 181 2022 aperti
197 1933 368 2000 suntoculi
384 1937 565 2008 amborum,
578 1945 609 1998 et
627 1949 843 2022 cognoverunt
854 1937 938 2023 quod
949 1938 1026 2006 nudi

24 2051 147 2114 esseut,
159 2051 191 2105 ot
203 2052 395 2106 consuerunt
406 2039 477 2104 solia
489 2038 644 2113 ficulnea,
657 2039 860 2129 feceruntque
872 2042 930 2123 sibi
943 2043 1026 2108 ciuc-

24 2152 117 2216 toria.
139 2152 179 2214 Et
197 2150 364 2216 audierunt
386 2173 494 2216 vocem
512 2149 639 2214 Domini
662 2149 722 2214 Dei
740 2149 969 2218 deambulantis
991 2153 1024 2218 in

20 2261 117 2325 horto
134 2259 173 2326 ad
189 2283 362 2347 vesperam,
378 2271 410 2324 et
425 2257 588 2326 abscondit
605 2281 637 2322 se
649 2257 752 2336 ddum
762 2273 794 2332 et
809 2285 887 2332 uxor
904 2259 985 2328 iliius
1001 2286 1020 2326 a

25 2370 104 2434 faeie
115 2369 242 2434 Domini
260 2369 318 2434 Dei
336 2369 417 2436 inter
431 2369 558 2444 arbores
574 2364 666 2431 horti.
679 2369 718 2432 Et
734 2369 855 2433 vocavit
866 2368 1025 2448 Dominus

23 2480 111 2544 Deus
126 2479 227 2567 ipsum
239 2477 352 2552 Adam,
364 2487 397 2544 et
412 2477 454 2544 ait
467 2476 509 2542 ilii
524 2501 531 2542 :
548 2479 656 2546 Ubios
669 2489 702 2542 tu
713 2477 726 2541 Ρ
739 2478 803 2556 Qui
821 2479 865 2542 ait
880 2477 1023 2562 :Vocem

24 2598 112 2651 tuam
124 2587 227 2652 audivi
242 2587 275 2652 in
288 2587 393 2661 horto,
406 2599 438 2651 et
449 2586 593 2661 extimui,
607 2587 679 2674 quia
696 2585 800 2656 nudus
818 2609 889 2673 ego,
902 2598 935 2649 et
949 2588 1023 2652 abs..

26 2697 172 2765 conditus
182 2720 262 2762 sum.
279 2699 319 2762 Et
329 2695 381 2760 illc
393 2696 469 2760 dixit
481 2717 489 2760 :
503 2695 581 2774 Quis
593 2694 742 2764 iudicavit
755 2693 810 2762 tibi
823 2693 909 2779 quod
921 2693 1024 2770 nudus

24 2831 118 2881 esses,
132 2808 189 2872 nisi
202 2807 274 2894 quia
287 2804 325 2870 de
342 2807 406 2892 ipsa
422 2807 536 2874 arbore
554 2804 592 2870 de
609 2827 670 2888 qua
686 2800 820 2889 praecepi
837 2800 894 2864 tibi
910 2811 1024 2868 utnon
1057 2887 1060 2896 ,

8 2953 10 2968 ›
25 2915 207 2980 comederes
218 2936 256 2978 cx
268 2915 333 3000 ipsa
344 2911 423 2986 sola,
436 2911 621 2978 comedisti?
633 2912 673 2976 Et
684 2909 761 2975 dixit
773 2908 875 2974 Adam
891 2932 898 2974 ε
913 2909 1026 2976 Muiier

8 3059 10 3082 .
26 3047 120 3112 quam
132 3023 243 3088 dedisti
253 3023 344 3095 mihi,
358 3023 423 3110 ipsa
436 3023 523 3088 dedit
540 3021 617 3088 mihi
634 3021 673 3086 de
689 3022 815 3094 arbore,
828 3032 860 3084 et
875 3019 1020 3087 comedi:

8 3167 12 3194 ι
27 3137 68 3198 Et
80 3134 153 3198 dixit
164 3132 318 3198 Dominus
330 3133 411 3196 Deus
428 3132 468 3196 ad
484 3129 669 3206 mulierem:
686 3130 751 3195 Gur
766 3130 828 3196 hoc
844 3129 966 3196 iecisti?
983 3131 1024 3194 Et

8 3273 12 3304 t
30 3241 107 3307 dixit
128 3239 268 3304 mulier:
289 3239 425 3327 Serpens
451 3239 575 3328 decepit
588 3262 656 3312 me,
677 3250 710 3304 et
726 3239 859 3304 comedi.
883 3240 924 3304 Et
945 3239 1024 3303 dixit

8 3382 13 3410 ι
29 3349 178 3417 Dominus
187 3349 271 3414 Deus
282 3349 322 3413 ad
334 3359 511 3435 serpentem
522 3372 530 3412 :
542 3347 625 3426 Quia
638 3347 737 3412 iecisti
749 3349 823 3422 hoc,
836 3346 1025 3413 maledictas

8 3486 60 3526 tes
80 3484 142 3548 prm
163 3460 248 3524 omni
268 3456 406 3532 animali,
426 3469 458 3522 et
474 3481 538 3546 prm
561 3457 646 3521 omni
670 3458 769 3522 bestia
795 3469 883 3522 terrm
902 3479 910 3520 τ
930 3481 1024 3545 supra

8 3579 165 3632 ovcntrem
184 3577 274 3630 tuum
289 3563 451 3653 gradieris,
472 3575 504 3628 et
525 3561 687 3652 pulverem
711 3563 857 3628 comedes
877 3565 1024 3629 omnibus

8 3673 134 3736 sdiebus
152 3672 222 3738 vitae
243 3685 313 3738 tuae.
337 3673 377 3737 Et
398 3670 574 3737 inimicitias
594 3693 711 3758 ponam
731 3671 812 3736 inter
837 3683 867 3736 te
886 3685 918 3738 et
942 3673 1024 3736 inter

8 3779 199 3857 »mulierem
211 3783 293 3848 inter
307 3807 415 3848 semen
432 3795 521 3848 tuum
538 3792 570 3848 ct
584 3781 667 3846 inter
682 3804 788 3848 semen
805 3779 902 3855 illius;
919 3783 1023 3872 ipsam

448 3915 475 3956 κ
