2710 4662
248 253 287 334 74
600 279 737 324 sauctus
762 279 925 334 tonarius,

246 404 331 452 cans
342 381 481 482 ubique
490 386 642 458 verbum
653 391 734 473 Dei,
748 402 784 459 et
793 389 961 460 ecclesias
974 410 1064 484 quas
1074 399 1278 485 praetergre-

244 485 413 562 diebatur
430 492 469 562 in
487 515 573 566 sana
594 491 667 566 lide
685 491 917 566 confirmans.
937 497 1098 591 Smyrna
1114 492 1279 588 Polycar

244 615 306 689 po,
320 610 356 667 et
368 597 437 695 ipsi
452 597 540 670 olim
555 603 669 672 sancti
682 603 831 673 loannis
847 599 1082 702 Evangelistae
1097 596 1278 696 discipulo

242 697 404 798 colloqui
421 701 566 794 datum,
584 727 742 777 necnon
761 718 798 776 et
814 705 943 774 missos
961 726 983 774 a
1000 699 1153 772 diversis
1169 701 1277 774 eccle-

242 806 305 876 siis
317 809 506 906 episcopos
516 809 635 882 verbis
646 808 753 882 simul
767 823 804 881 et
817 806 992 905 exemplis
1004 803 1051 878 ad
1064 803 1278 878 christianas

243 913 394 986 virtutes
408 918 570 989 incitare.
586 921 666 988 Imo
681 931 719 988 et
736 930 779 986 ut
794 912 1007 986 absentibus
1020 937 1096 984 non
1114 926 1213 984 esset
1224 912 1275 981 iu-

243 1015 354 1108 utilis,
362 1026 700 1123 quatuorscripsita
711 1027 863 1120 Smyma
872 1021 1053 1119 epistolas,
1063 1021 1225 1117 primam
1232 1019 1275 1090 ad

243 1123 427 1221 Ephesios,
440 1129 636 1204 secundam
645 1129 692 1202 ud
701 1135 898 1227 Magnetes,
907 1129 1051 1199 tertiam
1061 1125 1109 1198 ad
1121 1123 1272 1198 Trallen·

244 1255 310 1318 ses,
319 1231 507 1332 dequibus
515 1240 567 1310 sic
576 1237 752 1311 Eusebius
761 1235 840 1332 (lib.
852 1257 905 1323 111,
915 1259 946 1306 c.
961 1233 1009 1318 {26
1019 1235 1128 1322 Hist.)
1140 1260 1149 1301 ε
1159 1237 1270 1306 «Cum

244 1361 338 1436 »per
357 1344 495 1434 Asiam,
516 1345 585 1417 sub
607 1344 875 1418 accuratissima
895 1341 1092 1414 satellitum
1113 1339 1272 1412 custodia

242 1473 260 1510 a
271 1431 477 1540 du'ceretur,
496 1452 719 1550 singularum
731 1449 969 1522 nihilominus
983 1450 1177 1520 civitatum
1190 1473 1273 1546 quas

244 1554 524 1653 »ingrederetur
537 1560 705 1633 ecclesias
718 1556 948 1632 sermonibus
962 1569 1000 1627 et
1012 1554 1271 1628 cohortationi-

242 1689 260 1726 »
271 1659 342 1736 bns
357 1668 433 1738 suis
450 1667 685 1755 confirmans,
699 1663 874 1738 monebat
891 1662 1071 1760 imprimis
1086 1676 1132 1732 ut
1144 1660 1216 1733 sibi
1231 1661 1271 1734 ab

241 1795 259 1832 a
272 1767 469 1848 heresibus
479 1779 634 1854 maxime
648 1785 827 1856 carerent,
836 1793 917 1868 quc
929 1784 1017 1840 tunc
1029 1773 1195 1868 primum
1207 1767 1272 1840 fin·

243 1905 261 1942 a
273 1876 461 1956 titicareac
473 1887 673 1956 increscere
682 1876 922 1977 incipiebant3
936 1875 1231 1976 hortabaturque
1238 1893 1270 1950 nt

241 1987 531 2081 »Apostolorum
557 1985 812 2060 traditionibus
837 1984 1012 2054 tenaciter
1034 1977 1274 2068 inhaererent,

242 2116 260 2151 r
271 2113 362 2184 quas
376 2091 419 2162 ad
435 2093 611 2166 cautelam
626 2093 767 2191 scriptis
780 2112 931 2187 quoque
944 2091 1174 2185 consignare,
1191 2085 1275 2160 cum

242 2225 258 2259 r
269 2195 417 2292 jamjam
440 2203 655 2298 martyrium
683 2199 871 2271 subiturus
892 2210 1002 2283 esset,
1031 2196 1274 2266 necessarium

241 2301 385 2374 »duxit
401 2335 418 2368 ι)
435 2308 585 2404 Scripsit
602 2327 751 2407 quoque
765 2301 812 2376 ad
825 2309 1027 2390 Romanos,
1043 2323 1086 2371 ne
1100 2302 1271 2393 martyrii

243 2429 414 2481 coronam
429 2411 564 2486 vellent
582 2417 784 2513 praeripere.
801 2415 922 2482 Vitam
939 2411 1041 2507 qu‘asi
1054 2419 1190 2476 vestem
1202 2402 1270 2475 ha·

242 2512 370 2605 habat,
398 2522 448 2592 ait
470 2521 762 2619 Chrysostomus‚
791 2534 829 2591 et
853 2517 944 2588 nihil
967 2517 1150 2612 antiquius
1173 2526 1272 2600 erat,

241 2645 353 2720 quam
371 2647 413 2696 ea
429 2631 634 2726 promptius
652 2628 749 2699 exui.

239 2756 243 2764 ·
291 2732 333 2800 In
355 2755 427 2828 qua
448 2733 607 2832 Epistola
630 2732 702 2804 hoc
726 2733 899 2816 maxime,
923 2727 1053 2828 prater
1071 2731 1265 2801 animosam

239 2838 501 2930 cogitationum
517 2837 779 2921 excellentiam,
796 2831 1001 2906 notandum
1015 2845 1084 2920 est,
1101 2831 1207 2931 quod
1220 2833 1268 2902 in-

238 2939 436 3034 scriptione
444 2941 601 3036 quadam
611 2938 927 3040 peculiariabaliis
937 2933 1093 3010 diflerat.
1103 2940 1164 3010 Sic
1175 2939 1270 3008 enim

238 3057 371 3114 caelel'ae
397 3071 523 3120 01111185
541 3053 725 3148 ‚incipiuni
742 3075 751 3118 :
771 3059 897 3138 Εκκλεσιῃ
918 3079 951 3138 cp
974 3079 1040 3132 ουσῃ
1059 3077 1086 3112 ιν
1108 3066 1214 3132 Eptop,
1235 3043 1270 3113 ld

237 3164 307 3236 est,
332 3151 502 3226 Ecclesiae
526 3157 674 3254 Ephesi,
696 3155 761 3227 vel
780 3156 994 3251 Magnetum,
1017 3165 1083 3223 otc.
1111 3147 1271 3249 Epistola

237 3273 358 3331 autem
380 3259 425 3332 ad
451 3267 634 3337 Romanos
662 3265 829 3362 dirigitur
855 3261 908 3332 ad
927 3258 1026 3330 illam
1045 3279 1128 3354 quoe
1147 3263 1185 3326 in
1201 3261 1272 3326 Ito·

237 3393 426 3444 manorum
449 3375 592 3469 regione
603 3372 798 3472 praesidet:
817 3403 873 3445 ητις
892 3379 1056 3458 spctatam
1075 3395 1102 3430 ιν
1124 3396 1201 3449 torp
1218 3395 1273 3450 χο·

237 3512 287 3568 ρον
306 3501 442 3568 rumor,
464 3481 599 3581 quibus
622 3480 740 3553 verbis
767 3481 842 3575 jam
866 3475 1006 3548 abhoc
1029 3488 1198 3569 tempore
1219 3472 1273 3540 in·

238 3591 365 3662 unitur
382 3589 504 3662 divina
521 3589 686 3661 Ecclesiae
705 3592 875 3658 Romanae
891 3582 1096 3656 auctoritas.

285 3698 393 3784 Hinc,
411 3693 534 3766 relicta
550 3697 714 3791 Smyrna,
734 3693 942 3788 pertransiit
955 3683 1151 3770 Troadem,
1171 3678 1274 3752 unde

237 3798 284 3874 ad
302 3801 469 3874 ecclesias
486 3797 740 3896 Philadelpbiae
755 3812 792 3869 et
805 3801 963 3892 Smyrna
976 3791 1177 3892 generales,
1192 3810 1273 3886 par-

237 3905 425 3979 ticularem
451 3929 537 3976 vero
563 3903 608 3974 ad
636 3909 669 3976 S.
699 3904 938 4002 Polycarpum
963 3902 1107 3972 mittere
1128 3893 1273 3966 curavi-t

239 4013 423 4112 epistolas,
442 4036 522 4111 quae
537 4037 612 4084 nou
634 4034 736 4083 secus
754 4035 795 4083 ac
818 4009 893 4081 aliae
912 4010 1094 4081 continuis
1110 4002 1271 4075 emicant
