2648 4598
238 291 277 330 RE
301 286 549 331 RESURRECTIONE
573 285 767 328 uouat'oatttt.
968 264 1009 348 95

21 411 112 487 aptum
128 397 295 466 videretur;
314 389 402 457 facile
416 401 501 480 patet
515 413 617 478 neque
635 391 728 456 etiam
749 403 913 477 postquam
928 391 1011 456 idem

20 530 119 592 corpus
132 505 161 568 in
176 503 275 568 varias
291 500 424 564 universi
440 511 542 588 partes
554 498 738 594 aiissipatum
754 498 859 574 suerit,
871 499 1012 588 ignarum

19 613 97 679 iilum
120 611 256 676 saturum
279 629 416 695 quonam
441 606 618 694 migraverit
640 607 883 695 unumquodque
904 631 1013 674 eorum

2 773 3 776 ,
17 747 80 814 que
94 722 129 786 ad
140 705 291 808 cujusque
301 715 529 782 absolutionem
540 729 571 782 et
582 717 804 806 perfectionem
815 717 1011 784 adhibuerat.

17 833 91 898 Nam
107 853 160 918 pro
175 825 289 916 vigenti
311 824 395 913 apud
414 846 471 890 nea
486 847 592 888 rerum
610 823 730 900 ordine,
749 837 961 914 quantumque
976 827 1015 890 de
1110 869 1112 874 .

2 976 4 1006 z
17 935 127 1001 certeris
138 935 230 999 rebus
242 929 375 1020 judicari
386 927 477 1022 salet,
495 929 597 1017 majus
608 942 655 995 eat
664 953 701 994 ea
712 951 781 1018 quae
792 931 932 998 nondum
944 943 1018 996 sunt

15 1062 274 1134 precognoscere3
299 1048 451 1126 quantum
464 1049 571 1102 autem
589 1037 629 1102 ad
647 1037 705 1103 Dei
720 1038 915 1125 majestatem
935 1041 1016 1127 ejus-

15 1177 74 1242 que
88 1147 263 1238 sapientiam
279 1158 410 1235 spectat,
430 1155 599 1232 utrumque
614 1145 788 1212 secundum
803 1157 944 1212 naturam
958 1159 1017 1223 est,

2 1283 72 1325 ¹nec
83 1255 233 1322 difficilius
248 1277 284 1320 aa
298 1277 367 1341 quae
383 1253 524 1320 nondum
538 1265 610 1318 sunt
622 1275 829 1340 praeuoscere,
841 1275 935 1340 quam
950 1277 1018 1342 quta

2 1366 156 1433 ¹dissoluta
172 1385 369 1454 cognoscere.

56 1476 107 1562 ill.
125 1472 209 1540 illius
227 1483 332 1536 autem
345 1478 532 1558 potestatem
541 1468 712 1536 excitandis
727 1468 768 1535 ad
779 1469 873 1534 vitam
884 1471 1021 1559 corpori·

11 1589 70 1649 bus
84 1605 145 1648 non
160 1581 311 1667 imparem
322 1601 388 1672 esee
399 1585 584 1666 argumento
596 1588 642 1641 est
657 1575 840 1643 earumdem
850 1579 1018 1665 generatio.

11 1693 89 1758 Nam
105 1691 129 1756 si
141 1713 203 1755 non
221 1687 369 1754 exstantia
384 1685 549 1752 homiuum
564 1706 709 1773 corpora,
723 1710 896 1774 eorumque
909 1689 1024 1777 princi-

1 1803 61 1888 pia
85 1801 115 1866 in
135 1800 236 1888 prima
258 1799 332 1865 fecit
349 1797 524 1868 creationer
542 1795 636 1860 etiam
658 1794 818 1872 dissoluta,
834 1795 973 1885 quolibet
992 1797 1024 1864 id

8 1909 175 1996 contigerit
195 1907 303 1980 modo,
325 1927 388 1970 non
409 1901 565 1968 difficilius
586 1903 786 1968 exsuscitabit
806 1927 814 1968 :
833 1927 921 1994 :eque
941 1905 1024 1972 enim

5 2029 114 2104 potest
128 2017 160 2080 id
174 2037 308 2101 quoque.
325 2013 390 2078 Nec
401 2011 440 2076 de
452 2011 511 2076 hac
523 2010 641 2076 ratione
653 2009 824 2098 quidquam
839 2011 1023 2088 detrahitur,

5 2125 74 2188 sive
89 2145 127 2188 ex
142 2121 271 2188 materia
281 2121 381 2209 prima
396 2118 562 2207 principia.
576 2117 638 2184 sive
653 2117 927 2196 exclamantem
941 2122 1024 2210 priu-

3 2231 111 2320 cipiis,
128 2230 264 2296 humana
279 2251 414 2317 corpora·
426 2225 566 2293 nonnulli
583 2240 784 2330 componant,
801 2229 864 2296 sive
878 2253 917 2295 ex
930 2231 1023 2296 semi-

1 2321 112 2406 1ribus.
133 2338 232 2426 Cujus
244 2339 328 2404 enim
342 2335 502 2424 potestatis
516 2347 563 2401 est
576 2335 714 2412 informi,
731 2350 767 2402 ut
781 2336 824 2404 iiii
835 2338 1022 2415 existimant,

1 2446 149 2514 materiae
172 2446 303 2513 sormam
318 2445 478 2536 affingere,
501 2457 533 2510 et
554 2446 657 2533 specie
673 2469 711 2512 ac
731 2460 844 2512 ornatu
865 2463 1025 2516 carentem

0 2555 118 2623 uultis
134 2557 288 2644 variisque
309 2555 414 2644 figuris
438 2577 562 2628 ornare,
577 2566 609 2618 et
626 2568 729 2643 partas
751 2554 978 2624 elementorum
993 2559 1025 2624 in

0 2689 110 2732 mum
131 2689 256 2754 cogere,
280 2677 311 2730 et
333 2687 452 2739 seman,
473 2687 543 2752 quaa
564 2687 613 2729 res
635 2689 696 2731 uua
717 2675 764 2729 est
782 2677 813 2730 et
828 2665 970 2753 simplex,
993 2667 1038 2758 iu¹

9 2773 109 2840 uuita
126 2771 276 2849 dividere,
291 2785 323 2838 et
336 2773 422 2861 quod
437 2774 515 2838 rude
530 2785 562 2838 et
577 2769 819 2860 iricompositum
837 2783 884 2837 eat
902 2773 1028 2838 censor-
1090 2787 1092 2792 ’

9 2905 96 2946 arare
109 2893 142 2946 ct
156 2903 358 2968 componere,
370 2893 402 2944 et
416 2881 500 2967 quod
518 2881 587 2944 vitae
602 2903 712 2968 expers
726 2880 788 2944 rita
803 2879 935 2954 donam
950 2882 1031 2970 ejus-

1 3017 3 3026 ’
20 3011 84 3054 cm
99 3011 226 3074 quoque
240 2999 332 3052 estet
350 2985 497 3052 dissoluta
514 2975 732 3074 coagmentare
751 2999 783 3052 et
796 2989 929 3075 jacentia
944 2992 1029 3058 exci—

10 3119 92 3168 ere,
110 3105 143 3158 ct
165 3105 286 3158 mortua
302 3094 341 3158 ad
357 3095 451 3159 vitam
467 3116 625 3169 revocare,
644 3106 675 3159 et
690 3110 836 3185 corrupta
854 3093 894 3164 ad
915 3099 1040 3166 statum

1 3202 228 3290 'orruptionis
240 3215 400 3291 expertem
411 3215 603 3270 convertere.
618 3205 768 3293 Ejusdem
779 3207 872 3273 etiam
883 3213 1030 3286 aucturis,

11 3311 219 3404 jusdemque
236 3311 396 3400 potestatis
407 3333 445 3378 ac
463 3313 620 3400 sapientiae
636 3313 742 3392 fuerit,
755 3328 787 3381 et
797 3320 882 3406 quod
897 3299 1032 3408 disceru—
1057 3375 1061 3388 .

6 3445 78 3490 um
92 3432 142 3485 est
154 3423 193 3486 ab
206 3421 308 3486 omnis
318 3419 440 3509 generis
455 3419 636 3486 animalium
651 3421 864 3502 multitudine,
876 3450 1031 3513 quaecum-

15 3555 69 3597 ue
88 3529 246 3617 ejusmodi
259 3527 443 3616 corporibus
454 3551 619 3596 accurrere
631 3528 743 3606 solent,
756 3555 906 3621 suamque
917 3558 954 3600 ex
973 3534 1031 3602 illis

1 3641 190 3708 atietatem
198 3660 322 3728 capere,
331 3637 363 3703 id
372 3637 444 3704 iude
455 3660 610 3726 separare,
619 3662 657 3706 ac
666 3641 799 3730 propriis
811 3641 924 3709 iterum
936 3667 1031 3710 mem-

13 3753 72 3816 ris
89 3759 124 3812 et
136 3749 352 3812 membrorum
360 3747 503 3836 partibus
511 3747 821 3836 adjungere,atiamsi
830 3750 861 3816 in
873 3775 969 3818 unum
978 3752 1030 3818 aii-

11 3857 150 3926 uodex
161 3855 402 3946 hisauimalibus
414 3857 732 3944 migraverit,etiamsi
744 3857 894 3938 inmite,
909 3862 1029 3930 etiamsi
1106 3839 1110 3846 .
