2648 4634
238 273 303 353 450
559 249 672 368 superi
695 291 810 366 inurar
833 293 894 338 ιιι.
923 294 957 338 ιι

239 409 370 469 manent
388 397 474 489 apud
492 421 569 475 nos,
591 398 808 466 extensionem
830 412 864 466 et
882 413 1113 492 augmentum.
1139 401 1197 470 sed
1215 428 1272 472 non

241 509 480 578 dissolutionem
495 507 680 596 accipientia
696 530 755 598 per
768 507 931 576 carnalem·
944 511 1015 599 ejus
1031 511 1219 578 adrentum.

284 617 322 686 V.
338 617 623 710 Servitutisxautcm
631 628 789 706 praecepta
800 619 970 706 separatim
977 643 1037 708 per
1048 619 1195 708 Moysem
1202 643 1271 710 pn·

241 729 326 819 cepit
339 725 470 818 populo,
485 737 558 816 opta
573 723 702 826 illorum
717 725 888 793 eruditioni
897 752 908 802 ς
926 728 1204 817 quemadmodum
1216 730 1268 819 ipa

239 839 362 928 Moyses
373 837 437 904 ait:
456 863 469 898 ι
483 835 524 902 Ει
535 833 613 902 mibi
625 836 776 926 praecepit
787 835 943 904 Dominus
952 838 985 904 in
995 851 1144 928 tempore
1156 838 1224 917 illo,
1234 841 1267 906 di

238 971 337 1018 »cere
349 947 437 1015 vobis
451 943 692 1035 justificationes
707 957 739 1012 et
753 946 872 1035 judicio
888 945 912 1013 ¹.
927 976 941 1011 ι
957 949 1034 1016 Haec
1049 973 1144 1039 ergo,
1161 953 1266 1040 quasin

239 1057 423 1126 servitutem
438 1054 515 1122 etin
527 1054 652 1144 signum
664 1054 737 1120 data
748 1066 822 1120 sunt
833 1054 906 1132 iilis,
923 1056 1182 1148 circumscripsit
1198 1082 1266 1124 noso

237 1166 391 1235 libertatis
402 1163 617 1231 Testamento.
634 1163 715 1243 Quae
730 1176 839 1232 autem
850 1165 1020 1244 naturalia,
1032 1180 1068 1233 ct
1078 1167 1268 1244 literatus

238 1275 421 1348 communia
437 1275 594 1350 omnium,
608 1274 696 1341 auxit
710 1286 744 1341 et
758 1272 913 1352 dilatavit,
929 1276 997 1345 sino
1012 1277 1137 1344 invidia
1152 1277 1266 1368 largiter

237 1389 360 1462 donans
370 1383 554 1452 bominibus
568 1406 626 1474 per
640 1383 859 1474 adoptionem,
870 1383 998 1452 Patrem
1010 1386 1095 1454 scire
1111 1387 1265 1464 Damnst

160 1531 165 1538 ·
237 1494 368 1585 diligere
382 1516 458 1560 oum
476 1515 515 1558 ex
529 1493 720 1569 totocorde,
735 1503 769 1560 ct
784 1494 851 1560 aine
865 1493 1088 1562 adversatione
1103 1499 1198 1587 sequi
1208 1501 1264 1586 ejus

235 1605 393 1682 Verbum,
404 1625 469 1670 non
480 1614 605 1670 tantum
616 1603 810 1672 abstinentes
822 1627 840 1670 a
851 1603 942 1672 maiia
953 1605 1211 1696 operationibus,
1221 1609 1265 1675 aed

237 1715 359 1782 etiamn
370 1711 636 1804 concupiscentiis
642 1733 764 1778 carum.
775 1712 872 1780 Auxit
878 1723 987 1781 autem
998 1715 1100 1780 etiam
1108 1717 1262 1782 timoren:

238 1825 321 1894 tilios
341 1823 427 1892 enim
449 1821 522 1912 plus
536 1821 649 1889 timere
664 1834 791 1912 oportet
811 1845 908 1912 φιιιιιι
922 1847 1044 1901 servos,
1067 1835 1102 1892 et
1123 1827 1264 1914 majorem

237 1933 440 2002 dilectionem
448 1931 609 2000 haberein
621 1943 756 2022 patrem.
766 1931 811 2030 bit
822 1943 954 2024 propter
965 1932 1030 2002 boc
1041 1934 1089 2000 ait
1096 1933 1260 2002 Dominus:

246 2072 260 2110 a
275 2046 412 2112 Omnem
425 2066 604 2112 sermonem
615 2044 753 2110 otiosum
764 2065 861 2134 quem
871 2043 971 2138 locuti
983 2044 1107 2112 suerint
1118 2046 1261 2122 homines,

237 2184 250 2219 ι
264 2155 399 2224 reddent
413 2176 471 2244 pro
486 2175 525 2221 eo
535 2153 692 2220 rationem
704 2153 737 2219 in
748 2152 799 2220 die
810 2152 922 2242 judicii
938 2150 965 2228 ἰ
984 2181 998 2217 ι
1012 2165 1045 2220 et
1057 2177 1067 2220 ι
1087 2179 1100 2214 ι
1113 2154 1180 2234 Qui
1195 2155 1262 2222 side

236 2293 250 2332 ι
266 2265 308 2332 rit
320 2262 486 2331 mulierem
497 2263 539 2329 ad
550 2263 843 2354 concupiscendum
857 2286 941 2340 eam.
957 2265 1026 2352 jam
1036 2265 1263 2332 moecbatusest

236 2403 250 2439 ι
263 2396 335 2442 eam
351 2373 385 2439 in
403 2371 500 2440 corde
520 2395 579 2439 suo
598 2371 629 2446 ’ς
648 2399 661 2434 ι
677 2383 731 2438 et:
751 2398 764 2432 a
780 2371 844 2452 Qu·
863 2371 1011 2440 irascitur
1024 2372 1118 2440 fratri
1133 2397 1189 2440 suc
1204 2375 1262 2440 sinc

236 2505 370 2560 secuse,
386 2482 531 2549 renserit
545 2480 666 2570 judicio
680 2480 706 2555 ‘3
726 2507 739 2542 ι
755 2492 791 2547 ut
801 2481 950 2558 sciamus,
969 2483 1128 2570 quoniam
1142 2505 1204 2548 non
1217 2504 1260 2548 so·

235 2594 305 2662 lum
319 2594 477 2661 sactorum
487 2589 658 2657 reddemus
673 2591 830 2656 rationem
845 2590 929 2668 Deo,
942 2601 978 2657 nt
992 2592 1092 2668 servi,
1108 2591 1165 2658 sed
1180 2591 1258 2658 etiarn

237 2725 421 2786 sermonum
440 2712 474 2767 et
493 2699 735 2789 cogitationum,
754 2711 906 2788 tanquam
924 2699 1026 2788 quiet
1042 2699 1200 2768 libertatis
1213 2723 1259 2790 po

236 2826 384 2882 testatem
409 2809 626 2898 acceperimus
645 2830 654 2872 ι
676 2809 709 2874 in
729 2831 791 2898 qua
817 2809 917 2899 magis
938 2811 1098 2898 probatur
1115 2810 1259 2885 bomo,si

236 2931 430 2997 reverentur,
446 2920 615 2996 ct-timcat,
630 2931 664 2984 et
674 2915 784 3007 diligat
798 2918 981 2986 Dominum.
1005 2919 1047 2985 Et
1061 2935 1196 3011 propter
1208 2921 1259 2988 boc

237 3031 350 3100 Petrus
364 3030 422 3106 nit,
443 3053 457 3088 a
475 3051 540 3096 non
555 3026 771 3095 velamentum
789 3027 916 3096 malitiae
932 3028 1053 3112 babere
1067 3054 1129 3098 nos
1144 3029 1258 3098 liberta·

238 3169 251 3205 ι
267 3151 334 3207 tem
351 3137 377 3216 ⁶,
396 3165 410 3201 ι
424 3135 480 3204 sed
493 3135 766 3226 adprobationem
780 3148 813 3205 et
828 3136 1119 3207 manifestationem
1133 3139 1215 3208 fidei.

270 3288 370 3340 ¹Dent.
381 3304 415 3348 tv,
428 3287 465 3348 ad.
483 3315 514 3328 -
526 3257 638 3337 ¹ttaith.
657 3301 702 3348 ιιι,
716 3285 757 3338 36.
774 3313 805 3326 -
820 3253 935 3340 ⁸bhttb.
946 3303 972 3350 v,
985 3287 1026 3339 28.
1041 3315 1073 3326 -
1087 3288 1174 3338 ‘ibid
1185 3303 1220 3340 aa.
1234 3311 1257 3324 -

237 3377 248 3410 ⁸
261 3392 270 3426 ι
283 3375 338 3428 Pet.
350 3391 380 3438 u,
392 3373 429 3424 ιδ.
