2816 4610
258 232 297 294 7⁴1
663 233 874 278 aruauaconn

255 339 379 425 genitus
399 362 465 414 aer,
486 339 578 426 cujus
595 339 628 402 id
643 338 728 426 quod
745 337 919 405 masculum
937 351 985 404 est
1003 339 1127 428 Jupiter
1148 339 1278 415 dicitur,

255 447 342 536 quod
356 459 464 512 autem
479 445 663 522 femineum,
679 447 765 512 Juao
788 445 880 532 (binc
894 469 984 513 soror
995 460 1027 514 et
1042 447 1197 538 conjux);
1217 447 1281 512 im·
1397 517 1398 524 χ

254 570 415 624 mutatur:
435 558 460 622 si
476 568 658 645 tempestas,
674 557 815 622 vertitur.
834 557 919 622 Deus
933 569 1040 623 autem
1050 579 1111 622 nec
1121 568 1278 632 mutatur,

254 692 315 734 acc
336 668 430 734 cadit.
455 666 519 732 Sed
539 667 616 754 quid
638 666 748 732 attinet
770 667 870 742 vobis,
892 667 945 756 qui
968 665 1079 732 melius
1101 667 1278 753 perspicitis

254 778 331 866 quid
349 799 460 843 eorum
479 777 611 866 quisque
630 776 743 842 dixerit
761 777 814 864 qui
833 776 903 842 haec
924 777 964 841 ad
982 787 1127 840 naturam
1146 797 1279 840 revoca-

253 897 341 959 runt,
361 882 451 973 plura
470 884 629 950 dicentem
648 885 840 973 obstrepere,
860 883 910 950 vel
929 884 1004 970 quid
1024 883 1063 948 de
1082 895 1191 949 natura
1208 907 1278 950 sen·

229 994 332 1064 ,tiant
359 994 526 1083 scriptores
546 993 744 1081 exponendo,
767 991 816 1058 vel
836 992 913 1082 quid
940 993 980 1058 de
1005 993 1155 1069 Minerva,
1180 1015 1277 1080 quam

172 1159 175 1167 ,
252 1115 392 1168 mentem
402 1103 506 1169 omnia
516 1102 740 1189 pervadentem
750 1125 818 1168 osse
829 1101 952 1176 dicuut3
966 1099 1015 1168 vel
1025 1101 1065 1166 de
1075 1099 1169 1176 iside,
1179 1123 1278 1188 quam

252 1212 309 1300 sevi
323 1224 481 1286 naturam,
498 1235 535 1275 ex
547 1235 608 1298 qua
621 1224 688 1276 orta
700 1211 819 1286 omnia,
835 1223 866 1275 et
880 1233 936 1299 per
951 1233 1045 1296 quam
1061 1210 1197 1274 existunt
1208 1231 1279 1274 om-

252 1345 324 1395 nes:
344 1320 393 1385 vel
409 1319 447 1384 de
464 1319 602 1393 Osiride,
619 1342 682 1406 quo
694 1319 799 1386 occiso
813 1342 831 1383 a
845 1316 999 1406 Typhone
1009 1317 1117 1394 fratre,
1133 1317 1190 1382 Isis
1205 1319 1278 1404 ejus

250 1432 393 1496 membra
409 1429 562 1518 quaesivit,
581 1439 613 1494 et
631 1430 757 1496 inventa
772 1425 916 1516 sepulcro
937 1427 1107 1502 decoravit,
1122 1426 1210 1514 quod
1223 1451 1278 1492 se-

249 1539 398 1630 pulcrum
418 1537 595 1604 Osiriucum
618 1538 792 1604 etiamnum
815 1549 959 1608 vocatum
988 1534 1035 1602 vel
1056 1535 1096 1602 dc
1117 1534 1183 1600 Oro
1204 1537 1276 1625 ejus

250 1649 336 1714 fitiot
352 1647 432 1715 Nam
447 1647 524 1712 dum
539 1646 694 1735 susdeque
710 1647 792 1712 circa
808 1645 947 1712 materiae
961 1644 1080 1736 species
1095 1655 1276 1720 vertuntur,

250 1759 290 1823 ab
316 1780 354 1823 eo
377 1757 432 1845 qui
453 1757 575 1822 ratione
596 1757 810 1845 cognoscitur,
834 1755 901 1821 Deo
923 1755 1095 1820 aberrant:
1119 1751 1274 1820 clementa

249 1878 358 1932 autem
375 1878 408 1930 et
426 1887 538 1930 eorum
557 1875 661 1954 partes
677 1863 752 1930 deos
767 1863 899 1938 faciunt,
918 1860 1008 1927 aliter
1022 1859 1097 1928 alias
1112 1860 1276 1950 appellau-

248 1987 309 2049 tes,
324 1973 473 2038 frumenti
491 1973 646 2038 sationem
661 1971 777 2037 Osirim
800 1970 893 2057 (biae
908 1971 997 2036 aiunt
1012 1972 1044 2038 in
1059 1973 1214 2060 mysteriis
1229 1973 1275 2036 ob

248 2083 463 2150 inventionem
484 2083 714 2156 membrorum,
742 2080 806 2146 aive
827 2079 967 2168 frugum,
992 2079 1068 2145 Isidi
1090 2078 1272 2156 acclamari,

248 2191 457 2265 Invenimus,
474 2191 719 2278 gratulamur),
732 2191 801 2256 vitis
819 2203 927 2256 autem
945 2189 1083 2256 fructum
1094 2190 1269 2265 Bacchum,

247 2301 348 2388 ipsam
363 2299 456 2364 ritem
471 2296 641 2374 Semelam,
658 2321 696 2362 ac
711 2296 830 2364 fulmen
850 2297 922 2366 solis
937 2311 1055 2366 aestum.
1079 2299 1154 2366 Nam
1171 2297 1271 2383 quid-

246 2409 292 2473 vis
312 2408 417 2496 potius
436 2429 531 2493 quam
550 2419 696 2471 naturam
713 2407 850 2472 divinam
868 2407 1055 2480 edisserunt,
1074 2407 1125 2494 qui
1145 2404 1274 2471 fabulas

247 2518 280 2583 in
305 2517 380 2582 deos
401 2527 554 2581 vertunt:
584 2516 617 2581 in
639 2539 702 2602 quo
723 2513 850 2603 quidem
870 2539 935 2580 non
955 2515 1062 2581 vident
1081 2515 1117 2580 iis
1138 2539 1208 2603 qum
1230 2515 1273 2580 ad

247 2627 381 2692 deorum
396 2625 610 2692 defensionem
628 2625 792 2701 adhibent,
813 2623 993 2691 confirmari
1007 2647 1076 2712 quae
1092 2624 1131 2689 de
1147 2623 1205 2689 diis
1220 2625 1272 2689 di-

246 2747 374 2802 cuntur.
393 2735 480 2814 Quid
491 2736 615 2824 Europa
626 2749 659 2801 et
670 2735 804 2811 Taurus,
821 2735 947 2824 Cycnus
959 2749 990 2801 et
1005 2736 1089 2802 Leda
1101 2735 1142 2800 ad
1154 2747 1273 2802 terram

245 2855 277 2908 et
291 2865 410 2917 aerem,
431 2853 466 2905 ut
481 2841 566 2907 Jovis
583 2842 718 2908 nefarius
734 2866 808 2908 cum
823 2843 889 2908 istis
905 2845 1017 2919 coitus,
1037 2831 1128 2908 terrac
1142 2855 1176 2908 ct
1191 2844 1271 2908 aeris

166 2961 169 2968 ‘
245 2953 346 3018 coitus
366 2952 414 3015 sit.
438 2950 502 3015 Sed
521 2973 595 3015 cum
615 2974 632 3014 a
652 2952 710 3017 Dei
729 2953 946 3042 magnitudine
964 2952 1190 3028 aberraverint,
1209 2975 1273 3018 nec

244 3061 366 3127 ratione
378 3049 470 3125 altius
481 3058 555 3125 ferri
566 3060 687 3148 possint
704 3061 787 3147 (non
802 3063 887 3128 euim
899 3073 1048 3128 tenentur
1060 3059 1195 3128 caelestis
1206 3059 1272 3126 loci

246 3169 463 3259 cognatione),
475 3168 558 3234 circa
571 3171 709 3236 materiae
720 3173 839 3259 species
850 3174 1030 3246 tabescunt,
1039 3194 1077 3236 ac
1087 3171 1177 3236 humi
1189 3169 1275 3236 affixi

244 3277 434 3343 mutationes
450 3274 681 3344 elementorum
693 3278 768 3344 deos
782 3280 922 3346 faciunt:
938 3277 1021 3347 velut
1033 3281 1058 3344 si
1075 3280 1144 3367 quis
1158 3302 1274 3344 narem

244 3387 276 3452 iu
299 3409 358 3474 quo
382 3385 519 3474 navigat,
541 3388 760 3474 gubernatoris
784 3391 899 3456 babeat
920 3388 1001 3456 loco.
1028 3388 1093 3453 Sed
1113 3400 1149 3452 ut
1168 3389 1272 3464 navis,

243 3494 365 3560 etiamsi
383 3495 530 3560 omnibus
549 3496 644 3560 rebus
662 3498 816 3564 instructa
837 3499 888 3575 sit,
908 3496 986 3562 nihil
1006 3509 1112 3562 tamea
1126 3496 1273 3584 prodeat,

242 3604 301 3670 nisi
317 3605 560 3692 gubernatorem
575 3605 711 3671 habeat:
734 3607 776 3672 ita
795 3629 855 3672 neo
873 3606 1029 3674 clementa
1049 3605 1159 3670 ordine
1175 3605 1278 3670 ador-

243 3723 315 3775 nata
327 3709 497 3798 quidquam
506 3713 617 3800 juvant
627 3714 693 3778 sine
707 3714 766 3780 Dei
780 3714 986 3803 providentia.
1001 3713 1093 3781 Navis
1104 3713 1190 3778 enim
1202 3739 1278 3802 per·

244 3818 343 3906 seipsa
353 3840 417 3883 nou
426 3820 600 3906 navigabit:
612 3820 766 3888 elementa
776 3823 842 3888 siue
850 3822 963 3911 opifico
972 3824 1277 3888 uonmorebuutur.

587 4122 601 4156 Ι
