2688 4626
392 261 432 303 an
456 259 579 302 GMCOS
604 258 813 302 conourlmto.
1054 259 1112 324 197

88 368 201 432 somni
222 387 369 434 sermone
390 378 479 434 recte
501 366 700 455 quesivimus
719 377 753 431 et
773 364 998 442 disseruimus,
1019 368 1114 433 virtus

86 505 100 535 ι
115 475 258 563 prolecto
274 489 464 544 nosnatura
479 499 542 543 nee
556 477 712 552 doctrina,
729 475 785 542 sed
800 476 906 542 divina
921 488 1006 541 sorte
1019 475 1117 542 homi-

85 587 210 653 »nihus
227 589 334 655 evenit
352 587 418 654 sine
437 588 582 662 scientia,
603 587 640 654 iis
660 587 774 675 quihus
795 588 908 654 evenit
924 616 938 649 s
952 585 1029 652 llaec
1046 611 1116 653 mea

85 695 223 784 quidem
238 697 404 774 sententia,
420 719 496 763 oum
510 695 623 764 claren
637 695 802 786 Prophetis
817 697 858 761 de
872 695 993 784 Spiritu
1009 707 1117 762 sanem

89 810 256 878 didicisset
280 811 384 886 Plato,
410 811 442 876 in
468 809 590 876 virtutis
615 832 730 875 nomen
754 809 879 874 videtur
905 808 1112 876 transtulisse.

90 911 371 1000 Quemadmodum
392 919 476 985 enim
498 941 597 986 unum
625 930 658 983 et
679 917 829 983 eumdem
852 917 1007 1006 Spiritum
1033 918 1114 985 sacri

86 1028 257 1116 Prophetae
272 1029 303 1095 in
316 1040 434 1116 septem
445 1029 570 1118 spiritus
581 1027 677 1093 dividi
690 1027 816 1100 dieuut;
834 1028 877 1093 iu
892 1037 924 1092 et
936 1028 1003 1116 ipse
1018 1051 1115 1094 unam

83 1149 118 1200 ot
133 1137 279 1202 eamdem
294 1137 442 1206 virtutem
452 1135 629 1226 appellans,
645 1135 677 1200 in
689 1145 826 1222 quatuor
839 1156 910 1200 eam
924 1136 1057 1200 virtutes
1068 1135 1115 1200 di-
1171 1211 1177 1216 ,

86 1245 151 1311 vidi
172 1247 370 1334 pronuntiat;
393 1247 493 1312 sancti
515 1244 643 1332 quidem
663 1243 800 1331 Spiritus
821 1265 978 1331 nusquam
997 1246 1113 1310 memi-

86 1355 169 1421 nisse
184 1354 301 1430 volens,
318 1354 373 1420 sed
386 1377 457 1442 quae
477 1377 495 1418 a
513 1352 679 1441 Prophetis
699 1353 785 1419 dicta
799 1351 926 1418 fuerant
940 1352 980 1418 de
996 1353 1114 1442 Spiritu

85 1474 211 1540 sancto,
226 1487 263 1528 ea
278 1487 334 1552 per
348 1463 520 1550 quamdam
536 1459 719 1552 allegoriam
732 1473 844 1550 aperte
861 1461 1046 1549 praedicans.
1064 1462 1118 1527 Sic

84 1575 173 1640 enim
185 1575 244 1640 suh
257 1573 353 1639 linem
364 1572 509 1638 llenonis
519 1573 584 1636 nit:
603 1573 675 1636 «ux
684 1572 747 1636 hac
758 1571 855 1658 igitur
866 1571 1117 1648 ratiocinatione,

83 1715 95 1746 s
112 1708 135 1749 o
150 1685 257 1759 llleno,
274 1683 397 1748 videtur
411 1683 505 1748 nohis
521 1681 624 1746 divina
641 1693 725 1746 sorte
739 1681 840 1746 virtus
854 1683 899 1746 eis
913 1683 1040 1748 evenire
1054 1684 1118 1771 qui-

83 1821 96 1852 s
114 1793 179 1858 bus
191 1792 306 1860 evenit.
324 1789 406 1856 lllud
422 1801 531 1854 autem
542 1788 626 1855 clare
637 1788 877 1878 perspiciemus,
892 1792 1051 1879 quomodo
1061 1793 1120 1857 vir

87 1931 101 1962 ι
118 1913 173 1964 tus
188 1899 371 1966 hominihus
385 1898 523 1974 eveniat,
543 1899 568 1962 si
587 1897 674 1986 prius
693 1897 757 1963 hoc
775 1897 876 1986 ipsum
895 1899 1120 1968 instituerimus

88 2041 103 2070 s
121 2033 182 2098 per
196 2031 229 2073 se
241 2029 392 2095 querere,
405 2005 483 2096 quid
498 2007 536 2070 sit
548 2006 674 2071 tandem
689 2006 754 2094 ipsa
766 2007 872 2072 virtus.
887 2037 900 2068 ι
913 2007 1033 2074 Videtis
1044 2033 1119 2098 quo·

85 2117 191 2184 modo
206 2139 331 2182 sursum
342 2115 511 2182 adveniens
522 2115 652 2190 donum.
670 2116 818 2181 virtutem
834 2119 1053 2186 tantummodo
1063 2142 1116 2210 ap

82 2225 201 2316 pellet,
224 2247 262 2292 ac
284 2223 363 2290 illud
384 2225 479 2290 etiam
501 2224 701 2313 inquisitione
723 2225 854 2315 dignum
880 2250 948 2292 esso
969 2242 1113 2306 censeat,

73 2348 197 2410 ,utrum
212 2333 361 2400 uirtutem
378 2355 418 2397 an
439 2331 524 2398 aliud
539 2332 700 2422 quidpiam
715 2334 825 2401 deceat
842 2336 905 2402 hoc
920 2338 1042 2404 donum
1057 2364 1116 2429 ap-

87 2443 215 2534 pellari;
237 2445 353 2510 veritus
373 2440 452 2510 illud
473 2455 581 2532 aperte
601 2443 755 2534 Spiritum
775 2459 920 2513 sanctum
941 2448 1114 2538 appellare,

89 2577 133 2620 ne
148 2553 373 2642 Prophetarum
387 2554 565 2619 doctrinam
581 2557 691 2622 sectari
707 2557 877 2623 videretur.

134 2663 286 2730 XXXlll.
309 2663 399 2730 llnde
418 2676 526 2731 eutem
544 2665 676 2731 edoctus
690 2665 779 2732 Plato
799 2679 925 2756 tempus
940 2691 1016 2734 cum
1036 2669 1117 2736 ooelo

86 2785 231 2838 creatum
246 2795 314 2838 esse
328 2772 497 2860 cognovit?
517 2771 571 2837 Sic
586 2773 670 2838 euim
692 2775 838 2863 scripsit:
860 2773 1023 2864 «Tempus
1043 2799 1117 2865 ergo

85 2911 98 2944 s
117 2905 194 2948 cum
213 2879 293 2946 caelo
308 2893 449 2947 creatum
465 2892 526 2954 est,
548 2893 582 2944 ut
600 2881 693 2946 simul
708 2895 815 2947 creata
834 2883 927 2950 simul
943 2885 1117 2954 dissoluan-

86 3021 101 3052 ι
119 3005 187 3064 tur,
201 2991 227 3054 si
242 2989 368 3078 quando
380 3010 492 3054 eorum
503 2983 627 3054 eheuiat
641 2989 816 3055 dissolutio.
831 3020 844 3052 ι
858 2991 908 3058 dn
922 3017 987 3061 non
1002 2996 1064 3062 hoc
1078 3019 1117 3062 ex

91 3099 201 3164 divina
208 3097 303 3162 hlosis
313 3098 442 3162 historia
454 3098 598 3186 cognovit
605 3097 620 3162 l
627 3097 763 3166 Noverat
773 3101 859 3164 enim
870 3105 1021 3192 temporis
1032 3128 1118 3171 crea-

93 3208 219 3275 tionem
233 3227 273 3269 ex
286 3205 407 3280 diebus,
422 3206 581 3272 mensibus
595 3219 628 3272 et
642 3207 731 3274 annis
746 3207 872 3275 initium
886 3213 1120 3282 constitutionis

90 3315 266 3403 accepisse.
290 3313 387 3400 lgitur
404 3337 477 3380 cum
495 3317 613 3405 primus
632 3315 684 3382 ille
704 3315 798 3383 simul
817 3341 892 3386 cum
909 3321 993 3387 ooelo
1008 3323 1119 3390 condi-

91 3442 143 3495 tus
156 3426 228 3492 dics
238 3423 367 3490 initium
378 3423 478 3488 omnis
488 3425 637 3513 temporis
652 3427 835 3514 praestiterit
853 3428 917 3514 (sic
927 3431 1011 3495 enim
1024 3433 1118 3524 scrip-

93 3539 131 3604 sit
145 3535 249 3602 hloses
264 3557 273 3598 :
291 3531 338 3598 In
350 3531 518 3622 principio
534 3535 609 3620 fecit
623 3535 714 3600 Deua
727 3535 843 3601 calum
856 3553 886 3603 et
901 3533 1020 3606 ὡηαπι
1030 3541 1040 3576 ¹
1048 3570 1062 3619 ,·
1077 3567 1116 3613 ao

94 3647 240 3734 deinceps
255 3645 299 3710 ita
318 3641 483 3731 subjungit
498 3667 506 3708 :
527 3641 574 3708 Et
587 3645 836 3732 {caesenatia
848 3672 942 3725 anus,
966 3663 1115 3744 tanquam

94 3781 131 3824 ex
145 3769 232 3847 parte
248 3765 354 3822 totum
370 3765 494 3844 tempus
510 3753 712 3844 designans),
727 3753 811 3824 Plato
823 3758 902 3824 diem
919 3773 1042 3853 tempus
1058 3788 1116 3854 ap-

126 3881 212 3932 ¹Gun.
227 3899 246 3939 ι,
262 3897 283 3930 ι.
