2586 4642
929 1357 934 1364 ι

937 1383 990 1460 μὴ

82 1437 454 1557 Δ1.’ρυριιιιιὼῐιοᾱιιιιι
477 1451 573 1542 igitur
593 1453 655 1519 erit
670 1453 961 1584 Dauoquimmpum
993 1449 1058 1562 ‘N'
1082 1485 1115 1542 t⁵

12 1614 92 1668 est
106 1569 243 1660 homo?
259 1559 427 1649 quomodo
440 1574 546 1628 autem
558 1563 730 1652 perfectus,
742 1589 839 1658 nuper
850 1557 1020 1677 effecturixm
1062 1568 1116 1683 *Q

20 1699 151 1773 nodo
164 1695 283 1754 autem
297 1667 497 1746 immortalis,
514 1671 568 1759 qui
580 1671 612 1737 in
624 1682 736 1740 natura
745 1680 866 1747 mortali
879 1709 937 1760 non
946 1656 1037 1788 0533&

29 1795 197 1876 factori?
223 1786 362 1873 Oportet
380 1779 467 1845 enim
483 1789 515 1844 te
535 1780 785 1870 primoquidem
803 1787 941 1862 ordinem
952 1755 1066 1903 hors&

39 1903 241 1982 custodire,
260 1903 341 1955 tunc
359 1886 474 1954 deinde
495 1889 677 1978 participari
699 1888 806 1980 gloriae
827 1893 895 1962 Dei.
918 1900 984 1993 Nan
1003 1929 1075 2000 epm

42 2039 89 2088 tu
106 2019 220 2086 Deum
235 2000 327 2075 sacis,
344 1997 400 2063 sed
414 1998 500 2064 Deus
515 2010 546 2064 ta
555 1997 639 2064 facit.
655 1997 688 2064 si
701 2023 777 2089 ergo
792 2023 887 2089 opera
898 2005 956 2073 Dei
968 2036 1011 2092 aa,
1024 2047 1081 2096 m.

43 2148 141 2196 num
154 2111 288 2185 artificis
300 2107 345 2174 tui
356 2118 516 2196 exspecta,
530 2119 709 2197 opportune
721 2110 827 2174 omnia
838 2109 1022 2188 facientem:
1036 2153 1086 2220 op,

45 2244 204 2322 portune
218 2230 339 2294 autem,
352 2228 506 2304 quantum
522 2216 563 2282 ad
579 2228 611 2281 te
625 2215 751 2293 attinet,
760 2218 814 2304 qui
829 2217 1091 2303 afficerisPraem

47 2353 176 2408 autem
197 2332 226 2397 ei
244 2352 301 2396 cor
317 2339 406 2392 tuum
423 2323 519 2394 molle
535 2336 568 2392 ct
583 2324 761 2400 tractabile,
778 2339 811 2392 et
826 2330 950 2394 custodi
965 2331 1094 2422 figuram

45 2469 123 2538 qua
143 2455 177 2506 te
192 2435 340 2527 figuravit
354 2433 479 2508 artifex,
495 2432 617 2500 habena
633 2433 665 2499 in
680 2435 847 2522 temetipso
862 2434 1043 2518 humorem,
1060 2471 1099 2514 na

43 2555 236 2622 induratus
249 2543 374 2612 amittas
382 2541 512 2631 vestigia
522 2541 695 2631 digitorum
703 2541 783 2628 ejus.
796 2541 985 2611 Custodien'a
993 2561 1100 2619 autam

42 2653 392 2748 compaginationem,
419 2649 570 2716 ascendes
597 2649 637 2715 ad
662 2649 871 2738 perfectum:
901 2655 941 2720 ab
967 2658 1102 2727 artificio

40 2771 152 2839 enim
174 2765 233 2832 Dei
248 2761 468 2836 absconditur,
488 2759 575 2848 quod
597 2772 645 2825 eat
667 2759 700 2826 in
721 2770 766 2836 te,
785 2759 898 2828 lutum.
924 2764 1103 2836 Fabricavit

42 2873 279 2946 substantiam
292 2870 326 2936 in
346 2881 377 2934 te
392 2889 504 2934 manus
521 2867 591 2955 ejus
610 2890 618 2932 ε
635 2865 724 2934 liniet
738 2881 770 2934 te
788 2871 830 2935 ab
845 2871 930 2938 intus
945 2887 978 2940 et
993 2899 1011 2942 a
1027 2878 1102 2947 foris

41 3006 144 3052 auro
163 3001 246 3068 puro
261 2988 295 3042 et
310 2973 454 3064 argento,
471 2986 504 3041 et
522 2975 555 3042 in
576 2987 699 3043 tantum
718 2979 844 3045 ornabit
865 2993 909 3060 te,
927 2996 962 3054 nt
983 2996 1016 3052 et
1037 2989 1103 3080 ipse

43 3092 132 3158 Rex
157 3083 367 3172 concupiscat
384 3083 521 3172 speciem
536 3095 635 3150 tuam.
658 3084 692 3151 Si
706 3109 782 3153 vero
802 3090 907 3156 statim
928 3094 1101 3166 obduratus

43 3218 202 3286 respuas
221 3203 322 3258 artem
342 3193 425 3280 ejus,
445 3203 477 3257 et
500 3191 639 3285 ingratus
658 3195 771 3262 existas
788 3197 821 3263 in
841 3222 929 3277 eum,
952 3207 1102 3291 quoniam
1171 3269 1179 3280 ,

42 3309 167 3374 homo
182 3301 284 3366 sactus
302 3321 351 3372 es3
370 3297 509 3388 ingratus
523 3299 591 3366 Deo
611 3300 726 3378 sactus,
742 3302 835 3370 simul
858 3317 890 3372 et
912 3321 1013 3378 artem
1031 3297 1100 3402 ejus

42 3426 86 3480 ct
108 3410 218 3477 vitam
239 3404 380 3472 amisisti.
406 3405 526 3474 Facere
542 3407 627 3475 enim
648 3410 813 3499 proprium
834 3427 882 3480 est
899 3417 1101 3509 benignitatis

42 3521 116 3590 Dei
139 3542 149 3584 :
173 3517 242 3584 ficri
260 3527 367 3582 autem
387 3517 552 3606 proprium
573 3530 621 3583 est
642 3519 778 3587 bominis
797 3534 927 3590 naturae.
950 3527 983 3594 Si
1005 3531 1101 3622 igitur

44 3627 237 3696 tradideris
252 3624 280 3690 ei
295 3624 382 3714 quod
397 3635 445 3690 ast
465 3635 569 3702 tuum,
585 3625 618 3692 id
639 3637 699 3703 est,
716 3628 814 3695 iidem
834 3632 867 3697 in
885 3655 960 3700 aum
973 3651 1006 3703 et
1023 3645 1101 3712 sub.

45 3739 260 3830 jectioncmt
274 3731 406 3822 recipies
417 3733 487 3821 ejus
499 3747 613 3811 artem,
628 3748 662 3801 et
673 3737 734 3804 eris
746 3739 925 3828 perfectum
936 3766 1015 3835 opus
1028 3749 1096 3819 Dei.

103 3847 173 3916 111.
193 3845 227 3912 Si
242 3857 347 3910 autern
363 3867 428 3910 non
449 3843 620 3912 credideris
636 3845 678 3922 ei,
701 3860 734 3913 et
748 3847 865 3938 fugeris
885 3874 997 3922 manua
1017 3861 1100 3947 ejus,

48 3960 125 4026 crit
139 3979 238 4026 causa
253 3953 498 4044 imperfectionis
513 3955 545 4022 in
561 3967 593 4024 te
611 3957 742 4044 quinon
757 3961 904 4038 obedisti,
917 3966 972 4031 sed
986 3989 1050 4034 non
1068 3970 1100 4036 in

160 4089 196 4132 ιι.
544 4111 547 4122 ·
881 4073 922 4138 ta

1034 1692 1177 1881 *b

1195 1956 1235 2119 't
