2816 4610
159 253 161 258 ι
263 171 322 248 154
604 191 627 231 s.
655 191 682 232 r.
709 191 738 232 rt.
766 191 929 234 rusorum

256 299 342 363 turni
364 296 446 364 filius
468 309 501 362 et
525 319 580 360 rex
603 295 799 362 Cretensium
824 297 893 372 suit,
921 297 1019 362 habet
1038 295 1220 385 sepulcrum
1243 298 1275 363 in

258 408 366 479 Creten
385 406 489 472 caeteri
510 427 583 480 vero
607 404 748 470 fortene
770 403 927 493 sepultura
947 405 1075 493 quidem
1092 406 1220 494 dignati.
1243 405 1275 470 Si

258 529 331 582 vero
352 525 485 582 matrem
506 536 617 578 eorum
639 535 718 601 quos
739 513 856 579 vocatis
876 513 1009 579 deorum
1029 513 1173 602 objicias,
1197 513 1277 578 absit

259 636 294 689 ut
306 623 353 690 vel
366 624 472 712 ipsius,
490 622 536 688 vel
549 623 790 687 ministroruma
807 623 920 709 quibus
935 622 1061 699 colitur,
1073 623 1211 689 actiones
1222 645 1276 686 ore

259 732 387 797 offeram
406 730 494 816 (haec
507 731 593 795 enim
607 752 648 794 ne
662 728 817 818 appellare
832 731 960 818 quidem
971 731 1062 796 nobis
1076 731 1120 796 sas
1136 733 1216 820 ast),
1228 730 1276 796 vel

259 867 329 930 quae
343 841 409 930 regi
423 840 584 928 vectigalia
600 851 632 903 et
646 839 762 904 tributa
777 851 846 904 tum
861 839 927 927 ipsa
946 852 1016 904 tum
1037 842 1105 928 ejus
1125 838 1180 904 filii
1198 863 1277 928 pen-

260 951 344 1016 dant.
368 951 476 1038 Neque
490 949 575 1014 enim
591 961 663 1013 sunt
677 949 732 1023 dii,
751 949 805 1013 sed
820 948 998 1024 simulacra,
1015 961 1051 1013 ut
1065 949 1276 1037 prediximus,
1390 993 1391 996 κ

260 1083 353 1148 opera
369 1081 521 1123 manuum
538 1057 716 1132 hominum,
733 1068 765 1121 et
779 1057 902 1146 impura
918 1058 1081 1140 daemonia.
1096 1055 1186 1123 Tales
1201 1056 1279 1124 fiant

259 1167 313 1254 qui
332 1165 451 1231 faciunt
466 1188 516 1240 ea,
532 1177 564 1229 et
578 1165 632 1252 qui
648 1147 840 1253 spemsuam
855 1167 887 1232 in
901 1167 946 1230 eis
960 1166 1156 1232 constituunt
1164 1165 1186 1230 ¹.

302 1275 360 1340 XI.
375 1273 493 1363 Regem
503 1274 597 1363 igitur
607 1273 711 1362 potius
727 1273 841 1350 colam,
854 1297 918 1340 non
929 1287 1034 1342 manen
1046 1297 1120 1340 eum
1131 1275 1277 1350 adorans,

261 1383 316 1450 sed
329 1405 439 1472 preces
459 1406 517 1470 pro
532 1405 569 1448 eo
586 1382 730 1449 fundens.
745 1382 863 1450 Verum
886 1395 993 1449 autem
1010 1396 1042 1448 et
1058 1407 1128 1450 vere
1144 1383 1280 1450 existen-

261 1508 326 1559 tem
344 1494 447 1559 Deum
462 1493 572 1568 adoro,
589 1514 662 1558 eum
685 1516 792 1582 regem
811 1495 850 1559 ab
869 1516 908 1560 so
924 1494 1043 1560 factum
1060 1495 1165 1561 seiam.
1187 1493 1281 1560 Dices
1390 1583 1391 1588 γ

261 1605 356 1692 igitur
370 1603 447 1669 mihi
462 1626 470 1667 ε
486 1602 550 1670 Cur
561 1625 668 1691 regam
678 1626 742 1668 non
753 1603 886 1668 adoras?
897 1604 979 1683 Quia
992 1627 1056 1670 non
1065 1605 1136 1669 ideo
1148 1627 1203 1670 rex
1214 1604 1283 1669 fae·
1390 1603 1391 1616 ¹

261 1725 312 1777 tus
334 1723 381 1778 est
403 1724 438 1776 ut
462 1712 622 1787 adoretur,
645 1711 700 1776 sod
725 1722 759 1778 ut
781 1711 919 1802 legitimo
939 1713 1059 1779 honore
1084 1715 1276 1779 observetur.

263 1822 371 1909 Neque
392 1821 477 1886 enim
498 1819 587 1885 Deus
603 1830 662 1896 est,
683 1821 738 1886 sed
760 1821 891 1888 homos
912 1822 980 1887 Deo
1000 1823 1200 1900 constitutus,
1216 1845 1281 1887 non

263 1940 299 1994 ut
314 1929 474 2003 adoretur,
496 1927 553 1994 sed
568 1940 603 1994 ut
616 1928 700 2016 juste
721 1929 851 2016 judicet.
869 1930 924 1995 Est
946 1930 1031 1996 enim
1047 1929 1283 2019 quodammodo

265 2039 492 2107 administratio
504 2040 532 2105 ei
547 2063 565 2104 a
579 2038 647 2106 Deo
659 2039 840 2114 commissa;
858 2061 897 2106 ac
911 2040 977 2128 ipse
989 2039 1210 2134 quidemquos
1222 2041 1281 2105 sub

263 2173 297 2215 se
312 2148 474 2237 praefectos
488 2148 597 2222 habet,
613 2169 701 2235 reges
716 2147 820 2213 vocari
835 2169 898 2212 non
912 2149 1040 2236 patitur.
1059 2150 1114 2215 Est
1127 2147 1211 2214 enim
1226 2169 1285 2213 rex

264 2255 360 2345 ipsiu's
375 2278 504 2331 nomen,
520 2277 584 2343 quo
598 2255 726 2321 nomine
741 2253 838 2320 alium
852 2256 958 2322 vocari
972 2279 1037 2322 non
1051 2255 1121 2322 licet
1135 2279 1143 2320 :
1158 2256 1201 2320 ita
1217 2279 1284 2322 nec

265 2363 387 2430 adorari
403 2365 462 2428 uisi
477 2361 578 2428 solum
592 2363 706 2429 Deum.
726 2363 836 2458 Itaque
850 2363 883 2429 in
898 2365 1057 2440 omnibus,
1070 2387 1088 2428 o
1102 2363 1212 2440 homo,
1228 2387 1301 2428 er-¹

264 2497 336 2540 rore
355 2475 489 2542 duceris.
509 2474 627 2564 Regem
645 2475 740 2564 igitur
757 2473 838 2552 cole,
858 2476 913 2542 sed
932 2499 1006 2541 eum
1023 2474 1180 2564 diligendo
1199 2473 1281 2549 cole,

266 2583 357 2672 eique
377 2584 516 2674 parendo
537 2596 568 2649 et
588 2585 707 2650 orando
723 2607 781 2674 pro
797 2609 845 2652 eo.
865 2587 934 2654 Hoo
951 2587 1035 2652 enim
1059 2587 1084 2654 si
1102 2585 1207 2659 facies,
1230 2607 1281 2650 vo-

269 2691 423 2760 luntatem
447 2693 505 2760 Dei
531 2693 719 2780 exsequeris,
746 2694 789 2760 ita
807 2695 891 2762 enim
910 2695 1051 2785 praecipit
1073 2693 1124 2759 lex
1145 2693 1246 2759 divina
1269 2715 1278 2757 :

277 2805 439 2878 «Honora,
456 2801 500 2868 fili
515 2803 571 2878 mi,
586 2802 689 2868 Deum
707 2814 739 2867 et
752 2801 882 2891 Regem,
898 2825 958 2870 nec
972 2802 1016 2868 eis
1031 2801 1214 2869 inobediens
1229 2801 1280 2868 sis.

270 2939 283 2976 r
299 2912 410 2976 Subito
425 2912 509 2977 enim
525 2910 714 2977 ulciscentur
728 2913 870 2978 inimicos
885 2910 988 2978 suos².
1003 2940 1016 2974 ι

312 3021 385 3088 ΧΙΙ.
401 3022 496 3099 Quod
507 3033 613 3088 autem
623 3045 674 3086 me
684 3022 807 3098 irrides,
821 3021 1032 3088 Christianum
1043 3043 1171 3099 vocans,
1184 3023 1283 3088 nescis

271 3131 346 3218 quid
362 3131 455 3197 dices.
475 3131 580 3198 Primo
594 3132 721 3220 quidem
737 3133 809 3220 quia
825 3132 910 3221 quod
926 3144 1058 3199 unctum
1072 3144 1133 3208 est,
1149 3154 1242 3198 suave
1252 3142 1284 3196 et

273 3234 348 3300 utile
368 3248 427 3311 est,
449 3259 508 3302 neo
527 3237 621 3302 rideri
641 3239 743 3304 debet.
763 3239 841 3316 Quae
856 3239 940 3304 enim
955 3239 1041 3304 navis
1057 3237 1140 3304 utilis
1156 3248 1189 3303 et
1202 3237 1283 3304 salva

273 3367 340 3410 esse
354 3356 469 3432 potest,
490 3346 547 3411 nisi
568 3347 653 3434 prius
669 3359 820 3434 ungatur;
835 3356 890 3411 aut
904 3369 973 3435 quae
993 3346 1087 3410 turris
1102 3345 1150 3411 vel
1174 3346 1284 3410 domus

273 3449 396 3540 elegans
410 3465 442 3517 et
456 3454 620 3520 commoda
636 3466 694 3531 est,
710 3455 736 3518 si
758 3467 852 3520 uncta
866 3478 930 3521 non
944 3455 1057 3520 suerit?
1072 3455 1151 3534 Quis
1170 3455 1284 3542 estqui

275 3583 348 3626 cum
363 3562 396 3627 in
409 3562 492 3628 hanc
502 3563 597 3628 vitam
608 3564 711 3629 editur
721 3576 775 3629 aut
785 3565 817 3630 in
832 3563 1006 3652 palaestram
1017 3565 1203 3653 ingreditur,
1216 3561 1286 3627 oleo

275 3691 339 3733 non
353 3672 506 3760 ungatur?
522 3672 690 3751 Quodnam
709 3696 787 3761 opus
806 3684 952 3738 ornatum
972 3696 1039 3740 esse
1053 3685 1086 3738 et
1100 3669 1286 3762 praeclarum

308 3791 319 3830 ¹
329 3793 394 3846 Psal.
404 3811 464 3846 caru
476 3807 501 3850 ct
511 3815 608 3850 cxxxiv.
618 3799 748 3852 -2Pr0v.
764 3815 830 3858 mr,
844 3815 870 3850 21
875 3833 883 3859 ‚
897 3814 937 3848 aa.
