2640 4622
230 315 378 358 utatocus
401 313 463 358 eun
486 315 647 358 rurrnoua
668 315 782 357 sunno.
953 291 1011 376 571

10 423 179 488 Dominus
193 423 258 510 ipse
278 424 367 488 vobis
385 423 519 511 signum.
537 422 620 487 Ecce
640 423 727 509 virgo
748 422 782 486 in
799 433 890 485 utero
909 421 1018 486 conoi-

10 531 97 616 piet,
110 541 148 594 et
159 531 259 618 pariet
270 527 385 603 filium,
397 540 430 593 et
441 529 598 594 vocabunt
610 550 724 594 nomen
735 528 804 616 ejus
815 528 1019 594 Emmanuel:

10 639 181 724 butyrum
199 635 308 701 etmel
324 635 483 706 comedett
502 647 669 722 antequam
683 635 772 708 sciat,
789 647 843 699 aut
861 635 1020 724 praeeligat

10 741 122 815 mala,
141 740 235 829 eliget
253 742 384 806 honum.
404 739 561 819 Quoniam
577 752 742 826 antequam
758 753 926 828 cognoscat
941 765 1022 831 puer

11 847 151 912 malum
164 859 218 912 aut
228 850 360 922 honum,
373 847 519 934 reprobat
533 845 697 922 malitiam,
709 845 851 934 eligendo
867 851 1016 915 honum¹.

15 956 126 1033 Quia,
144 969 313 1041 antequam
334 954 410 1018 sciat
428 975 507 1040 puer
524 973 637 1018 vocare
652 965 785 1040 putrem,
804 967 857 1020 aut
873 969 1019 1038 matrem,

19 1063 119 1128 tollet
139 1063 287 1128 virtutem
306 1060 463 1135 Damasci,
478 1071 511 1124 at
531 1058 627 1147 spolia
651 1059 798 1127 Samariae
819 1086 925 1130 coram
947 1089 1022 1154 rega

19 1171 245 1256 Assyriorum,
265 1180 299 1233 et
315 1168 458 1255 capietur
477 1179 571 1242 terra,
591 1190 686 1254 quam
703 1179 738 1234 tu
759 1169 878 1234 duriter
892 1171 984 1249 seres,
1003 1196 1021 1238 a

19 1275 107 1338 sacia
119 1274 259 1338 duorum
271 1293 388 1359 regum.
404 1271 467 1335 Sed
482 1270 715 1336 adduootDeus
726 1287 875 1360 superte,
888 1288 920 1340 et
931 1301 1024 1365 super

18 1380 183 1470 populum
198 1393 302 1455 tuum,
318 1390 351 1445 et
365 1401 460 1466 super
471 1377 601 1443 domurn
611 1379 708 1466 patris
723 1381 782 1455 tui,
800 1383 866 1448 dies
882 1384 936 1470 qui
954 1408 1025 1450 neo

23 1491 108 1554 dum
131 1498 286 1552 venerunt
299 1488 338 1552 ab
359 1510 397 1552 eo
419 1487 549 1573 dieque
572 1487 700 1552 abstulit
721 1489 872 1576 Ephraim
891 1513 909 1554 a
928 1491 1024 1567 Juda,

23 1617 139 1683 regem
156 1593 387 1682 Assyriorum².
405 1592 551 1660 »Deinde
566 1594 635 1660 haec
645 1595 769 1681 adjeci:
785 1596 950 1663 Neminem
962 1600 1028 1686 qui-

10 1727 75 1768 ,rm
92 1703 126 1766 in
138 1701 274 1767 Abrahae
286 1699 461 1764 secundum
475 1721 602 1764 carnem
615 1722 728 1787 genere
747 1702 896 1777 extitisse,
914 1717 1028 1792 preter

10 1833 92 1876 tunc
100 1809 264 1886 Christum
275 1819 432 1880 nostrum,
444 1806 499 1893 qui
507 1829 546 1870 ex
556 1805 675 1894 virgine
682 1819 774 1872 natus
785 1823 865 1874 esset
876 1823 1029 1878 autnatus

10 1919 181 1987 liceretur,
194 1914 339 1978 omnihus
354 1914 556 2001 perspicuum
570 1924 627 1978 est.
868 1969 871 1975 .

49 2020 182 2086 LXVII.
200 2019 283 2084 Tum
298 2019 427 2108 Trypho
443 2020 623 2107 respondit:
647 2022 809 2112 Scriptura
828 2049 891 2092 non
911 2029 1026 2094 hahet:

10 2131 128 2194 «Ecce
144 2129 231 2216 virgo
249 2128 281 2192 in
297 2137 388 2192 utero
409 2128 578 2216 concipiet,
602 2142 634 2193 et
655 2132 755 2217 pariet
777 2132 889 2211 filium,
907 2165 920 2197 ι
945 2137 1001 2202 sed
1019 2161 1027 2202 ε

10 2267 25 2297 ι
41 2241 128 2303 Ecce
140 2233 371 2314 adolescentula
390 2235 422 2300 in
441 2247 531 2301 utero
549 2238 706 2327 concipiet
722 2252 755 2304 at
765 2243 865 2328 pariet
881 2241 1021 2320 filium»

11 2358 38 2410 et
57 2367 127 2430 quae
138 2344 248 2408 ordine
260 2351 447 2430 sequuntur,
464 2354 527 2408 uta
543 2353 574 2408 te
589 2345 718 2410 recitata
730 2361 812 2413 sunt.
831 2348 909 2413 Tota
922 2365 1028 2418 autem

13 2452 173 2538 ›rophetia
192 2452 225 2514 in
243 2447 411 2514 Ezechiam
430 2449 513 2514 dicta
532 2461 592 2524 est,
613 2451 644 2514 in
664 2473 758 2537 quem
776 2455 871 2520 etiam
890 2460 1029 2523 evenisse

14 2563 266 2625 lemonstrantur
286 2581 355 2645 qum
375 2557 436 2622 hoc
454 2557 583 2623 oracarlo
605 2560 816 2627 continentur.
841 2563 1029 2632 Perhibetur

15 2679 118 2730 tutem
140 2667 295 2730 incorum
315 2665 369 2751 qui
384 2661 485 2729 Graeci
500 2663 662 2738 dicuntur,
684 2653 808 2742 subulis,
828 2667 977 2736 Perseum
992 2695 1031 2738 ex

16 2779 119 2839 )nnae
130 2774 259 2860 virgine,
277 2793 352 2838 cum
367 2773 399 2836 in
415 2773 483 2836 auri
502 2771 601 2836 forma
616 2771 790 2840 influxisset
805 2777 837 2840 in
852 2800 923 2842 eam
938 2781 963 2844 is
979 2783 1031 2866 qui

18 2882 97 2970 rpud
117 2879 183 2946 iiius
202 2880 319 2946 dicitur
337 2879 474 2966 Jupiter,
495 2879 635 2965 genitum
655 2889 746 2953 esse:⁸
761 2904 799 2946 ac
815 2904 869 2947 vos
888 2908 962 2952 sane
977 2911 1033 2974 pu·

19 2992 89 3054 iere
108 2989 235 3064 deberet
250 2986 361 3052 eadem
380 2983 439 3048 illis
455 2983 576 3056 dicere3
599 2986 758 3072 satiusque
772 3000 854 3054 essct
872 2990 1032 3060 hominem

20 3121 55 3162 ηε
81 3094 257 3158 hominihus
282 3093 424 3179 genitum
449 3091 539 3155 fateri
560 3090 648 3157 hunc
673 3092 796 3168 iesum,
822 3117 860 3160 ac
882 3100 907 3164 si
929 3101 1032 3189 ipsum

21 3204 176 3272 Christum
200 3223 268 3264 esse
290 3221 329 3263 ex
349 3199 519 3287 Scripturis
540 3201 776 3278 demonstretis,
803 3206 844 3270 oh
866 3224 1035 3276 consenta-

23 3333 110 3382 soam
126 3307 182 3396 legi
198 3319 231 3372 et
244 3305 417 3394 perfectam
433 3306 529 3370 vium
545 3307 578 3370 id
596 3306 724 3373 honoris
743 3327 976 3401 consequutum
991 3319 1035 3383 di-

24 3443 103 3494 aere,
123 3417 206 3481 utin
226 3413 388 3478 Christum
403 3412 578 3500 eligeretur.
602 3413 664 3480 Sed
683 3427 823 3483 monstra
838 3433 870 3484 et
888 3436 1033 3509 portenta

25 3525 165 3596 audacter
184 3520 312 3588 effutire
331 3541 396 3584 non
416 3519 550 3592 dehetis,
571 3541 612 3584 ne
631 3522 748 3606 pariter
768 3545 806 3590 ac
827 3525 928 3593 Graeci
951 3530 1033 3597 desi-

27 3655 94 3730 pere
107 3629 286 3721 arguamini.
662 3691 667 3700 ,
950 3687 955 3698 .

28 3779 30 3802 .
68 3741 275 3828 hdhaecego:
293 3737 481 3802 Persuasum
492 3736 561 3811 tihi,
574 3739 714 3826 inquam,
731 3738 870 3830 Trypho,
887 3758 919 3812 at
931 3735 1033 3815 (imni.
1053 3822 1060 3836 .

57 3871 67 3904 ¹
81 3867 140 3916 tut.
148 3883 189 3927 vu,
203 3883 239 3918 ro.
250 3893 282 3905 -
294 3863 305 3898 ²
315 3863 381 3914 Ereti.
392 3880 446 3923 tarr,
455 3863 479 3922 4.

809 3958 857 4032 24.
