<?xml version="1.0" encoding="UTF-8"?>
<!DOCTYPE html PUBLIC "-//W3C//DTD XHTML 1.0 Transitional//EN"
    "http://www.w3.org/TR/xhtml1/DTD/xhtml1-transitional.dtd">
<html xmlns="http://www.w3.org/1999/xhtml" xml:lang="en" lang="en">
 <head>
  <title>
</title>
<meta http-equiv="Content-Type" content="text/html;charset=utf-8" />
  <meta name='ocr-system' content='tesseract 3.04.00' />
  <meta name='ocr-capabilities' content='ocr_page ocr_carea ocr_par ocr_line ocrx_word'/>
</head>
<body>
  <div class='ocr_page' id='page_1' title='image "./collectioselect02guilgoog_0356.png"; bbox 0 0 2772 4610; ppageno 0'>
   <div class='ocr_carea' id='block_1_1' title="bbox 293 289 1087 358">
    <p class='ocr_par' dir='ltr' id='par_1_1' title="bbox 293 289 1087 358">
     <span class='ocr_line' id='line_1_1' title="bbox 293 289 1087 358; baseline -0.005 0"><span class='ocrx_word' id='word_1_1' title='bbox 293 314 444 358; x_wconf 75' lang='lat' dir='ltr'><strong>nrsaoers</strong></span> <span class='ocrx_word' id='word_1_2' title='bbox 467 313 529 356; x_wconf 79' lang='lat' dir='ltr'><strong>nnn</strong></span> <span class='ocrx_word' id='word_1_3' title='bbox 551 312 715 355; x_wconf 78' lang='lat' dir='ltr'><strong>rrrrnora</strong></span> <span class='ocrx_word' id='word_1_4' title='bbox 738 312 851 354; x_wconf 76' lang='lat' dir='ltr'><strong>annno.</strong></span> <span class='ocrx_word' id='word_1_5' title='bbox 1024 289 1087 356; x_wconf 78' lang='lat'><strong>555</strong></span> 
     </span>
    </p>
   </div>
   <div class='ocr_carea' id='block_1_2' title="bbox 34 413 1093 3889">
    <p class='ocr_par' dir='ltr' id='par_1_2' title="bbox 34 413 1093 2036">
     <span class='ocr_line' id='line_1_2' title="bbox 34 413 1089 489; baseline -0.007 0"><span class='ocrx_word' id='word_1_6' title='bbox 34 436 129 489; x_wconf 66' lang='lat' dir='ltr'><strong>sunt</strong></span> <span class='ocrx_word' id='word_1_7' title='bbox 145 423 211 489; x_wconf 80' lang='lat' dir='ltr'><strong>:sie</strong></span> <span class='ocrx_word' id='word_1_8' title='bbox 224 433 335 486; x_wconf 83' lang='lat' dir='ltr'><strong>antem</strong></span> <span class='ocrx_word' id='word_1_9' title='bbox 350 419 470 486; x_wconf 72' lang='lat' dir='ltr'><strong>halem</strong></span> <span class='ocrx_word' id='word_1_10' title='bbox 483 441 492 483; x_wconf 78' lang='grc' dir='ltr'><strong><em>ε</em></strong></span> <span class='ocrx_word' id='word_1_11' title='bbox 507 443 521 476; x_wconf 81' lang='grc' dir='ltr'>ι</span> <span class='ocrx_word' id='word_1_12' title='bbox 535 416 619 483; x_wconf 83' lang='lat' dir='ltr'><strong>Cum</strong></span> <span class='ocrx_word' id='word_1_13' title='bbox 633 415 760 482; x_wconf 65' lang='lat' dir='ltr'><strong>vidiasd</strong></span> <span class='ocrx_word' id='word_1_14' title='bbox 773 427 881 482; x_wconf 69' lang='lat' dir='ltr'><strong>numm</strong></span> <span class='ocrx_word' id='word_1_15' title='bbox 896 413 974 482; x_wconf 81' lang='lat' dir='ltr'><strong>Sara</strong></span> <span class='ocrx_word' id='word_1_16' title='bbox 987 413 1089 484; x_wconf 87' lang='lat' dir='ltr'><strong>lilium</strong></span> 
     </span>
     <span class='ocr_line' id='line_1_3' title="bbox 35 522 1093 624; baseline -0.002 -32"><span class='ocrx_word' id='word_1_17' title='bbox 35 565 49 592; x_wconf 61' lang='grc' dir='ltr'>ι</span> <span class='ocrx_word' id='word_1_18' title='bbox 68 535 180 624; x_wconf 71' lang='lat' dir='ltr'><strong>Agar,</strong></span> <span class='ocrx_word' id='word_1_19' title='bbox 190 529 314 598; x_wconf 76' lang='lat' dir='ltr'><strong>ancillae</strong></span> <span class='ocrx_word' id='word_1_20' title='bbox 323 527 496 618; x_wconf 57' lang='lat' dir='ltr'><strong>Egyptian,</strong></span> <span class='ocrx_word' id='word_1_21' title='bbox 507 525 696 616; x_wconf 72' lang='lat' dir='ltr'><strong>quigenitus</strong></span> <span class='ocrx_word' id='word_1_22' title='bbox 706 524 809 590; x_wconf 83' lang='lat' dir='ltr'><strong>fuerat</strong></span> <span class='ocrx_word' id='word_1_23' title='bbox 818 523 968 601; x_wconf 61' lang='lat' dir='ltr'><strong>Adraha,</strong></span> <span class='ocrx_word' id='word_1_24' title='bbox 982 522 1093 592; x_wconf 77' lang='lat' dir='ltr'><strong>luden-</strong></span> 
     </span>
     <span class='ocr_line' id='line_1_4' title="bbox 36 631 1090 723; baseline -0.006 -17"><span class='ocrx_word' id='word_1_25' title='bbox 36 673 51 700; x_wconf 77' lang='grc' dir='ltr'>ι</span> <span class='ocrx_word' id='word_1_26' title='bbox 69 657 152 709; x_wconf 84' lang='lat' dir='ltr'><strong>tem</strong></span> <span class='ocrx_word' id='word_1_27' title='bbox 169 663 242 710; x_wconf 73' lang='lat' dir='ltr'><strong>mm</strong></span> <span class='ocrx_word' id='word_1_28' title='bbox 263 639 355 706; x_wconf 84' lang='lat' dir='ltr'><strong>lsaao</strong></span> <span class='ocrx_word' id='word_1_29' title='bbox 375 636 443 704; x_wconf 88' lang='lat' dir='ltr'><strong>lilio</strong></span> <span class='ocrx_word' id='word_1_30' title='bbox 460 658 536 712; x_wconf 84' lang='lat' dir='ltr'><strong>suo,</strong></span> <span class='ocrx_word' id='word_1_31' title='bbox 559 635 636 702; x_wconf 86' lang='lat' dir='ltr'><strong>dixit</strong></span> <span class='ocrx_word' id='word_1_32' title='bbox 656 634 793 702; x_wconf 72' lang='lat' dir='ltr'><strong>Abrahae</strong></span> <span class='ocrx_word' id='word_1_33' title='bbox 808 657 817 698; x_wconf 78' lang='lat' dir='ltr'><strong>r</strong></span> <span class='ocrx_word' id='word_1_34' title='bbox 835 634 924 723; x_wconf 84' lang='lat' dir='ltr'><strong>Ejioe</strong></span> <span class='ocrx_word' id='word_1_35' title='bbox 942 631 1090 702; x_wconf 73' lang='lat' dir='ltr'><strong>ancillam</strong></span> 
     </span>
     <span class='ocr_line' id='line_1_5' title="bbox 36 741 1091 835; baseline 0.002 -25"><span class='ocrx_word' id='word_1_36' title='bbox 36 781 52 810; x_wconf 74' lang='grc' dir='ltr'>ι</span> <span class='ocrx_word' id='word_1_37' title='bbox 75 751 176 818; x_wconf 81' lang='lat' dir='ltr'><strong>hano</strong></span> <span class='ocrx_word' id='word_1_38' title='bbox 188 763 221 816; x_wconf 84' lang='lat' dir='ltr'><strong>et</strong></span> <span class='ocrx_word' id='word_1_39' title='bbox 232 748 332 815; x_wconf 81' lang='lat' dir='ltr'><strong>filium</strong></span> <span class='ocrx_word' id='word_1_40' title='bbox 347 748 419 835; x_wconf 74' lang='lat' dir='ltr'><strong>ejus</strong></span> <span class='ocrx_word' id='word_1_41' title='bbox 436 771 445 813; x_wconf 76' lang='lat' dir='ltr'><strong>r</strong></span> <span class='ocrx_word' id='word_1_42' title='bbox 462 769 526 813; x_wconf 89' lang='lat' dir='ltr'><strong>non</strong></span> <span class='ocrx_word' id='word_1_43' title='bbox 542 747 627 812; x_wconf 84' lang='lat' dir='ltr'><strong>enim</strong></span> <span class='ocrx_word' id='word_1_44' title='bbox 643 745 744 811; x_wconf 75' lang='lat' dir='ltr'><strong>hares</strong></span> <span class='ocrx_word' id='word_1_45' title='bbox 755 741 839 810; x_wconf 83' lang='lat' dir='ltr'><strong>filins</strong></span> <span class='ocrx_word' id='word_1_46' title='bbox 854 742 976 812; x_wconf 80' lang='lat' dir='ltr'><strong>anaillae</strong></span> <span class='ocrx_word' id='word_1_47' title='bbox 993 743 1091 834; x_wconf 80' lang='lat' dir='ltr'><strong>bajus</strong></span> 
     </span>
     <span class='ocr_line' id='line_1_6' title="bbox 40 837 1091 926; baseline -0.003 -6"><span class='ocrx_word' id='word_1_48' title='bbox 40 889 59 920; x_wconf 72' lang='grc' dir='ltr'>ι</span> <span class='ocrx_word' id='word_1_49' title='bbox 80 857 423 926; x_wconf 81' lang='lat' dir='ltr'><strong>oumsdio&#39;rneolaaoo.</strong></span> <span class='ocrx_word' id='word_1_50' title='bbox 434 837 784 922; x_wconf 46' lang='lat' dir='ltr'><strong>Duromantem&#39;visnm</strong></span> <span class='ocrx_word' id='word_1_51' title='bbox 794 850 1091 922; x_wconf 78' lang='lat' dir='ltr'><strong>estrarlrumvalde</strong></span> 
     </span>
     <span class='ocr_line' id='line_1_7' title="bbox 43 960 1090 1036; baseline -0.002 -6"><span class='ocrx_word' id='word_1_52' title='bbox 43 1000 61 1030; x_wconf 74' lang='grc' dir='ltr'>ι</span> <span class='ocrx_word' id='word_1_53' title='bbox 81 991 203 1036; x_wconf 78' lang='lat' dir='ltr'><strong>coram</strong></span> <span class='ocrx_word' id='word_1_54' title='bbox 216 967 367 1036; x_wconf 80' lang='lat' dir='ltr'><strong>Abnham</strong></span> <span class='ocrx_word' id='word_1_55' title='bbox 379 967 425 1032; x_wconf 77' lang='lat' dir='ltr'><strong>&#39;de</strong></span> <span class='ocrx_word' id='word_1_56' title='bbox 440 965 507 1032; x_wconf 84' lang='lat' dir='ltr'><strong>lilio</strong></span> <span class='ocrx_word' id='word_1_57' title='bbox 522 989 589 1032; x_wconf 90' lang='lat' dir='ltr'><strong>suo.</strong></span> <span class='ocrx_word' id='word_1_58' title='bbox 603 965 692 1031; x_wconf 81' lang='lat' dir='ltr'><strong>Dixit</strong></span> <span class='ocrx_word' id='word_1_59' title='bbox 709 974 816 1030; x_wconf 86' lang='lat' dir='ltr'><strong>autom</strong></span> <span class='ocrx_word' id='word_1_60' title='bbox 826 961 912 1028; x_wconf 88' lang='lat' dir='ltr'><strong>Dens</strong></span> <span class='ocrx_word' id='word_1_61' title='bbox 927 961 969 1028; x_wconf 84' lang='lat' dir='ltr'><strong>ad</strong></span> <span class='ocrx_word' id='word_1_62' title='bbox 985 960 1090 1028; x_wconf 80' lang='lat' dir='ltr'><strong>Abra-</strong></span> 
     </span>
     <span class='ocr_line' id='line_1_8' title="bbox 45 1069 1088 1160; baseline -0.005 -20"><span class='ocrx_word' id='word_1_63' title='bbox 45 1111 61 1140; x_wconf 66' lang='lat'><em>,</em></span> <span class='ocrx_word' id='word_1_64' title='bbox 82 1079 168 1146; x_wconf 78' lang='lat' dir='ltr'><strong>bam</strong></span> <span class='ocrx_word' id='word_1_65' title='bbox 184 1101 195 1142; x_wconf 75' lang='grc' dir='ltr'><strong><em>ε</em></strong></span> <span class='ocrx_word' id='word_1_66' title='bbox 214 1077 261 1144; x_wconf 83' lang='lat' dir='ltr'><strong>Na</strong></span> <span class='ocrx_word' id='word_1_67' title='bbox 272 1077 311 1143; x_wconf 89' lang='lat' dir='ltr'><strong>sit</strong></span> <span class='ocrx_word' id='word_1_68' title='bbox 324 1077 443 1144; x_wconf 85' lang='lat' dir='ltr'><strong>dorum</strong></span> <span class='ocrx_word' id='word_1_69' title='bbox 461 1095 570 1142; x_wconf 85' lang='lat' dir='ltr'><strong>eoram</strong></span> <span class='ocrx_word' id='word_1_70' title='bbox 591 1087 623 1142; x_wconf 82' lang='lat' dir='ltr'><strong>te</strong></span> <span class='ocrx_word' id='word_1_71' title='bbox 647 1073 688 1140; x_wconf 91' lang='lat' dir='ltr'><strong>de</strong></span> <span class='ocrx_word' id='word_1_72' title='bbox 710 1090 810 1160; x_wconf 87' lang='lat' dir='ltr'><strong>puero</strong></span> <span class='ocrx_word' id='word_1_73' title='bbox 831 1082 864 1138; x_wconf 88' lang='lat' dir='ltr'><strong>et</strong></span> <span class='ocrx_word' id='word_1_74' title='bbox 881 1071 922 1136; x_wconf 90' lang='lat' dir='ltr'><strong>de</strong></span> <span class='ocrx_word' id='word_1_75' title='bbox 943 1069 1056 1138; x_wconf 83' lang='lat' dir='ltr'><strong>aneilla</strong></span> <span class='ocrx_word' id='word_1_76' title='bbox 1079 1093 1088 1135; x_wconf 77' lang='lat' dir='ltr'><strong>r</strong></span> 
     </span>
     <span class='ocr_line' id='line_1_9' title="bbox 43 1179 1087 1272; baseline 0 -26"><span class='ocrx_word' id='word_1_77' title='bbox 43 1215 59 1246; x_wconf 71' lang='grc' dir='ltr'>ι</span> <span class='ocrx_word' id='word_1_78' title='bbox 76 1185 191 1251; x_wconf 84' lang='lat' dir='ltr'><strong>omnia</strong></span> <span class='ocrx_word' id='word_1_79' title='bbox 205 1205 414 1272; x_wconf 73' lang='lat' dir='ltr'><strong>quacumque</strong></span> <span class='ocrx_word' id='word_1_80' title='bbox 437 1183 551 1250; x_wconf 75' lang='lat' dir='ltr'>dixerit</span> <span class='ocrx_word' id='word_1_81' title='bbox 570 1181 628 1248; x_wconf 85' lang='lat' dir='ltr'><strong>tihi</strong></span> <span class='ocrx_word' id='word_1_82' title='bbox 651 1181 749 1256; x_wconf 84' lang='lat' dir='ltr'><strong>Sara,</strong></span> <span class='ocrx_word' id='word_1_83' title='bbox 769 1179 844 1245; x_wconf 88' lang='lat' dir='ltr'><strong>andi</strong></span> <span class='ocrx_word' id='word_1_84' title='bbox 860 1199 972 1246; x_wconf 80' lang='lat' dir='ltr'><strong>vooem</strong></span> <span class='ocrx_word' id='word_1_85' title='bbox 989 1181 1059 1267; x_wconf 80' lang='lat' dir='ltr'><strong>ojus</strong></span> <span class='ocrx_word' id='word_1_86' title='bbox 1078 1204 1087 1246; x_wconf 80' lang='grc' dir='ltr'>ι</span> 
     </span>
     <span class='ocr_line' id='line_1_10' title="bbox 44 1275 1091 1382; baseline 0.002 -30"><span class='ocrx_word' id='word_1_87' title='bbox 44 1323 61 1352; x_wconf 74' lang='grc' dir='ltr'>ι</span> <span class='ocrx_word' id='word_1_88' title='bbox 80 1293 236 1382; x_wconf 82' lang='lat' dir='ltr'><strong>qnoniam</strong></span> <span class='ocrx_word' id='word_1_89' title='bbox 254 1293 288 1358; x_wconf 93' lang='lat' dir='ltr'><strong>in</strong></span> <span class='ocrx_word' id='word_1_90' title='bbox 303 1291 391 1358; x_wconf 82' lang='lat' dir='ltr'><strong>iaaac</strong></span> <span class='ocrx_word' id='word_1_91' title='bbox 401 1291 567 1357; x_wconf 81' lang='lat' dir='ltr'><strong>vocabitur</strong></span> <span class='ocrx_word' id='word_1_92' title='bbox 581 1289 639 1356; x_wconf 87' lang='lat' dir='ltr'><strong>tihi</strong></span> <span class='ocrx_word' id='word_1_93' title='bbox 650 1275 786 1356; x_wconf 80' lang='lat' dir='ltr'><strong>senien¹.</strong></span> <span class='ocrx_word' id='word_1_94' title='bbox 802 1315 816 1350; x_wconf 86' lang='grc' dir='ltr'>ι</span> <span class='ocrx_word' id='word_1_95' title='bbox 832 1286 917 1356; x_wconf 87' lang='lat' dir='ltr'><strong>Num</strong></span> <span class='ocrx_word' id='word_1_96' title='bbox 933 1287 1028 1376; x_wconf 75' lang='lat' dir='ltr'><strong>igitur</strong></span> <span class='ocrx_word' id='word_1_97' title='bbox 1039 1289 1091 1354; x_wconf 89' lang='lat' dir='ltr'><strong>in·</strong></span> 
     </span>
     <span class='ocr_line' id='line_1_11' title="bbox 43 1397 1090 1488; baseline -0.004 -22"><span class='ocrx_word' id='word_1_98' title='bbox 43 1399 219 1466; x_wconf 77' lang='lat' dir='ltr'><strong>tellexistis</strong></span> <span class='ocrx_word' id='word_1_99' title='bbox 233 1421 308 1466; x_wconf 87' lang='lat' dir='ltr'><strong>eum</strong></span> <span class='ocrx_word' id='word_1_100' title='bbox 321 1400 376 1488; x_wconf 89' lang='lat' dir='ltr'><strong>qni</strong></span> <span class='ocrx_word' id='word_1_101' title='bbox 388 1410 461 1466; x_wconf 84' lang='lat' dir='ltr'><strong>tam</strong></span> <span class='ocrx_word' id='word_1_102' title='bbox 475 1401 534 1466; x_wconf 83' lang='lat' dir='ltr'><strong>suh</strong></span> <span class='ocrx_word' id='word_1_103' title='bbox 550 1421 670 1487; x_wconf 83' lang='lat' dir='ltr'><strong>quercu</strong></span> <span class='ocrx_word' id='word_1_104' title='bbox 689 1397 811 1464; x_wconf 77' lang='lat' dir='ltr'><strong>dixerat</strong></span> <span class='ocrx_word' id='word_1_105' title='bbox 826 1418 861 1462; x_wconf 84' lang='lat' dir='ltr'><strong>se</strong></span> <span class='ocrx_word' id='word_1_106' title='bbox 876 1419 1090 1472; x_wconf 84' lang='lat' dir='ltr'><strong>reversurum,</strong></span> 
     </span>
     <span class='ocr_line' id='line_1_12' title="bbox 42 1503 1091 1599; baseline -0.003 -24"><span class='ocrx_word' id='word_1_107' title='bbox 42 1519 148 1598; x_wconf 76' lang='lat' dir='ltr'><strong>prout</strong></span> <span class='ocrx_word' id='word_1_108' title='bbox 170 1508 385 1575; x_wconf 73' lang='lat' dir='ltr'><strong>necessarium</strong></span> <span class='ocrx_word' id='word_1_109' title='bbox 408 1531 477 1574; x_wconf 83' lang='lat' dir='ltr'><strong>esso</strong></span> <span class='ocrx_word' id='word_1_110' title='bbox 503 1506 722 1599; x_wconf 73' lang='lat' dir='ltr'><strong>praenosoebrt</strong></span> <span class='ocrx_word' id='word_1_111' title='bbox 744 1529 782 1572; x_wconf 85' lang='lat' dir='ltr'><strong>ea</strong></span> <span class='ocrx_word' id='word_1_112' title='bbox 801 1503 937 1572; x_wconf 75' lang='lat' dir='ltr'><strong>Abrahae</strong></span> <span class='ocrx_word' id='word_1_113' title='bbox 958 1505 1091 1572; x_wconf 85' lang='lat' dir='ltr'><strong>suadere</strong></span> 
     </span>
     <span class='ocr_line' id='line_1_13' title="bbox 45 1613 1089 1708; baseline -0.005 -23"><span class='ocrx_word' id='word_1_114' title='bbox 45 1643 124 1708; x_wconf 68' lang='grc' dir='ltr'><strong>«με</strong></span> <span class='ocrx_word' id='word_1_115' title='bbox 140 1620 181 1686; x_wconf 82' lang='lat' dir='ltr'><strong>ab</strong></span> <span class='ocrx_word' id='word_1_116' title='bbox 195 1621 265 1708; x_wconf 84' lang='lat' dir='ltr'><strong>ipso</strong></span> <span class='ocrx_word' id='word_1_117' title='bbox 281 1617 358 1684; x_wconf 85' lang='lat' dir='ltr'><strong>Sara</strong></span> <span class='ocrx_word' id='word_1_118' title='bbox 372 1617 599 1694; x_wconf 79' lang='lat' dir='ltr'><strong>contendebat,</strong></span> <span class='ocrx_word' id='word_1_119' title='bbox 616 1637 778 1682; x_wconf 79' lang='lat' dir='ltr'><strong>reversum</strong></span> <span class='ocrx_word' id='word_1_120' title='bbox 792 1637 874 1689; x_wconf 85' lang='lat' dir='ltr'><strong>esse,</strong></span> <span class='ocrx_word' id='word_1_121' title='bbox 886 1623 923 1678; x_wconf 90' lang='lat' dir='ltr'><strong>nt</strong></span> <span class='ocrx_word' id='word_1_122' title='bbox 934 1613 1089 1702; x_wconf 86' lang='lat' dir='ltr'><strong>seriptum</strong></span> 
     </span>
     <span class='ocr_line' id='line_1_14' title="bbox 43 1719 1090 1804; baseline -0.005 -11"><span class='ocrx_word' id='word_1_123' title='bbox 43 1741 111 1804; x_wconf 83' lang='lat' dir='ltr'><strong>est,</strong></span> <span class='ocrx_word' id='word_1_124' title='bbox 131 1737 166 1792; x_wconf 85' lang='lat' dir='ltr'><strong>et</strong></span> <span class='ocrx_word' id='word_1_125' title='bbox 178 1727 284 1794; x_wconf 83' lang='lat' dir='ltr'><strong>Deam</strong></span> <span class='ocrx_word' id='word_1_126' title='bbox 299 1748 380 1801; x_wconf 81' lang='lat' dir='ltr'><strong>esse,</strong></span> <span class='ocrx_word' id='word_1_127' title='bbox 403 1737 439 1789; x_wconf 89' lang='lat' dir='ltr'><strong>ut</strong></span> <span class='ocrx_word' id='word_1_128' title='bbox 453 1725 523 1790; x_wconf 73' lang='lat' dir='ltr'><strong>heo</strong></span> <span class='ocrx_word' id='word_1_129' title='bbox 535 1725 632 1790; x_wconf 84' lang='lat' dir='ltr'><strong>verba</strong></span> <span class='ocrx_word' id='word_1_130' title='bbox 648 1719 810 1788; x_wconf 75' lang='lat' dir='ltr'><strong>declarant</strong></span> <span class='ocrx_word' id='word_1_131' title='bbox 828 1745 838 1788; x_wconf 77' lang='grc' dir='ltr'><strong><em>ε</em></strong></span> <span class='ocrx_word' id='word_1_132' title='bbox 854 1748 868 1781; x_wconf 90' lang='grc' dir='ltr'>ι</span> <span class='ocrx_word' id='word_1_133' title='bbox 882 1720 969 1788; x_wconf 83' lang='lat' dir='ltr'><strong>Dixit</strong></span> <span class='ocrx_word' id='word_1_134' title='bbox 981 1731 1090 1788; x_wconf 82' lang='lat' dir='ltr'><strong>autent</strong></span> 
     </span>
     <span class='ocr_line' id='line_1_15' title="bbox 46 1832 1089 1918; baseline 0.001 -23"><span class='ocrx_word' id='word_1_135' title='bbox 46 1865 60 1895; x_wconf 62' lang='grc' dir='ltr'>ι</span> <span class='ocrx_word' id='word_1_136' title='bbox 75 1837 169 1901; x_wconf 79' lang='lat' dir='ltr'><strong>Dens</strong></span> <span class='ocrx_word' id='word_1_137' title='bbox 184 1834 320 1902; x_wconf 75' lang='lat' dir='ltr'><strong>dbrahae</strong></span> <span class='ocrx_word' id='word_1_138' title='bbox 333 1857 343 1900; x_wconf 90' lang='lat'>:</span> <span class='ocrx_word' id='word_1_139' title='bbox 357 1833 534 1900; x_wconf 86' lang='lat' dir='ltr'><strong>Ne&#39;dnrurn</strong></span> <span class='ocrx_word' id='word_1_140' title='bbox 546 1832 587 1897; x_wconf 84' lang='lat' dir='ltr'><strong>ait</strong></span> <span class='ocrx_word' id='word_1_141' title='bbox 596 1852 707 1898; x_wconf 85' lang='lat' dir='ltr'><strong>coram</strong></span> <span class='ocrx_word' id='word_1_142' title='bbox 716 1843 750 1896; x_wconf 87' lang='lat' dir='ltr'><strong>ta</strong></span> <span class='ocrx_word' id='word_1_143' title='bbox 764 1851 860 1918; x_wconf 83' lang='lat' dir='ltr'><strong>super</strong></span> <span class='ocrx_word' id='word_1_144' title='bbox 874 1851 976 1918; x_wconf 86' lang='lat' dir='ltr'><strong>puero</strong></span> <span class='ocrx_word' id='word_1_145' title='bbox 989 1843 1023 1898; x_wconf 83' lang='lat' dir='ltr'><strong>et</strong></span> <span class='ocrx_word' id='word_1_146' title='bbox 1033 1853 1089 1898; x_wconf 86' lang='lat' dir='ltr'><strong>sn-</strong></span> 
     </span>
     <span class='ocr_line' id='line_1_16' title="bbox 47 1941 723 2036; baseline -0.01 -25"><span class='ocrx_word' id='word_1_147' title='bbox 47 1975 63 2004; x_wconf 82' lang='lat'><strong>»</strong></span> <span class='ocrx_word' id='word_1_148' title='bbox 83 1969 147 2034; x_wconf 83' lang='lat' dir='ltr'><strong>per</strong></span> <span class='ocrx_word' id='word_1_149' title='bbox 160 1941 309 2036; x_wconf 78' lang='lat' dir='ltr'><strong>ancilla¹i</strong></span> <span class='ocrx_word' id='word_1_150' title='bbox 320 1971 333 2004; x_wconf 78' lang='grc' dir='ltr'>ι</span> <span class='ocrx_word' id='word_1_151' title='bbox 345 1943 393 2008; x_wconf 85' lang='lat' dir='ltr'><strong>lta</strong></span> <span class='ocrx_word' id='word_1_152' title='bbox 408 1963 463 2008; x_wconf 81' lang='lat' dir='ltr'><strong>eos</strong></span> <span class='ocrx_word' id='word_1_153' title='bbox 478 1941 723 2029; x_wconf 71' lang='lat' dir='ltr'><strong>interrogabam.</strong></span> 
     </span>
    </p>

    <p class='ocr_par' dir='ltr' id='par_1_3' title="bbox 47 2050 1090 2582">
     <span class='ocr_line' id='line_1_17' title="bbox 100 2050 1090 2142; baseline -0.002 -22"><span class='ocrx_word' id='word_1_154' title='bbox 100 2051 278 2142; x_wconf 73' lang='lat' dir='ltr'><strong>Respondit</strong></span> <span class='ocrx_word' id='word_1_155' title='bbox 289 2051 419 2141; x_wconf 80' lang='lat' dir='ltr'><strong>Trypho</strong></span> <span class='ocrx_word' id='word_1_156' title='bbox 437 2073 446 2116; x_wconf 73' lang='grc' dir='ltr'><em>τ</em></span> <span class='ocrx_word' id='word_1_157' title='bbox 467 2051 618 2124; x_wconf 83' lang='lat' dir='ltr'><strong>Maxime;</strong></span> <span class='ocrx_word' id='word_1_158' title='bbox 637 2073 747 2116; x_wconf 87' lang='lat' dir='ltr'><strong>varum</strong></span> <span class='ocrx_word' id='word_1_159' title='bbox 768 2073 807 2116; x_wconf 86' lang='lat' dir='ltr'><strong>ox</strong></span> <span class='ocrx_word' id='word_1_160' title='bbox 820 2050 870 2117; x_wconf 87' lang='lat' dir='ltr'><strong>his</strong></span> <span class='ocrx_word' id='word_1_161' title='bbox 884 2051 1016 2118; x_wconf 85' lang='lat' dir='ltr'><strong>minime</strong></span> <span class='ocrx_word' id='word_1_162' title='bbox 1031 2050 1090 2118; x_wconf 86' lang='lat' dir='ltr'><strong>de-</strong></span> 
     </span>
     <span class='ocr_line' id='line_1_18' title="bbox 47 2159 1090 2249; baseline 0 -21"><span class='ocrx_word' id='word_1_163' title='bbox 47 2162 243 2229; x_wconf 80' lang='lat' dir='ltr'><strong>monstrasti</strong></span> <span class='ocrx_word' id='word_1_164' title='bbox 251 2161 345 2228; x_wconf 84' lang='lat' dir='ltr'><strong>aliem</strong></span> <span class='ocrx_word' id='word_1_165' title='bbox 359 2184 429 2228; x_wconf 83' lang='lat' dir='ltr'><strong>esse</strong></span> <span class='ocrx_word' id='word_1_166' title='bbox 439 2161 543 2227; x_wconf 85' lang='lat' dir='ltr'><strong>Deum</strong></span> <span class='ocrx_word' id='word_1_167' title='bbox 554 2172 668 2249; x_wconf 80' lang='lat' dir='ltr'><strong>praeter</strong></span> <span class='ocrx_word' id='word_1_168' title='bbox 686 2159 786 2234; x_wconf 83' lang='lat' dir='ltr'><strong>hune,</strong></span> <span class='ocrx_word' id='word_1_169' title='bbox 798 2161 852 2249; x_wconf 86' lang='lat' dir='ltr'><strong>qui</strong></span> <span class='ocrx_word' id='word_1_170' title='bbox 869 2161 1006 2228; x_wconf 72' lang='lat' dir='ltr'><strong>Ahnhae</strong></span> <span class='ocrx_word' id='word_1_171' title='bbox 1024 2183 1090 2243; x_wconf 63' lang='lat' dir='ltr'><strong>on-</strong></span> 
     </span>
     <span class='ocr_line' id='line_1_19' title="bbox 47 2270 1086 2362; baseline 0 -24"><span class='ocrx_word' id='word_1_172' title='bbox 47 2275 196 2361; x_wconf 81' lang='lat' dir='ltr'><strong>terisqne</strong></span> <span class='ocrx_word' id='word_1_173' title='bbox 209 2272 397 2362; x_wconf 77' lang='lat' dir='ltr'><strong>patriarchia</strong></span> <span class='ocrx_word' id='word_1_174' title='bbox 412 2284 444 2338; x_wconf 85' lang='lat' dir='ltr'><strong>et</strong></span> <span class='ocrx_word' id='word_1_175' title='bbox 458 2271 621 2362; x_wconf 86' lang='lat' dir='ltr'><strong>prophetis</strong></span> <span class='ocrx_word' id='word_1_176' title='bbox 637 2270 722 2337; x_wconf 81' lang='lat' dir='ltr'><strong>risus</strong></span> <span class='ocrx_word' id='word_1_177' title='bbox 732 2283 793 2346; x_wconf 85' lang='lat' dir='ltr'><strong>est,</strong></span> <span class='ocrx_word' id='word_1_178' title='bbox 806 2271 862 2338; x_wconf 89' lang='lat' dir='ltr'><strong>sed</strong></span> <span class='ocrx_word' id='word_1_179' title='bbox 875 2295 934 2339; x_wconf 91' lang='lat' dir='ltr'><strong>nos</strong></span> <span class='ocrx_word' id='word_1_180' title='bbox 945 2271 1086 2361; x_wconf 82' lang='lat' dir='ltr'><strong>prohasti</strong></span> 
     </span>
     <span class='ocr_line' id='line_1_20' title="bbox 48 2381 1088 2474; baseline 0.001 -25"><span class='ocrx_word' id='word_1_181' title='bbox 48 2387 157 2450; x_wconf 75' lang='lat' dir='ltr'><strong>minna</strong></span> <span class='ocrx_word' id='word_1_182' title='bbox 178 2395 268 2450; x_wconf 76' lang='lat' dir='ltr'><strong>reete</strong></span> <span class='ocrx_word' id='word_1_183' title='bbox 281 2383 476 2450; x_wconf 76' lang='lat' dir='ltr'><strong>existimasse</strong></span> <span class='ocrx_word' id='word_1_184' title='bbox 488 2396 552 2450; x_wconf 78' lang='lat' dir='ltr'><strong>tres</strong></span> <span class='ocrx_word' id='word_1_185' title='bbox 566 2381 649 2458; x_wconf 84' lang='lat' dir='ltr'><strong>illos,</strong></span> <span class='ocrx_word' id='word_1_186' title='bbox 666 2381 767 2472; x_wconf 82' lang='lat' dir='ltr'><strong>quiin</strong></span> <span class='ocrx_word' id='word_1_187' title='bbox 783 2383 989 2450; x_wconf 75' lang='lat' dir='ltr'><strong>ohemaeulo</strong></span> <span class='ocrx_word' id='word_1_188' title='bbox 1001 2383 1088 2474; x_wconf 80' lang='lat' dir='ltr'><strong>apud</strong></span> 
     </span>
     <span class='ocr_line' id='line_1_21' title="bbox 53 2491 765 2582; baseline -0.001 -22"><span class='ocrx_word' id='word_1_189' title='bbox 53 2495 218 2560; x_wconf 80' lang='lat' dir='ltr'><strong>Abraham</strong></span> <span class='ocrx_word' id='word_1_190' title='bbox 232 2493 376 2568; x_wconf 82' lang='lat' dir='ltr'><strong>fuerunt,</strong></span> <span class='ocrx_word' id='word_1_191' title='bbox 392 2491 519 2582; x_wconf 81' lang='lat' dir='ltr'><strong>angelos</strong></span> <span class='ocrx_word' id='word_1_192' title='bbox 533 2515 644 2558; x_wconf 86' lang='lat' dir='ltr'><strong>omnes</strong></span> <span class='ocrx_word' id='word_1_193' title='bbox 659 2491 765 2559; x_wconf 80' lang='lat' dir='ltr'><strong>firisse.</strong></span> 
     </span>
    </p>

    <p class='ocr_par' dir='ltr' id='par_1_4' title="bbox 50 2600 1090 3452">
     <span class='ocr_line' id='line_1_22' title="bbox 97 2600 1088 2691; baseline 0.001 -24"><span class='ocrx_word' id='word_1_194' title='bbox 97 2601 237 2668; x_wconf 82' lang='lat' dir='ltr'><strong>Rursum</strong></span> <span class='ocrx_word' id='word_1_195' title='bbox 251 2625 312 2690; x_wconf 77' lang='lat' dir='ltr'><strong>ego</strong></span> <span class='ocrx_word' id='word_1_196' title='bbox 331 2625 340 2666; x_wconf 76' lang='grc' dir='ltr'><strong><em>ε</em></strong></span> <span class='ocrx_word' id='word_1_197' title='bbox 356 2600 520 2690; x_wconf 79' lang='lat' dir='ltr'><strong>Siquidem</strong></span> <span class='ocrx_word' id='word_1_198' title='bbox 535 2625 574 2668; x_wconf 88' lang='lat' dir='ltr'><strong>ex</strong></span> <span class='ocrx_word' id='word_1_199' title='bbox 588 2601 759 2691; x_wconf 84' lang='lat' dir='ltr'><strong>Scripturis</strong></span> <span class='ocrx_word' id='word_1_200' title='bbox 775 2601 849 2690; x_wconf 86' lang='lat' dir='ltr'><strong>ipsis</strong></span> <span class='ocrx_word' id='word_1_201' title='bbox 868 2603 1088 2668; x_wconf 82' lang='lat' dir='ltr'><strong>demonstrare</strong></span> 
     </span>
     <span class='ocr_line' id='line_1_23' title="bbox 50 2707 1089 2801; baseline -0.003 -25"><span class='ocrx_word' id='word_1_202' title='bbox 50 2733 114 2776; x_wconf 92' lang='lat' dir='ltr'><strong>non</strong></span> <span class='ocrx_word' id='word_1_203' title='bbox 128 2733 273 2801; x_wconf 83' lang='lat' dir='ltr'><strong>possem,</strong></span> <span class='ocrx_word' id='word_1_204' title='bbox 290 2733 392 2776; x_wconf 89' lang='lat' dir='ltr'><strong>unum</strong></span> <span class='ocrx_word' id='word_1_205' title='bbox 408 2733 447 2774; x_wconf 85' lang='lat' dir='ltr'><strong>ex</strong></span> <span class='ocrx_word' id='word_1_206' title='bbox 463 2710 564 2776; x_wconf 84' lang='lat' dir='ltr'><strong>tribus</strong></span> <span class='ocrx_word' id='word_1_207' title='bbox 579 2707 639 2776; x_wconf 86' lang='lat' dir='ltr'><strong>illis</strong></span> <span class='ocrx_word' id='word_1_208' title='bbox 652 2722 685 2774; x_wconf 88' lang='lat' dir='ltr'><strong>et</strong></span> <span class='ocrx_word' id='word_1_209' title='bbox 698 2709 804 2776; x_wconf 88' lang='lat' dir='ltr'><strong>Deum</strong></span> <span class='ocrx_word' id='word_1_210' title='bbox 815 2732 896 2784; x_wconf 85' lang='lat' dir='ltr'><strong>esse,</strong></span> <span class='ocrx_word' id='word_1_211' title='bbox 907 2721 940 2776; x_wconf 89' lang='lat' dir='ltr'><strong>et</strong></span> <span class='ocrx_word' id='word_1_212' title='bbox 954 2709 1040 2786; x_wconf 90' lang='lat' dir='ltr'><strong>ideo,</strong></span> <span class='ocrx_word' id='word_1_213' title='bbox 1053 2723 1089 2774; x_wconf 86' lang='lat' dir='ltr'><strong>ut</strong></span> 
     </span>
     <span class='ocr_line' id='line_1_24' title="bbox 53 2817 1090 2907; baseline 0.002 -25"><span class='ocrx_word' id='word_1_214' title='bbox 53 2819 115 2904; x_wconf 82' lang='lat' dir='ltr'><strong>jam</strong></span> <span class='ocrx_word' id='word_1_215' title='bbox 129 2817 209 2894; x_wconf 91' lang='lat' dir='ltr'><strong>dixi,</strong></span> <span class='ocrx_word' id='word_1_216' title='bbox 226 2817 378 2907; x_wconf 74' lang='lat' dir='ltr'><strong>angelum</strong></span> <span class='ocrx_word' id='word_1_217' title='bbox 391 2817 511 2894; x_wconf 82' lang='lat' dir='ltr'><strong>vocari,</strong></span> <span class='ocrx_word' id='word_1_218' title='bbox 528 2818 613 2907; x_wconf 90' lang='lat' dir='ltr'><strong>quod</strong></span> <span class='ocrx_word' id='word_1_219' title='bbox 634 2819 782 2884; x_wconf 86' lang='lat' dir='ltr'><strong>nuntium</strong></span> <span class='ocrx_word' id='word_1_220' title='bbox 802 2819 838 2884; x_wconf 90' lang='lat' dir='ltr'><strong>iis</strong></span> <span class='ocrx_word' id='word_1_221' title='bbox 857 2817 995 2907; x_wconf 78' lang='lat' dir='ltr'><strong>perierat</strong></span> <span class='ocrx_word' id='word_1_222' title='bbox 1017 2819 1090 2906; x_wconf 88' lang='lat' dir='ltr'><strong>qui·</strong></span> 
     </span>
     <span class='ocr_line' id='line_1_25' title="bbox 55 2925 1085 3015; baseline 0.004 -23"><span class='ocrx_word' id='word_1_223' title='bbox 55 2929 111 2992; x_wconf 85' lang='lat' dir='ltr'><strong>bus</strong></span> <span class='ocrx_word' id='word_1_224' title='bbox 125 2926 278 2993; x_wconf 79' lang='lat' dir='ltr'><strong>mandata</strong></span> <span class='ocrx_word' id='word_1_225' title='bbox 300 2949 355 2991; x_wconf 88' lang='lat' dir='ltr'><strong>sna</strong></span> <span class='ocrx_word' id='word_1_226' title='bbox 375 2925 506 3015; x_wconf 77' lang='lat' dir='ltr'><strong>perferri</strong></span> <span class='ocrx_word' id='word_1_227' title='bbox 521 2925 587 2992; x_wconf 83' lang='lat' dir='ltr'><strong>vult</strong></span> <span class='ocrx_word' id='word_1_228' title='bbox 609 2927 830 2992; x_wconf 83' lang='lat' dir='ltr'><strong>universorum</strong></span> <span class='ocrx_word' id='word_1_229' title='bbox 845 2937 969 2991; x_wconf 80' lang='lat' dir='ltr'><strong>creator</strong></span> <span class='ocrx_word' id='word_1_230' title='bbox 982 2925 1085 2998; x_wconf 78' lang='lat' dir='ltr'><strong>Deust</strong></span> 
     </span>
     <span class='ocr_line' id='line_1_26' title="bbox 57 3031 1088 3124; baseline 0.002 -24"><span class='ocrx_word' id='word_1_231' title='bbox 57 3037 169 3100; x_wconf 82' lang='lat' dir='ltr'><strong>merito</strong></span> <span class='ocrx_word' id='word_1_232' title='bbox 191 3057 266 3100; x_wconf 84' lang='lat' dir='ltr'><strong>sane</strong></span> <span class='ocrx_word' id='word_1_233' title='bbox 286 3034 327 3100; x_wconf 85' lang='lat' dir='ltr'><strong>de</strong></span> <span class='ocrx_word' id='word_1_234' title='bbox 348 3036 418 3124; x_wconf 88' lang='lat' dir='ltr'><strong>ipso</strong></span> <span class='ocrx_word' id='word_1_235' title='bbox 438 3031 492 3100; x_wconf 91' lang='lat' dir='ltr'><strong>illo</strong></span> <span class='ocrx_word' id='word_1_236' title='bbox 513 3035 619 3123; x_wconf 87' lang='lat' dir='ltr'><strong>quiin</strong></span> <span class='ocrx_word' id='word_1_237' title='bbox 640 3034 733 3098; x_wconf 85' lang='lat' dir='ltr'><strong>terris</strong></span> <span class='ocrx_word' id='word_1_238' title='bbox 752 3033 785 3098; x_wconf 92' lang='lat' dir='ltr'><strong>in</strong></span> <span class='ocrx_word' id='word_1_239' title='bbox 806 3033 864 3099; x_wconf 84' lang='lat' dir='ltr'><strong>viri</strong></span> <span class='ocrx_word' id='word_1_240' title='bbox 884 3035 1000 3123; x_wconf 79' lang='lat' dir='ltr'><strong>speeie,</strong></span> <span class='ocrx_word' id='word_1_241' title='bbox 1023 3058 1088 3102; x_wconf 91' lang='lat' dir='ltr'><strong>non</strong></span> 
     </span>
     <span class='ocr_line' id='line_1_27' title="bbox 60 3143 1089 3236; baseline 0.008 -30"><span class='ocrx_word' id='word_1_242' title='bbox 60 3167 154 3209; x_wconf 81' lang='lat' dir='ltr'><strong>secus</strong></span> <span class='ocrx_word' id='word_1_243' title='bbox 167 3168 204 3210; x_wconf 83' lang='lat' dir='ltr'><strong>ao</strong></span> <span class='ocrx_word' id='word_1_244' title='bbox 213 3147 276 3210; x_wconf 90' lang='lat' dir='ltr'><strong>duo</strong></span> <span class='ocrx_word' id='word_1_245' title='bbox 290 3146 424 3213; x_wconf 79' lang='lat' dir='ltr'><strong>comites</strong></span> <span class='ocrx_word' id='word_1_246' title='bbox 435 3143 550 3234; x_wconf 81' lang='lat' dir='ltr'><strong>angeli,</strong></span> <span class='ocrx_word' id='word_1_247' title='bbox 562 3146 646 3212; x_wconf 86' lang='lat' dir='ltr'><strong>visus</strong></span> <span class='ocrx_word' id='word_1_248' title='bbox 661 3157 710 3211; x_wconf 85' lang='lat' dir='ltr'><strong>est</strong></span> <span class='ocrx_word' id='word_1_249' title='bbox 724 3145 872 3221; x_wconf 74' lang='lat' dir='ltr'><strong>Abrahae,</strong></span> <span class='ocrx_word' id='word_1_250' title='bbox 885 3147 1001 3236; x_wconf 87' lang='lat' dir='ltr'><strong>quique</strong></span> <span class='ocrx_word' id='word_1_251' title='bbox 1013 3159 1089 3214; x_wconf 84' lang='lat' dir='ltr'><strong>anto</strong></span> 
     </span>
     <span class='ocr_line' id='line_1_28' title="bbox 58 3253 1087 3344; baseline 0.003 -27"><span class='ocrx_word' id='word_1_252' title='bbox 58 3253 220 3318; x_wconf 89' lang='lat' dir='ltr'><strong>mnndurn</strong></span> <span class='ocrx_word' id='word_1_253' title='bbox 237 3255 398 3322; x_wconf 85' lang='lat' dir='ltr'><strong>eonditum</strong></span> <span class='ocrx_word' id='word_1_254' title='bbox 420 3253 505 3320; x_wconf 87' lang='lat' dir='ltr'><strong>Deus</strong></span> <span class='ocrx_word' id='word_1_255' title='bbox 523 3267 604 3330; x_wconf 84' lang='lat' dir='ltr'><strong>erat,</strong></span> <span class='ocrx_word' id='word_1_256' title='bbox 626 3253 711 3319; x_wconf 88' lang='lat' dir='ltr'><strong>idem</strong></span> <span class='ocrx_word' id='word_1_257' title='bbox 731 3254 887 3320; x_wconf 79' lang='lat' dir='ltr'><strong>sentiretis</strong></span> <span class='ocrx_word' id='word_1_258' title='bbox 913 3255 1000 3344; x_wconf 88' lang='lat' dir='ltr'><strong>quod</strong></span> <span class='ocrx_word' id='word_1_259' title='bbox 1021 3268 1087 3321; x_wconf 87' lang='lat' dir='ltr'><strong>tota</strong></span> 
     </span>
     <span class='ocr_line' id='line_1_29' title="bbox 53 3365 369 3452; baseline 0 -24"><span class='ocrx_word' id='word_1_260' title='bbox 53 3385 133 3452; x_wconf 78' lang='lat' dir='ltr'><strong>gens</strong></span> <span class='ocrx_word' id='word_1_261' title='bbox 150 3373 253 3428; x_wconf 81' lang='lat' dir='ltr'><strong>vestra</strong></span> <span class='ocrx_word' id='word_1_262' title='bbox 268 3365 369 3430; x_wconf 84' lang='lat' dir='ltr'><strong>sentit.</strong></span> 
     </span>
    </p>

    <p class='ocr_par' dir='ltr' id='par_1_5' title="bbox 96 3467 972 3560">
     <span class='ocr_line' id='line_1_30' title="bbox 96 3467 972 3560; baseline 0.003 -27"><span class='ocrx_word' id='word_1_263' title='bbox 96 3467 252 3545; x_wconf 87' lang='lat' dir='ltr'><strong>Omnino,</strong></span> <span class='ocrx_word' id='word_1_264' title='bbox 267 3471 371 3560; x_wconf 90' lang='lat' dir='ltr'><strong>inquit</strong></span> <span class='ocrx_word' id='word_1_265' title='bbox 385 3468 452 3544; x_wconf 89' lang='lat' dir='ltr'><strong>ille;</strong></span> <span class='ocrx_word' id='word_1_266' title='bbox 470 3473 513 3537; x_wconf 77' lang='lat' dir='ltr'><strong>ita</strong></span> <span class='ocrx_word' id='word_1_267' title='bbox 529 3474 616 3538; x_wconf 88' lang='lat' dir='ltr'><strong>enim</strong></span> <span class='ocrx_word' id='word_1_268' title='bbox 631 3472 785 3538; x_wconf 85' lang='lat' dir='ltr'><strong>hactenus</strong></span> <span class='ocrx_word' id='word_1_269' title='bbox 802 3473 972 3537; x_wconf 85' lang='lat' dir='ltr'><strong>tenuimus.</strong></span> 
     </span>
    </p>

    <p class='ocr_par' dir='ltr' id='par_1_6' title="bbox 51 3577 1087 3889">
     <span class='ocr_line' id='line_1_31' title="bbox 94 3577 1085 3669; baseline 0.007 -26"><span class='ocrx_word' id='word_1_270' title='bbox 94 3577 178 3644; x_wconf 85' lang='lat' dir='ltr'><strong>Tum</strong></span> <span class='ocrx_word' id='word_1_271' title='bbox 196 3603 256 3668; x_wconf 78' lang='lat' dir='ltr'><strong>ego</strong></span> <span class='ocrx_word' id='word_1_272' title='bbox 271 3601 400 3645; x_wconf 85' lang='lat' dir='ltr'><strong>rursum</strong></span> <span class='ocrx_word' id='word_1_273' title='bbox 416 3604 424 3644; x_wconf 75' lang='grc' dir='ltr'><strong><em>ε</em></strong></span> <span class='ocrx_word' id='word_1_274' title='bbox 443 3581 494 3648; x_wconf 78' lang='lat' dir='ltr'><strong>Ad</strong></span> <span class='ocrx_word' id='word_1_275' title='bbox 507 3579 698 3669; x_wconf 80' lang='lat' dir='ltr'><strong>Scripturas,</strong></span> <span class='ocrx_word' id='word_1_276' title='bbox 715 3581 857 3669; x_wconf 86' lang='lat' dir='ltr'><strong>inquam,</strong></span> <span class='ocrx_word' id='word_1_277' title='bbox 875 3605 927 3646; x_wconf 90' lang='lat' dir='ltr'><strong>me</strong></span> <span class='ocrx_word' id='word_1_278' title='bbox 948 3583 1085 3652; x_wconf 80' lang='lat' dir='ltr'><strong>reserens</strong></span> 
     </span>
     <span class='ocr_line' id='line_1_32' title="bbox 53 3689 1087 3781; baseline 0.01 -28"><span class='ocrx_word' id='word_1_279' title='bbox 53 3689 242 3776; x_wconf 73' lang='lat' dir='ltr'><strong>permadere</strong></span> <span class='ocrx_word' id='word_1_280' title='bbox 257 3691 348 3757; x_wconf 79' lang='lat' dir='ltr'><strong>rolris</strong></span> <span class='ocrx_word' id='word_1_281' title='bbox 363 3693 504 3760; x_wconf 81' lang='lat' dir='ltr'><strong>conabor</strong></span> <span class='ocrx_word' id='word_1_282' title='bbox 523 3691 611 3759; x_wconf 85' lang='lat' dir='ltr'><strong>huno</strong></span> <span class='ocrx_word' id='word_1_283' title='bbox 626 3693 740 3781; x_wconf 85' lang='lat' dir='ltr'><strong>ipsum,</strong></span> <span class='ocrx_word' id='word_1_284' title='bbox 758 3694 812 3780; x_wconf 81' lang='lat' dir='ltr'><strong>qui</strong></span> <span class='ocrx_word' id='word_1_285' title='bbox 833 3693 969 3760; x_wconf 80' lang='lat' dir='ltr'><strong>Abrahae</strong></span> <span class='ocrx_word' id='word_1_286' title='bbox 984 3707 1017 3761; x_wconf 87' lang='lat' dir='ltr'><strong>et</strong></span> <span class='ocrx_word' id='word_1_287' title='bbox 1031 3696 1087 3763; x_wconf 84' lang='lat' dir='ltr'><strong>Jo-</strong></span> 
     </span>
     <span class='ocr_line' id='line_1_33' title="bbox 51 3797 1084 3889; baseline 0.01 -27"><span class='ocrx_word' id='word_1_288' title='bbox 51 3798 114 3862; x_wconf 86' lang='lat' dir='ltr'><strong>coh</strong></span> <span class='ocrx_word' id='word_1_289' title='bbox 129 3809 161 3862; x_wconf 87' lang='lat' dir='ltr'><strong>et</strong></span> <span class='ocrx_word' id='word_1_290' title='bbox 176 3797 254 3864; x_wconf 87' lang='lat' dir='ltr'><strong>llosi</strong></span> <span class='ocrx_word' id='word_1_291' title='bbox 266 3800 353 3865; x_wconf 85' lang='lat' dir='ltr'><strong>visua</strong></span> <span class='ocrx_word' id='word_1_292' title='bbox 364 3821 432 3866; x_wconf 84' lang='lat' dir='ltr'><strong>esse</strong></span> <span class='ocrx_word' id='word_1_293' title='bbox 444 3801 572 3876; x_wconf 85' lang='lat' dir='ltr'><strong>dieitur,</strong></span> <span class='ocrx_word' id='word_1_294' title='bbox 585 3825 623 3868; x_wconf 88' lang='lat' dir='ltr'><strong>ao</strong></span> <span class='ocrx_word' id='word_1_295' title='bbox 637 3801 723 3868; x_wconf 85' lang='lat' dir='ltr'><strong>Deus</strong></span> <span class='ocrx_word' id='word_1_296' title='bbox 735 3825 750 3866; x_wconf 85' lang='lat' dir='ltr'><strong>a</strong></span> <span class='ocrx_word' id='word_1_297' title='bbox 764 3801 928 3889; x_wconf 77' lang='lat' dir='ltr'><strong>Scriptura</strong></span> <span class='ocrx_word' id='word_1_298' title='bbox 941 3815 1084 3882; x_wconf 78' lang='lat' dir='ltr'><strong>vocatur,</strong></span> 
     </span>
    </p>
   </div>
   <div class='ocr_carea' id='block_1_3' title="bbox 83 3928 410 3995">
    <p class='ocr_par' dir='ltr' id='par_1_7' title="bbox 83 3928 410 3995">
     <span class='ocr_line' id='line_1_34' title="bbox 83 3928 410 3995; baseline 0.009 -17"><span class='ocrx_word' id='word_1_299' title='bbox 83 3929 90 3960; x_wconf 79' lang='lat'><strong>¹</strong></span> <span class='ocrx_word' id='word_1_300' title='bbox 102 3928 171 3980; x_wconf 76' lang='lat' dir='ltr'><strong>Gen.</strong></span> <span class='ocrx_word' id='word_1_301' title='bbox 186 3948 240 3990; x_wconf 81' lang='lat' dir='ltr'><strong>ur,</strong></span> <span class='ocrx_word' id='word_1_302' title='bbox 250 3947 276 3995; x_wconf 80' lang='lat'><strong>9.</strong></span> <span class='ocrx_word' id='word_1_303' title='bbox 289 3959 320 3968; x_wconf 98' lang='lat'>-</span> <span class='ocrx_word' id='word_1_304' title='bbox 329 3929 341 3963; x_wconf 83' lang='lat'><strong>²</strong></span> <span class='ocrx_word' id='word_1_305' title='bbox 349 3930 410 3982; x_wconf 77' lang='lat' dir='ltr'><strong>lttd.</strong></span> 
     </span>
    </p>
   </div>
   <div class='ocr_carea' id='block_1_4' title="bbox 0 0 1396 4610">
    <p class='ocr_par' dir='ltr' id='par_1_8' title="bbox 0 0 1396 4610">
     <span class='ocr_line' id='line_1_35' title="bbox 0 0 1396 4610; baseline 0 0"><span class='ocrx_word' id='word_1_306' title='bbox 0 0 1396 4610; x_wconf 95' lang='lat' dir='ltr'><strong> </strong></span> 
     </span>
    </p>
   </div>
  </div>
 </body>
</html>
