2616 4620
323 317 362 358 nn
386 315 583 368 nuronrcuu,
606 316 666 358 ιιι.
690 317 728 357 ιι.
976 291 1028 354 161

23 419 352 496 tuernt,hocVerhum
363 419 496 509 genuit,
506 418 710 507 prolatitium,
722 419 966 508 primogenitum
974 443 1036 483 om·

20 529 67 592 nis
78 539 244 600 creeturaer
257 550 321 594 non
337 529 379 594 itu
395 537 503 594 tumen
522 539 555 593 ut
565 526 671 594 Verbo
683 549 800 594 vacuus
815 525 917 603 lieret,
930 527 992 594 eed'
1005 541 1039 592 ut

20 635 161 704 Verbum
181 638 334 726 gigneret,
356 650 389 703 et
411 660 484 705 cum
507 661 564 704 suo
579 635 683 704 Verbo
706 659 830 726 semper
849 650 1034 703 versaretur.

20 747 95 812 Haec
117 769 174 812 nos
201 745 316 812 docent
337 745 508 835 Scripturae
529 759 657 822 senctae,
680 758 713 811 et
737 758 892 836 quotquot
920 745 1039 836 Spiritu

20 867 130 922 saneto
146 855 240 921 ellleti
256 855 354 931 luere,
367 855 400 922 in
411 855 460 921 hie
471 855 608 921 Joenuee
619 856 661 920 ite
674 855 780 922 dicens
793 879 801 920 ε
814 883 826 916 a
838 856 873 922 ln
884 857 1038 946 principio

3 993 33 1022 ·»
48 975 116 1028 erut
126 961 279 1038 Verbum,
290 973 323 1029 et
334 962 473 1030 Verbum
484 973 552 1029 erut
562 963 646 1051 upud
660 963 818 1030 neunt,
834 963 957 1044 Quibus
969 987 1039 1032 rer-

20 1072 70 1137 his
82 1072 218 1138 ostendit
229 1072 319 1137 initio
329 1070 432 1137 solum
442 1071 535 1136 fuisse
545 1072 649 1137 Deum
659 1082 691 1137 et
703 1067 735 1136 in
746 1093 784 1138 eo
794 1069 945 1140 Verbum.
956 1071 1039 1138 Tum

4 1215 5 1222 ι
20 1179 109 1246 addit
124 1183 207 1249 :rEt
216 1181 301 1246 Dens
311 1191 379 1246 eret
390 1179 543 1256 Verbum,
559 1181 663 1246 omniu
675 1203 732 1269 per
745 1181 849 1269 ipsum
863 1181 943 1248 lectu
953 1193 1039 1259 sunt,

3 1327 5 1334 ·
22 1320 35 1351 s
50 1303 84 1356 et
98 1292 164 1356 sine
179 1291 247 1379 ipso
262 1291 380 1357 lectum
397 1303 446 1355 est
459 1289 546 1355 nihil.
570 1319 582 1352 s
597 1289 738 1358 Verbum
757 1291 852 1380 igitur
869 1314 943 1357 eum
957 1291 1041 1358 Deus

22 1401 63 1465 sit
83 1411 171 1466 etex
189 1399 256 1466 Deo
276 1399 429 1488 genitum,
453 1396 529 1463 illud
544 1397 636 1462 Pater
657 1398 887 1474 universorum,
907 1423 981 1466 cum
998 1401 1041 1466 itn

21 1510 124 1574 visum
135 1509 240 1585 luerit,
252 1509 348 1573 mittit
359 1509 391 1573 in
402 1505 538 1595 aliquem
550 1506 669 1581 locum,
682 1529 746 1594 qno
758 1509 976 1585 cumvenerit,
989 1532 1043 1574 au-

21 1618 109 1684 ditur
122 1629 154 1682 et
169 1618 292 1684 videtur
303 1617 433 1685 missum
444 1617 484 1682 nb
495 1637 534 1681 eo
545 1628 578 1682 et
590 1617 621 1682 in
636 1614 708 1681 loeo
719 1615 906 1682 invenitnr'.

65 1727 186 1793 XXlll.
201 1728 369 1792 Hominem
381 1726 475 1814 igitur
489 1725 573 1790 Deus
589 1725 639 1789 die
654 1735 741 1792 sexto
757 1727 886 1802 creavit,
905 1727 973 1816 ejus
991 1752 1043 1793 au-

1 1882 2 1890 ,
21 1847 88 1900 tem
108 1837 298 1903 creationem
316 1834 462 1924 patefecit
478 1846 550 1923 post
569 1834 652 1899 diem
671 1834 836 1922 septimam
854 1857 929 1901 cum
947 1835 1043 1902 Pure-

55 2005 66 2038 ¹
77 2005 211 2055 Generatio
222 2004 264 2054 illa
274 2003 360 2062 Verbi,
371 2019 413 2052 seu
424 2006 550 2052 emanatio
561 2001 683 2062 adextra,
693 2000 755 2050 nihil
766 2001 846 2064 addit,
862 2003 925 2052 nihil
935 2003 1045 2056 detrahit

22 2095 136 2143 persone
147 2080 213 2138 Filii,
223 2079 268 2129 sed
277 2087 315 2128 est
325 2086 422 2126 tantum
435 2077 572 2127 voluntarias
584 2076 768 2126 administratio
780 2077 805 2124 in
819 2077 908 2125 mnndi
917 2081 1044 2130 creatione

1 2189 3 2206 ,
22 2159 149 2218 suscepta.
159 2150 224 2200 llam
236 2161 262 2200 s·
274 2159 332 2200 ante
339 2149 403 2200 hanc
412 2151 600 2214 generationem
615 2158 668 2200 erat
677 2149 758 2198 Patris
770 2147 934 2210 consiliarius,
948 2159 974 2200 et
985 2150 1044 2201 Ver·

22 2223 86 2270 burn
105 2241 204 2290 semper
220 2225 328 2276 existens
343 2225 370 2274 in
382 2221 457 2272 corde
475 2222 574 2272 Patris:
593 2238 651 2290 ergo
667 2237 770 2288 perenm
787 2238 800 2271 a
819 2221 891 2272 Patre
913 2223 1042 2276 distincta.

1 2315 2 2318 ¹
23 2307 50 2341 2⁰
64 2295 104 2344 lta
119 2305 261 2362 generatur,
275 2306 302 2347 et
316 2295 426 2344 mittitur
438 2295 469 2344 ad
485 2295 574 2345 mundi
589 2298 755 2355 creationem,
771 2303 800 2344 ut
817 2295 891 2344 Pater
904 2295 987 2347 Verbo
998 2315 1043 2350 sno

21 2385 116 2420 vacuus
132 2387 182 2422 non
196 2372 250 2433 liat,
263 2381 360 2422 etcum
373 2369 456 2419 Verbo
467 2385 511 2420 suo
526 2387 627 2436 semper
639 2377 765 2420 vertebar:
778 2385 838 2436 erge
851 2373 978 2435 generatio
989 2373 1043 2424 hee

26 2446 90 2494 nihil
102 2447 173 2496 addit
186 2448 256 2498 Filio.
274 2449 302 2496 3·
319 2447 418 2496 Statum
434 2448 491 2498 Filii
504 2447 578 2498 docet
590 2447 710 2512 explicari
726 2448 753 2494 iu
769 2446 818 2496 illis
828 2447 912 2496 verbis
926 2448 1002 2500 Joau.
1019 2466 1042 2512 r,

20 2519 53 2568 ln
63 2521 181 2585 principio
190 2531 242 2572 eret
256 2521 368 2578 Verbum,
382 2532 434 2572 ete.
444 2537 474 2572 ea
484 2520 575 2586 quihus
585 2522 651 2571 clare
661 2528 741 2585 patet,
758 2517 881 2581 Verbum,
898 2523 966 2588 quod
977 2541 1043 2574 sem-

25 2611 73 2660 per
85 2597 166 2647 luerat
176 2597 244 2662 apud
256 2597 366 2657 Patrem,
378 2595 497 2662 prodiisse
508 2595 539 2646 ad
549 2593 642 2645 «mnndi
651 2595 816 2654 emtionem,
827 2593 923 2660 absque
932 2613 963 2647 eo
975 2598 1043 2663 qnod

19 2681 83 2720 tune
95 2672 246 2738 productum
258 2671 338 2722 luerit.
354 2670 512 2722 Numericam
525 2670 601 2722 etiem
613 2671 725 2719 essentie
736 2669 763 2717 in
774 2668 853 2719 tribus
864 2675 976 2735 personis
989 2675 1045 2724 uui·

19 2753 101 2794 tatem
113 2745 139 2794 S.
151 2743 304 2809 Theophilus
316 2753 400 2809 aperte
413 2743 519 2793 adstruit
530 2761 537 2789 ι
550 2759 607 2791 nam
619 2741 732 2792 Verbum
742 2758 757 2790 a
769 2741 842 2791 Patre
853 2744 889 2790 ita
902 2741 1044 2812 distinguit,

18 2828 48 2868 ut
65 2819 134 2868 Deus
149 2819 191 2878 sit,
204 2825 230 2866 et
243 2833 274 2868 ea
286 2818 339 2870 neo
354 2825 437 2877 natus,
453 2825 480 2866 et
493 2833 508 2868 a
521 2816 594 2866 Patre
605 2817 731 2875 mittetur,
748 2823 842 2864 etcum
855 2814 928 2864 Patre
938 2818 973 2866 ita
984 2833 1045 2868 con·

16 2897 149 2961 jungatur,
164 2903 193 2942 ut
206 2909 305 2960 temper
316 2896 421 2944 insitum
437 2895 469 2942 sit
487 2894 513 2940 in
531 2890 607 2942 eorde
624 2890 713 2950 Patris,
729 2891 832 2954 ejusque
850 2903 931 2948 mens,
949 2900 975 2941 et
990 2909 1045 2956 pru·

19 2968 119 3027 dentis,
137 2983 183 3016 nee
196 2983 227 3016 eo
243 2967 318 3016 Pater
331 2981 416 3016 carere
434 2966 526 3028 poesit3
544 2979 599 3026 qua
617 2963 701 3010 omnia
717 2961 772 3008 sine
786 2958 1044 3014 consubstantialitate

19 3039 82 3088 Filii
92 3037 225 3088 subsistere
236 3051 285 3086 non
298 3046 410 3100 possunt.

52 3115 151 3164 ²Joan.
164 3131 181 3162 s.

54 3189 64 3224 ¹
76 3189 133 3238 llon
142 3187 173 3236 lit
182 3202 213 3236 ex
225 3187 369 3236 diversitate
378 3187 500 3246 essentie,
515 3186 584 3250 quod
595 3185 667 3234 Pater
675 3185 700 3231 in
711 3181 766 3234 loco
776 3199 826 3233 nun
836 3185 943 3234 inveniri
954 3191 1044 3252 possit,

19 3265 67 3316 sed
80 3263 138 3328 quis
149 3261 222 3310 Pater
232 3259 298 3308 mitti
308 3273 357 3308 non
369 3267 452 3322 potest
462 3275 469 3306 s
480 3257 634 3323 'l'h‘eophilus
641 3259 710 3306 enim
722 3255 790 3306 clare
803 3257 875 3318 dicit,
882 3258 940 3308 ideo
950 3260 1042 3309 Piliam

18 3337 102 3392 mitti,
121 3343 148 3386 et
156 3335 181 3382 in
191 3332 246 3382 beo
255 3332 372 3391 inveniri,
385 3332 444 3396 quis
454 3331 521 3382 Dens
533 3339 571 3380 est
583 3338 650 3380 etex
661 3329 715 3380 Deo
724 3331 832 3396 genitus.
851 3330 918 3380 ltine
931 3330 974 3382 illa
986 3331 1044 3382 Filii

19 3413 110 3462 missio
121 3411 146 3458 in
157 3409 266 3473 aliquem
274 3407 356 3456 locum
368 3407 429 3457 nihil
439 3409 491 3472 ejus
502 3408 666 3456 immensitati
677 3407 795 3468 detrahit,
807 3423 908 3471 semper
917 3409 986 3457 enim
997 3425 1042 3458 ex·

19 3489 87 3537 stitit
99 3487 124 3534 in
136 3483 213 3534 eorde
226 3483 288 3540 nei,
301 3491 326 3532 et
338 3483 446 3532 Peterin
457 3481 512 3531 loeo
523 3483 630 3532 inveniri
646 3496 697 3532 nen
709 3489 802 3546 potest,
819 3483 878 3547 quia
893 3498 944 3532 non
960 3492 1044 3548 potest

18 3579 75 3613 esse
93 3575 140 3610 vox
156 3575 199 3610 sess
212 3558 322 3610 Verbum
336 3558 437 3607 alterius
452 3573 573 3623 persone,
590 3572 635 3606 nec
654 3559 731 3607 rirtus
748 3566 790 3606 aut
806 3558 929 3621 sapientia
941 3559 1043 3610 alterius

20 3639 75 3688 dici
89 3636 164 3696 salet,
181 3651 226 3686 nec
243 3635 309 3686 Deus
323 3651 354 3684 ea
370 3633 423 3684 Deo
437 3636 543 3700 genitus.
562 3632 703 3682 Fatendum
720 3631 891 3692 nihilominus,
905 3633 1047 3699 aliqualiter

19 3713 128 3762 obscure
142 3709 310 3774 Theophilum
326 3709 358 3758 de
369 3705 453 3758 Verbo
465 3707 576 3758 locutum
589 3706 674 3766 luisse,
685 3708 757 3772 cujus
767 3716 879 3758 mentem
893 3707 929 3757 illi
940 3708 1046 3759 difficul·
1098 3743 1102 3751 .

20 3797 61 3838 ter
75 3793 241 3851 assequuntur
253 3786 297 3850 qui
307 3783 431 3850 ejusmodi
439 3782 558 3851 loquendi
567 3783 667 3848 phrases
678 3781 788 3847 perfecte
799 3797 849 3833 nen
857 3781 965 3843 eallent;
978 3785 1046 3851 quod

20 3865 101 3912 etiam
118 3862 143 3910 in
154 3859 257 3924 reliquis
273 3859 437 3926 scriptoribus
447 3858 621 3910 ecclesiasticis
631 3859 776 3910 observatur
786 3858 830 3924 qui
843 3867 900 3909 ante
911 3861 1045 3911 concilium

22 3935 157 3984 Nicaenum
169 3933 312 3983 lloruerunt.
999 3932 1006 3944 ’

116 4044 150 4089 ιι.
840 4039 890 4099 ,ιι
