2772 4620
254 161 316 228 500
548 190 659 232 sarcrr
682 189 800 232 acarini
823 185 976 233 niarasis

254 314 354 358 »cum
370 292 564 358 tabernaculi
579 296 625 358 tui
640 307 673 358 et
686 295 894 360 tentoriorum
909 307 1037 360 tuorum
1053 293 1119 381 lige
1138 317 1149 356 :
1168 317 1220 358 ne
1239 317 1318 381 par-
1364 326 1365 353 t

254 422 348 474 scas,
371 401 523 486 protende
541 401 698 468 funiculos
721 415 803 477 tuos,
827 415 859 466 et
878 402 963 489 palos
978 415 1050 466 tuos
1066 402 1242 465 conforta
1266 425 1276 464 :
1300 427 1315 463 a

255 534 268 566 a
285 505 401 571 dextris
415 519 449 571 et
462 509 593 572 sinistris
609 509 714 574 dilata.
731 513 770 575 Et
785 532 891 574 semen
906 521 997 574 tuum
1012 509 1210 596 possidebit
1228 531 1315 594 gen·
1364 488 1365 513 ¹

257 642 270 673 a
285 623 331 676 tes
345 634 352 676 :
366 625 398 676 et
409 613 549 678 civitates
561 615 698 680 desertas
715 615 857 681 hahitare
867 616 971 682 iacies.
987 615 1057 680 Noli
1070 615 1222 689 timere,
1238 615 1315 699 qnia

257 750 270 781 a
285 720 413 784 confusa
425 744 473 794 es:
488 745 591 808 neque
602 723 816 799 conlaudaris,
830 723 902 810 quia
914 725 1146 808 exprobratum
1162 721 1238 784 tibi
1252 735 1312 784 est.

257 857 270 888 ι
288 826 511 893 Confusionem
526 829 613 894 enim
629 843 779 897 aeternam
794 830 998 903 oblivisceris,
1015 841 1049 893 et
1066 829 1261 914 opprobrii
1274 830 1314 889 vi-

260 963 273 994 a
290 933 416 998 deitatis
431 946 493 998 tusc
509 958 632 1000 memor
652 959 715 1001 non
737 937 798 1002 eris
818 935 899 1000 ultra
918 959 926 998 :
944 934 1015 1020 quia
1035 934 1213 998 Dominus
1236 933 1314 996 lecit

261 1061 404 1104 »nornen
420 1041 492 1113 sibi,
508 1055 539 1106 et
554 1042 607 1127 qui
624 1044 705 1107 eruit
719 1055 763 1117 te,
780 1044 845 1130 ipsc
859 1043 943 1108 Deus
958 1039 1068 1114 lsrael,
1088 1039 1189 1104 omni
1213 1051 1309 1102 terre

261 1174 274 1208 a
292 1145 462 1209 vocabitur.
473 1146 500 1210 'l'
501 1169 637 1231 anquam
644 1147 808 1214 mulierem
820 1147 1000 1213 derelictam
1009 1158 1040 1210 et
1052 1144 1307 1232 pusillanimem

263 1279 275 1310 a
291 1251 413 1316 vocavit
427 1263 459 1315 te
472 1251 639 1324 Dominus,
651 1255 740 1337 qnasi
755 1252 918 1317 mulierem
932 1254 972 1316 ab
987 1250 1218 1316 adolescentia
1232 1251 1305 1315 odio

265 1356 461 1422 »hahitam¹.
477 1383 490 1416 a
905 1371 908 1376 ’

308 1462 394 1528 xlv.
408 1463 517 1550 ltaque
528 1489 585 1553 per
600 1464 756 1532 lavacrum
768 1467 959 1555 penitentiae
971 1477 1003 1530 et
1014 1467 1218 1554 cognitionis
1229 1464 1298 1533 Dei.

267 1571 354 1656 qnod
367 1593 425 1657 pro
439 1573 575 1658 peccatis
590 1573 779 1661 populorum
793 1576 850 1638 Dei
861 1575 1039 1638 institutum
1051 1585 1113 1647 est,
1126 1585 1170 1636 ut
1181 1571 1298 1636 clamat

270 1678 388 1756 Esaias,
403 1701 460 1742 nos
475 1679 680 1754 credidimus3
694 1692 888 1745 attestamur
901 1682 1004 1768 ipsum
1019 1673 1098 1742 illud
1111 1681 1154 1743 ab
1167 1703 1210 1742 eo
1222 1701 1298 1766 pra·

272 1785 449 1858 nuntiatum
464 1787 630 1874 baptisma,
647 1790 732 1873 quod
752 1786 854 1852 solum
873 1787 1061 1873 penitentes
1082 1787 1218 1872 expiare
1241 1809 1295 1872 po-

271 1901 346 1964 test,
360 1890 443 1956 hene
456 1913 524 1954 esse
538 1913 651 1976 aquam
666 1891 746 1954 vita.
766 1891 853 1969 Quas
867 1903 974 1954 autem
989 1891 1076 1954 vobis
1092 1889 1220 1954 fodistis
1237 1891 1297 1955 cis-

273 2011 389 2072 ternas,
409 2021 454 2061 eae
476 1998 631 2071 contritae,
650 2005 688 2062 ac
702 1998 790 2061 vobis
806 2019 934 2086 prorsus
953 1996 1089 2061 inutiles.
1109 1997 1193 2074 Quae
1212 1999 1294 2062 enim

275 2101 391 2168 utilitas
406 2100 488 2166 illius
503 2103 662 2190 baptismi,
680 2125 796 2189 exque
811 2125 885 2170 earo
901 2101 1050 2167 aceolum
1063 2125 1180 2190 corpus
1196 2103 1295 2190 splen·

277 2209 406 2274 descat?
420 2210 602 2298 Baptizatur
621 2210 725 2275 anima
739 2223 842 2274 vestra
860 2210 899 2272 ab
919 2207 1081 2272 iracundia
1103 2221 1136 2274 et
1154 2211 1292 2282 ovantia,

278 2319 316 2384 ab
333 2316 447 2382 invidia
467 2329 500 2382 et
519 2315 606 2387 odio;
628 2329 661 2380 et
674 2338 750 2382 ecca
765 2337 880 2402 corpus
898 2335 1015 2401 purum
1029 2325 1087 2378 est.
1106 2315 1196 2380 Hanc
1209 2315 1290 2380 enim

278 2399 396 2488 habent
409 2446 505 2509 panes
519 2425 621 2512 azymi
637 2422 907 2511 significationem,
923 2433 958 2484 ut
971 2443 1012 2506 ne
1024 2434 1132 2486 vetera
1147 2423 1218 2487 mali
1228 2424 1289 2486 fer-

280 2528 378 2594 menti
393 2553 487 2616 opera
502 2529 665 2618 peragatis.
684 2527 747 2594 Vos
763 2539 869 2592 autem
885 2527 989 2594 omnia
1005 2528 1120 2593 carnali
1135 2530 1228 2593 modo
1241 2530 1288 2592 in-

282 2636 431 2726 telligitis,
450 2662 488 2704 ac
502 2638 651 2725 pietatem
662 2635 778 2724 putatis
793 2659 861 2701 essa
873 2637 911 2712 si,
930 2637 1007 2701 dum
1018 2637 1085 2702 haec
1095 2638 1201 2710 facitis,
1217 2637 1286 2700 dolo

187 2754 191 2760 ’
283 2745 378 2810 animi
390 2746 483 2810 vestri
495 2758 526 2810 et
538 2745 623 2810 omni
634 2767 762 2831 prorsus
773 2745 912 2832 nequitia
923 2743 1072 2810 cumulati
1081 2745 1146 2808 sint.
1166 2744 1264 2819 Quam
1276 2783 1283 2791 ·

283 2855 394 2916 obrem
420 2853 569 2939 praecepit
584 2851 692 2924 Dens,¹
705 2862 740 2914 ut
765 2863 932 2937 postquam
954 2863 1072 2938 septem
1089 2849 1188 2912 diebus
1207 2871 1278 2932 azy-

283 2979 353 3022 mos
363 2981 459 3043 panea
471 2957 661 3032 comedistis,
675 2967 792 3024 norum
803 2959 891 3022 vobis
903 2958 1092 3023 fermentum
1103 2955 1282 3042 subigeretis,

283 3061 419 3138 honest,
435 3064 568 3130 aliorum
584 3087 715 3151 operum
729 3062 942 3152 ellectionem,
957 3087 1020 3128 non
1035 3075 1174 3128 veterum
1183 3073 1283 3125 etma-

286 3168 389 3235 lorum
404 3171 619 3238 imitationem.
639 3173 678 3237 Ut
692 3184 797 3237 autem
808 3184 912 3259 pateat
926 3169 1003 3236 illud
1019 3173 1123 3258 ipsum
1134 3191 1196 3233 esse
1211 3169 1282 3255 quod

287 3304 305 3343 a
326 3280 413 3345 voltis
433 3303 531 3346 novus
547 3281 599 3346 hie
618 3280 776 3370 legislator
791 3279 944 3369 postulat,
964 3279 1094 3344 recitata
1109 3301 1127 3341 a
1142 3299 1191 3341 mc
1204 3277 1284 3340 verita

288 3389 403 3452 iterum
417 3389 561 3465 referam,
579 3411 654 3454 cum
665 3389 732 3456 aliis
742 3411 812 3476 quat
823 3387 1027 3477 praetermissa
1038 3386 1172 3450 fuerant.
1187 3386 1233 3450 Sic
1242 3409 1286 3450 au·

290 3506 356 3556 tem
370 3497 409 3558 ab
425 3497 514 3562 Esaia
528 3499 730 3585 proferuntur
746 3521 754 3562 :
775 3497 977 3564 «Exaudietis
989 3517 1057 3567 ma;
1072 3507 1105 3559 et
1116 3495 1193 3558 rivet
1203 3495 1232 3558 ia
1241 3495 1287 3557 bo·

292 3599 364 3660 »nis
381 3602 484 3665 anima
499 3617 613 3679 vestra,
627 3616 660 3668 ct
670 3605 859 3670 constituam
870 3603 957 3668 voltis
975 3611 1193 3666 testamentum
1208 3611 1286 3664 ater-

326 3713 408 3772 llisai.
427 3742 468 3785 ιιι,
483 3745 518 3778 to.
558 3729 560 3732 ’
