<?xml version="1.0" encoding="UTF-8"?>
<!DOCTYPE html PUBLIC "-//W3C//DTD XHTML 1.0 Transitional//EN"
    "http://www.w3.org/TR/xhtml1/DTD/xhtml1-transitional.dtd">
<html xmlns="http://www.w3.org/1999/xhtml" xml:lang="en" lang="en">
 <head>
  <title>
</title>
<meta http-equiv="Content-Type" content="text/html;charset=utf-8" />
  <meta name='ocr-system' content='tesseract 3.04.00' />
  <meta name='ocr-capabilities' content='ocr_page ocr_carea ocr_par ocr_line ocrx_word'/>
</head>
<body>
  <div class='ocr_page' id='page_1' title='image "./collectioselect02guilgoog_0565.png"; bbox 0 0 2630 4614; ppageno 0'>
   <div class='ocr_carea' id='block_1_1' title="bbox 318 229 932 292">
    <p class='ocr_par' dir='ltr' id='par_1_1' title="bbox 318 229 932 292">
     <span class='ocr_line' id='line_1_1' title="bbox 318 229 932 292; baseline -0.005 -1"><span class='ocrx_word' id='word_1_1' title='bbox 318 229 359 292; x_wconf 81' lang='lat' dir='ltr'>(io</span> <span class='ocrx_word' id='word_1_2' title='bbox 724 245 932 290; x_wconf 76' lang='lat' dir='ltr'>srusnseons</span> 
     </span>
    </p>
   </div>
   <div class='ocr_carea' id='block_1_2' title="bbox 319 347 1261 3918">
    <p class='ocr_par' dir='ltr' id='par_1_2' title="bbox 319 347 1231 1637">
     <span class='ocr_line' id='line_1_2' title="bbox 319 347 1221 441; baseline -0.009 -21"><span class='ocrx_word' id='word_1_3' title='bbox 319 375 382 420; x_wconf 85' lang='lat' dir='ltr'>uon</span> <span class='ocrx_word' id='word_1_4' title='bbox 393 363 464 441; x_wconf 81' lang='lat' dir='ltr'>eget</span> <span class='ocrx_word' id='word_1_5' title='bbox 479 352 640 440; x_wconf 76' lang='lat' dir='ltr'>sanguine.</span> <span class='ocrx_word' id='word_1_6' title='bbox 653 373 713 416; x_wconf 85' lang='lat' dir='ltr'>neu</span> <span class='ocrx_word' id='word_1_7' title='bbox 728 351 851 423; x_wconf 87' lang='lat' dir='ltr'>nidore,</span> <span class='ocrx_word' id='word_1_8' title='bbox 864 373 922 416; x_wconf 85' lang='lat' dir='ltr'>nee</span> <span class='ocrx_word' id='word_1_9' title='bbox 935 347 1037 418; x_wconf 86' lang='lat' dir='ltr'>ssaram</span> <span class='ocrx_word' id='word_1_10' title='bbox 1052 361 1097 416; x_wconf 82' lang='lat' dir='ltr'>aut</span> <span class='ocrx_word' id='word_1_11' title='bbox 1111 352 1221 418; x_wconf 48' lang='lat' dir='ltr'>suffiunt»</span> 
     </span>
     <span class='ocr_line' id='line_1_3' title="bbox 320 457 1221 549; baseline 0.001 -23"><span class='ocrx_word' id='word_1_12' title='bbox 320 484 392 527; x_wconf 87' lang='lat' dir='ltr'>rum</span> <span class='ocrx_word' id='word_1_13' title='bbox 407 460 519 532; x_wconf 83' lang='lat' dir='ltr'>odore;</span> <span class='ocrx_word' id='word_1_14' title='bbox 534 460 589 526; x_wconf 86' lang='lat' dir='ltr'>sed</span> <span class='ocrx_word' id='word_1_15' title='bbox 605 460 672 549; x_wconf 84' lang='lat' dir='ltr'>ipse</span> <span class='ocrx_word' id='word_1_16' title='bbox 682 470 730 524; x_wconf 88' lang='lat' dir='ltr'>est</span> <span class='ocrx_word' id='word_1_17' title='bbox 741 459 938 524; x_wconf 84' lang='lat' dir='ltr'>suavissimus</span> <span class='ocrx_word' id='word_1_18' title='bbox 949 457 1030 532; x_wconf 87' lang='lat' dir='ltr'>odor,</span> <span class='ocrx_word' id='word_1_19' title='bbox 1041 457 1221 527; x_wconf 77' lang='lat' dir='ltr'>uecsdiiusni&#39;n-</span> 
     </span>
     <span class='ocr_line' id='line_1_4' title="bbox 323 565 1218 656; baseline -0.004 -22"><span class='ocrx_word' id='word_1_20' title='bbox 323 583 369 634; x_wconf 87' lang='lat' dir='ltr'>trn</span> <span class='ocrx_word' id='word_1_21' title='bbox 380 591 413 634; x_wconf 89' lang='lat' dir='ltr'>se</span> <span class='ocrx_word' id='word_1_22' title='bbox 429 567 574 655; x_wconf 76' lang='lat' dir='ltr'>indiguus</span> <span class='ocrx_word' id='word_1_23' title='bbox 585 578 634 632; x_wconf 88' lang='lat' dir='ltr'>est</span> <span class='ocrx_word' id='word_1_24' title='bbox 643 577 794 632; x_wconf 82' lang='lat' dir='ltr'>autextra</span> <span class='ocrx_word' id='word_1_25' title='bbox 808 590 816 631; x_wconf 76' lang='grc' dir='ltr'><strong><em>ε</em></strong></span> <span class='ocrx_word' id='word_1_26' title='bbox 830 565 885 632; x_wconf 89' lang='lat' dir='ltr'>sed</span> <span class='ocrx_word' id='word_1_27' title='bbox 897 567 1017 632; x_wconf 84' lang='lat' dir='ltr'>victima</span> <span class='ocrx_word' id='word_1_28' title='bbox 1027 567 1051 630; x_wconf 86' lang='lat' dir='ltr'>ei</span> <span class='ocrx_word' id='word_1_29' title='bbox 1061 570 1218 656; x_wconf 78' lang='lat' dir='ltr'>prestantissin</span> 
     </span>
     <span class='ocr_line' id='line_1_5' title="bbox 322 673 1224 765; baseline 0 -25"><span class='ocrx_word' id='word_1_30' title='bbox 322 678 346 742; x_wconf 82' lang='lat' dir='ltr'>si</span> <span class='ocrx_word' id='word_1_31' title='bbox 357 697 583 765; x_wconf 74' lang='lat' dir='ltr'><strong>cognoscamus</strong></span> <span class='ocrx_word' id='word_1_32' title='bbox 594 677 737 763; x_wconf 88' lang='lat' dir='ltr'>quisnam</span> <span class='ocrx_word' id='word_1_33' title='bbox 749 674 799 741; x_wconf 90' lang='lat' dir='ltr'>iiie</span> <span class='ocrx_word' id='word_1_34' title='bbox 810 675 851 740; x_wconf 86' lang='lat' dir='ltr'>sit</span> <span class='ocrx_word' id='word_1_35' title='bbox 869 676 925 763; x_wconf 88' lang='lat' dir='ltr'>qui</span> <span class='ocrx_word' id='word_1_36' title='bbox 945 673 1034 740; x_wconf 87' lang='lat' dir='ltr'>coeios</span> <span class='ocrx_word' id='word_1_37' title='bbox 1049 675 1155 741; x_wconf 80' lang='lat' dir='ltr'>extendit</span> <span class='ocrx_word' id='word_1_38' title='bbox 1165 691 1224 740; x_wconf 53' lang='lat' dir='ltr'>etun</span> 
     </span>
     <span class='ocr_line' id='line_1_6' title="bbox 322 781 1224 871; baseline -0.009 -22"><span class='ocrx_word' id='word_1_39' title='bbox 322 783 469 871; x_wconf 60' lang='lat' dir='ltr'>ulabant,</span> <span class='ocrx_word' id='word_1_40' title='bbox 486 784 539 870; x_wconf 88' lang='lat' dir='ltr'>qui</span> <span class='ocrx_word' id='word_1_41' title='bbox 551 796 667 849; x_wconf 79' lang='lat' dir='ltr'>terrum</span> <span class='ocrx_word' id='word_1_42' title='bbox 679 784 775 848; x_wconf 87' lang='lat' dir='ltr'>instar</span> <span class='ocrx_word' id='word_1_43' title='bbox 786 783 887 852; x_wconf 72' lang='lat' dir='ltr'>centn</span> <span class='ocrx_word' id='word_1_44' title='bbox 900 781 1051 855; x_wconf 77' lang='lat' dir='ltr'>stabilivit,</span> <span class='ocrx_word' id='word_1_45' title='bbox 1065 783 1109 868; x_wconf 84' lang='lat' dir='ltr'>qui</span> <span class='ocrx_word' id='word_1_46' title='bbox 1118 805 1224 869; x_wconf 45' lang='lat' dir='ltr'>tangunt¹</span> 
     </span>
     <span class='ocr_line' id='line_1_7' title="bbox 322 889 1227 979; baseline -0.004 -23"><span class='ocrx_word' id='word_1_47' title='bbox 322 913 417 979; x_wconf 84' lang='lat' dir='ltr'>equas</span> <span class='ocrx_word' id='word_1_48' title='bbox 427 893 459 958; x_wconf 88' lang='lat' dir='ltr'>in</span> <span class='ocrx_word' id='word_1_49' title='bbox 469 893 627 968; x_wconf 63' lang='lat' dir='ltr'>moriame</span> <span class='ocrx_word' id='word_1_50' title='bbox 638 889 923 957; x_wconf 65' lang='lat' dir='ltr'>iueema&#39;teaebris</span> <span class='ocrx_word' id='word_1_51' title='bbox 931 891 1066 964; x_wconf 80' lang='lat' dir='ltr'>secrevit,</span> <span class='ocrx_word' id='word_1_52' title='bbox 1075 890 1118 978; x_wconf 90' lang='lat' dir='ltr'>qai</span> <span class='ocrx_word' id='word_1_53' title='bbox 1127 893 1227 954; x_wconf 43' lang='lat' dir='ltr'>semna»</span> 
     </span>
     <span class='ocr_line' id='line_1_8' title="bbox 323 998 1229 1088; baseline -0.004 -22"><span class='ocrx_word' id='word_1_54' title='bbox 323 1023 390 1066; x_wconf 85' lang='lat' dir='ltr'>rem</span> <span class='ocrx_word' id='word_1_55' title='bbox 409 1002 542 1076; x_wconf 83' lang='lat' dir='ltr'>ornavit,</span> <span class='ocrx_word' id='word_1_56' title='bbox 559 1001 694 1088; x_wconf 80' lang='lat' dir='ltr'>fecitque</span> <span class='ocrx_word' id='word_1_57' title='bbox 713 1012 748 1066; x_wconf 87' lang='lat' dir='ltr'>ut</span> <span class='ocrx_word' id='word_1_58' title='bbox 768 1012 850 1066; x_wconf 86' lang='lat' dir='ltr'>terra</span> <span class='ocrx_word' id='word_1_59' title='bbox 871 1023 968 1066; x_wconf 84' lang='lat' dir='ltr'>omna</span> <span class='ocrx_word' id='word_1_60' title='bbox 986 1023 1083 1066; x_wconf 86' lang='lat' dir='ltr'>semen</span> <span class='ocrx_word' id='word_1_61' title='bbox 1096 998 1229 1082; x_wconf 73' lang='lat' dir='ltr'>educantqi</span> 
     </span>
     <span class='ocr_line' id='line_1_9' title="bbox 325 1107 1229 1196; baseline -0.004 -24"><span class='ocrx_word' id='word_1_62' title='bbox 325 1107 469 1175; x_wconf 85' lang='lat' dir='ltr'>animalia</span> <span class='ocrx_word' id='word_1_63' title='bbox 485 1109 601 1176; x_wconf 80' lang='lat' dir='ltr'>creavit</span> <span class='ocrx_word' id='word_1_64' title='bbox 621 1120 653 1175; x_wconf 84' lang='lat' dir='ltr'>et</span> <span class='ocrx_word' id='word_1_65' title='bbox 675 1109 835 1176; x_wconf 86' lang='lat' dir='ltr'>hominem</span> <span class='ocrx_word' id='word_1_66' title='bbox 850 1108 952 1175; x_wconf 78' lang='lat' dir='ltr'>finxit.</span> <span class='ocrx_word' id='word_1_67' title='bbox 971 1109 1059 1174; x_wconf 83' lang='lat' dir='ltr'>Hune</span> <span class='ocrx_word' id='word_1_68' title='bbox 1076 1107 1149 1196; x_wconf 76' lang='lat' dir='ltr'>igitur</span> <span class='ocrx_word' id='word_1_69' title='bbox 1162 1107 1229 1192; x_wconf 71' lang='lat' dir='ltr'>opitu</span> 
     </span>
     <span class='ocr_line' id='line_1_10' title="bbox 326 1217 1230 1306; baseline -0.007 -24"><span class='ocrx_word' id='word_1_70' title='bbox 326 1229 468 1286; x_wconf 81' lang='lat' dir='ltr'>tenentes</span> <span class='ocrx_word' id='word_1_71' title='bbox 489 1219 604 1293; x_wconf 85' lang='lat' dir='ltr'>Deum,</span> <span class='ocrx_word' id='word_1_72' title='bbox 626 1219 679 1306; x_wconf 90' lang='lat' dir='ltr'>qui</span> <span class='ocrx_word' id='word_1_73' title='bbox 702 1220 805 1286; x_wconf 85' lang='lat' dir='ltr'>omnia</span> <span class='ocrx_word' id='word_1_74' title='bbox 835 1219 965 1284; x_wconf 84' lang='lat' dir='ltr'>scientia</span> <span class='ocrx_word' id='word_1_75' title='bbox 989 1231 1020 1284; x_wconf 80' lang='lat' dir='ltr'>et</span> <span class='ocrx_word' id='word_1_76' title='bbox 1038 1229 1095 1282; x_wconf 79' lang='lat' dir='ltr'>arte</span> <span class='ocrx_word' id='word_1_77' title='bbox 1112 1217 1230 1305; x_wconf 66' lang='lat' dir='ltr'>gusernan</span> 
     </span>
     <span class='ocr_line' id='line_1_11' title="bbox 327 1319 1231 1417; baseline -0.011 -23"><span class='ocrx_word' id='word_1_78' title='bbox 327 1339 543 1394; x_wconf 77' lang='lat' dir='ltr'>conservatae</span> <span class='ocrx_word' id='word_1_79' title='bbox 558 1329 699 1417; x_wconf 66' lang='lat' dir='ltr'>inspicite</span> <span class='ocrx_word' id='word_1_80' title='bbox 720 1328 745 1394; x_wconf 91' lang='lat' dir='ltr'>si</span> <span class='ocrx_word' id='word_1_81' title='bbox 757 1351 851 1416; x_wconf 89' lang='lat' dir='ltr'>puras</span> <span class='ocrx_word' id='word_1_82' title='bbox 862 1329 890 1394; x_wconf 90' lang='lat' dir='ltr'>ei</span> <span class='ocrx_word' id='word_1_83' title='bbox 906 1319 1231 1409; x_wconf 50' lang='lat' dir='ltr'>nannetensem</span> 
     </span>
     <span class='ocr_line' id='line_1_12' title="bbox 328 1436 816 1526; baseline 0.004 -24"><span class='ocrx_word' id='word_1_84' title='bbox 328 1436 392 1504; x_wconf 85' lang='lat' dir='ltr'>hue</span> <span class='ocrx_word' id='word_1_85' title='bbox 405 1438 435 1504; x_wconf 89' lang='lat' dir='ltr'>ei</span> <span class='ocrx_word' id='word_1_86' title='bbox 452 1461 531 1526; x_wconf 86' lang='lat' dir='ltr'>opus</span> <span class='ocrx_word' id='word_1_87' title='bbox 544 1451 592 1504; x_wconf 88' lang='lat' dir='ltr'>est</span> <span class='ocrx_word' id='word_1_88' title='bbox 607 1439 816 1506; x_wconf 73' lang='lat' dir='ltr'>hecatombe?</span> 
     </span>
     <span class='ocr_line' id='line_1_13' title="bbox 406 1557 1044 1637; baseline -0.002 -20"><span class='ocrx_word' id='word_1_89' title='bbox 406 1563 501 1635; x_wconf 76' lang='lat' dir='ltr'>Atque</span> <span class='ocrx_word' id='word_1_90' title='bbox 514 1559 579 1618; x_wconf 79' lang='lat' dir='ltr'>ilios</span> <span class='ocrx_word' id='word_1_91' title='bbox 594 1559 718 1618; x_wconf 84' lang='lat' dir='ltr'>victimis</span> <span class='ocrx_word' id='word_1_92' title='bbox 733 1572 762 1618; x_wconf 87' lang='lat' dir='ltr'>et</span> <span class='ocrx_word' id='word_1_93' title='bbox 777 1557 912 1637; x_wconf 86' lang='lat' dir='ltr'>precibus</span> <span class='ocrx_word' id='word_1_94' title='bbox 924 1558 1044 1630; x_wconf 66' lang='lat' dir='ltr'>incestis,</span> 
     </span>
    </p>

    <p class='ocr_par' dir='ltr' id='par_1_3' title="bbox 333 1657 1232 2051">
     <span class='ocr_line' id='line_1_14' title="bbox 407 1657 1103 1736; baseline -0.007 -18"><span class='ocrx_word' id='word_1_95' title='bbox 407 1661 525 1718; x_wconf 81' lang='lat' dir='ltr'>Necnon</span> <span class='ocrx_word' id='word_1_96' title='bbox 541 1659 677 1718; x_wconf 77' lang='lat' dir='ltr'>libamine</span> <span class='ocrx_word' id='word_1_97' title='bbox 691 1672 720 1717; x_wconf 82' lang='lat' dir='ltr'>et</span> <span class='ocrx_word' id='word_1_98' title='bbox 735 1658 836 1718; x_wconf 87' lang='lat' dir='ltr'>nidore</span> <span class='ocrx_word' id='word_1_99' title='bbox 849 1659 966 1736; x_wconf 79' lang='lat' dir='ltr'>placant</span> <span class='ocrx_word' id='word_1_100' title='bbox 983 1657 1103 1716; x_wconf 84' lang='lat' dir='ltr'>homines</span> 
     </span>
     <span class='ocr_line' id='line_1_15' title="bbox 408 1753 1158 1836; baseline -0.013 -18"><span class='ocrx_word' id='word_1_101' title='bbox 408 1760 541 1830; x_wconf 84' lang='lat' dir='ltr'>Orantes,</span> <span class='ocrx_word' id='word_1_102' title='bbox 555 1757 655 1834; x_wconf 86' lang='lat' dir='ltr'>siquis</span> <span class='ocrx_word' id='word_1_103' title='bbox 669 1771 858 1836; x_wconf 76' lang='lat' dir='ltr'>transgressus</span> <span class='ocrx_word' id='word_1_104' title='bbox 872 1758 960 1817; x_wconf 83' lang='lat' dir='ltr'>suerit</span> <span class='ocrx_word' id='word_1_105' title='bbox 974 1770 1004 1816; x_wconf 84' lang='lat' dir='ltr'>et</span> <span class='ocrx_word' id='word_1_106' title='bbox 1018 1753 1158 1835; x_wconf 82' lang='lat' dir='ltr'>peecaruit</span> 
     </span>
     <span class='ocr_line' id='line_1_16' title="bbox 333 1869 1232 1962; baseline -0.007 -26"><span class='ocrx_word' id='word_1_107' title='bbox 333 1873 405 1952; x_wconf 87' lang='lat' dir='ltr'>Quo</span> <span class='ocrx_word' id='word_1_108' title='bbox 420 1874 497 1940; x_wconf 87' lang='lat' dir='ltr'>mihi</span> <span class='ocrx_word' id='word_1_109' title='bbox 511 1874 692 1942; x_wconf 79' lang='lat' dir='ltr'>holocausta</span> <span class='ocrx_word' id='word_1_110' title='bbox 706 1897 842 1962; x_wconf 84' lang='lat' dir='ltr'>quorum</span> <span class='ocrx_word' id='word_1_111' title='bbox 856 1897 920 1939; x_wconf 93' lang='lat' dir='ltr'>non</span> <span class='ocrx_word' id='word_1_112' title='bbox 941 1869 1232 1961; x_wconf 69' lang='lat' dir='ltr'>indigestionem</span> 
     </span>
     <span class='ocr_line' id='line_1_17' title="bbox 333 1969 1231 2051; baseline -0.01 -3"><span class='ocrx_word' id='word_1_113' title='bbox 333 1981 441 2050; x_wconf 74' lang='lat' dir='ltr'>timum</span> <span class='ocrx_word' id='word_1_114' title='bbox 455 1984 651 2051; x_wconf 83' lang='lat' dir='ltr'>incruentam</span> <span class='ocrx_word' id='word_1_115' title='bbox 666 1985 778 2050; x_wconf 80' lang='lat' dir='ltr'>offerre</span> <span class='ocrx_word' id='word_1_116' title='bbox 800 1995 831 2048; x_wconf 85' lang='lat' dir='ltr'>et</span> <span class='ocrx_word' id='word_1_117' title='bbox 855 1981 979 2049; x_wconf 86' lang='lat' dir='ltr'>uultum</span> <span class='ocrx_word' id='word_1_118' title='bbox 1002 1969 1231 2046; x_wconf 74' lang='lat' dir='ltr'>mtionamadtu</span> 
     </span>
    </p>

    <p class='ocr_par' dir='ltr' id='par_1_4' title="bbox 335 2091 499 2177">
     <span class='ocr_line' id='line_1_18' title="bbox 335 2091 499 2177; baseline 0.024 -25"><span class='ocrx_word' id='word_1_119' title='bbox 335 2091 499 2177; x_wconf 75' lang='lat' dir='ltr'>oporteat?</span> 
     </span>
    </p>

    <p class='ocr_par' dir='ltr' id='par_1_5' title="bbox 336 2179 1261 3918">
     <span class='ocr_line' id='line_1_19' title="bbox 376 2179 1231 2286; baseline -0.007 -21"><span class='ocrx_word' id='word_1_120' title='bbox 376 2196 461 2265; x_wconf 77' lang='lat' dir='ltr'>xiv.</span> <span class='ocrx_word' id='word_1_121' title='bbox 480 2198 575 2276; x_wconf 89' lang='lat' dir='ltr'>Quod</span> <span class='ocrx_word' id='word_1_122' title='bbox 589 2211 694 2266; x_wconf 85' lang='lat' dir='ltr'>autem</span> <span class='ocrx_word' id='word_1_123' title='bbox 710 2208 898 2286; x_wconf 85' lang='lat' dir='ltr'>queruntur,</span> <span class='ocrx_word' id='word_1_124' title='bbox 913 2219 972 2262; x_wconf 86' lang='lat' dir='ltr'>eur</span> <span class='ocrx_word' id='word_1_125' title='bbox 992 2219 1059 2262; x_wconf 91' lang='lat' dir='ltr'>nou</span> <span class='ocrx_word' id='word_1_126' title='bbox 1075 2191 1184 2260; x_wconf 68' lang='lat' dir='ltr'>eusdatt</span> <span class='ocrx_word' id='word_1_127' title='bbox 1194 2179 1231 2244; x_wconf 70' lang='lat' dir='ltr'>e&#39;n&#39;-</span> 
     </span>
     <span class='ocr_line' id='line_1_20' title="bbox 336 2288 1235 2393; baseline -0.008 -25"><span class='ocrx_word' id='word_1_128' title='bbox 336 2315 414 2368; x_wconf 83' lang='lat' dir='ltr'>tates</span> <span class='ocrx_word' id='word_1_129' title='bbox 433 2305 580 2373; x_wconf 85' lang='lat' dir='ltr'>adeamus</span> <span class='ocrx_word' id='word_1_130' title='bbox 595 2319 627 2374; x_wconf 86' lang='lat' dir='ltr'>et</span> <span class='ocrx_word' id='word_1_131' title='bbox 642 2307 780 2373; x_wconf 86' lang='lat' dir='ltr'>colamus</span> <span class='ocrx_word' id='word_1_132' title='bbox 794 2307 889 2378; x_wconf 86' lang='lat' dir='ltr'>Deos,</span> <span class='ocrx_word' id='word_1_133' title='bbox 908 2306 1053 2393; x_wconf 87' lang='lat' dir='ltr'>ineptum</span> <span class='ocrx_word' id='word_1_134' title='bbox 1075 2288 1235 2370; x_wconf 59' lang='lat' dir='ltr'>sanativis*</span> 
     </span>
     <span class='ocr_line' id='line_1_21' title="bbox 338 2407 1235 2502; baseline -0.004 -27"><span class='ocrx_word' id='word_1_135' title='bbox 338 2412 358 2477; x_wconf 92' lang='lat' dir='ltr'>ii</span> <span class='ocrx_word' id='word_1_136' title='bbox 380 2413 508 2502; x_wconf 81' lang='lat' dir='ltr'>quidem</span> <span class='ocrx_word' id='word_1_137' title='bbox 522 2417 575 2502; x_wconf 91' lang='lat' dir='ltr'>qui</span> <span class='ocrx_word' id='word_1_138' title='bbox 596 2439 652 2481; x_wconf 88' lang='lat' dir='ltr'>uos</span> <span class='ocrx_word' id='word_1_139' title='bbox 668 2416 776 2481; x_wconf 85' lang='lat' dir='ltr'>atheas</span> <span class='ocrx_word' id='word_1_140' title='bbox 796 2439 863 2480; x_wconf 88' lang='lat' dir='ltr'>esse</span> <span class='ocrx_word' id='word_1_141' title='bbox 877 2415 1100 2486; x_wconf 76' lang='lat' dir='ltr'>criminantur,</span> <span class='ocrx_word' id='word_1_142' title='bbox 1114 2407 1235 2497; x_wconf 64' lang='lat' dir='ltr'>quiusatt</span> 
     </span>
     <span class='ocr_line' id='line_1_22' title="bbox 339 2512 1242 2613; baseline -0.022 -27"><span class='ocrx_word' id='word_1_143' title='bbox 339 2521 411 2586; x_wconf 88' lang='lat' dir='ltr'>dem</span> <span class='ocrx_word' id='word_1_144' title='bbox 426 2523 535 2611; x_wconf 80' lang='lat' dir='ltr'>seipsi</span> <span class='ocrx_word' id='word_1_145' title='bbox 550 2525 758 2613; x_wconf 77' lang='lat' dir='ltr'>agnoscimus,</span> <span class='ocrx_word' id='word_1_146' title='bbox 773 2526 856 2590; x_wconf 88' lang='lat' dir='ltr'>inter</span> <span class='ocrx_word' id='word_1_147' title='bbox 876 2545 909 2588; x_wconf 85' lang='lat' dir='ltr'>se</span> <span class='ocrx_word' id='word_1_148' title='bbox 925 2522 964 2586; x_wconf 85' lang='lat' dir='ltr'>de</span> <span class='ocrx_word' id='word_1_149' title='bbox 985 2521 1046 2588; x_wconf 90' lang='lat' dir='ltr'>diis</span> <span class='ocrx_word' id='word_1_150' title='bbox 1065 2512 1242 2586; x_wconf 74' lang='lat' dir='ltr'>mnenunnu</span> 
     </span>
     <span class='ocr_line' id='line_1_23' title="bbox 340 2614 1245 2700; baseline -0.007 -4"><span class='ocrx_word' id='word_1_151' title='bbox 340 2631 545 2698; x_wconf 75' lang='lat' dir='ltr'>Athenienses</span> <span class='ocrx_word' id='word_1_152' title='bbox 567 2634 697 2700; x_wconf 82' lang='lat' dir='ltr'>Celsum</span> <span class='ocrx_word' id='word_1_153' title='bbox 715 2647 747 2699; x_wconf 87' lang='lat' dir='ltr'>et</span> <span class='ocrx_word' id='word_1_154' title='bbox 766 2633 948 2699; x_wconf 78' lang='lat' dir='ltr'>Metuainum</span> <span class='ocrx_word' id='word_1_155' title='bbox 973 2632 1052 2696; x_wconf 91' lang='lat' dir='ltr'>deos</span> <span class='ocrx_word' id='word_1_156' title='bbox 1072 2614 1245 2695; x_wconf 62' lang='lat' dir='ltr'>statuentis·</span> 
     </span>
     <span class='ocr_line' id='line_1_24' title="bbox 339 2734 1238 2830; baseline -0.004 -26"><span class='ocrx_word' id='word_1_157' title='bbox 339 2739 423 2808; x_wconf 87' lang='lat' dir='ltr'>laum</span> <span class='ocrx_word' id='word_1_158' title='bbox 438 2741 626 2818; x_wconf 68' lang='lat' dir='ltr'>Macedonis,</span> <span class='ocrx_word' id='word_1_159' title='bbox 642 2744 735 2830; x_wconf 84' lang='lat' dir='ltr'>eique</span> <span class='ocrx_word' id='word_1_160' title='bbox 750 2741 900 2810; x_wconf 79' lang='lat' dir='ltr'>sacrificia</span> <span class='ocrx_word' id='word_1_161' title='bbox 920 2752 952 2806; x_wconf 84' lang='lat' dir='ltr'>et</span> <span class='ocrx_word' id='word_1_162' title='bbox 971 2739 1039 2805; x_wconf 86' lang='lat' dir='ltr'>dies</span> <span class='ocrx_word' id='word_1_163' title='bbox 1061 2734 1238 2820; x_wconf 62' lang='lat' dir='ltr'>retorperet</span> 
     </span>
     <span class='ocr_line' id='line_1_25' title="bbox 341 2840 1249 2941; baseline -0.006 -27"><span class='ocrx_word' id='word_1_164' title='bbox 341 2847 468 2917; x_wconf 84' lang='lat' dir='ltr'>ilienses</span> <span class='ocrx_word' id='word_1_165' title='bbox 480 2875 554 2918; x_wconf 83' lang='lat' dir='ltr'>vero</span> <span class='ocrx_word' id='word_1_166' title='bbox 565 2875 638 2918; x_wconf 89' lang='lat' dir='ltr'>eum</span> <span class='ocrx_word' id='word_1_167' title='bbox 651 2853 745 2941; x_wconf 89' lang='lat' dir='ltr'>hujus</span> <span class='ocrx_word' id='word_1_168' title='bbox 757 2875 872 2918; x_wconf 89' lang='lat' dir='ltr'>nomeu</span> <span class='ocrx_word' id='word_1_169' title='bbox 883 2851 1011 2916; x_wconf 80' lang='lat' dir='ltr'>audiant</span> <span class='ocrx_word' id='word_1_170' title='bbox 1022 2840 1249 2938; x_wconf 60' lang='lat' dir='ltr'>pensentur</span> 
     </span>
     <span class='ocr_line' id='line_1_26' title="bbox 344 2941 1251 3049; baseline -0.005 -29"><span class='ocrx_word' id='word_1_171' title='bbox 344 2956 522 3032; x_wconf 80' lang='lat' dir='ltr'>celebrant;</span> <span class='ocrx_word' id='word_1_172' title='bbox 544 2963 708 3028; x_wconf 68' lang='lat' dir='ltr'>Aristaeum</span> <span class='ocrx_word' id='word_1_173' title='bbox 725 2961 808 3036; x_wconf 89' lang='lat' dir='ltr'>Chii,</span> <span class='ocrx_word' id='word_1_174' title='bbox 829 2983 923 3049; x_wconf 90' lang='lat' dir='ltr'>quem</span> <span class='ocrx_word' id='word_1_175' title='bbox 943 2959 1092 3024; x_wconf 88' lang='lat' dir='ltr'>eumdem</span> <span class='ocrx_word' id='word_1_176' title='bbox 1110 2941 1251 3020; x_wconf 59' lang='lat' dir='ltr'>essescits</span> 
     </span>
     <span class='ocr_line' id='line_1_27' title="bbox 344 3055 1251 3158; baseline -0.013 -31"><span class='ocrx_word' id='word_1_177' title='bbox 344 3073 375 3128; x_wconf 88' lang='lat' dir='ltr'>et</span> <span class='ocrx_word' id='word_1_178' title='bbox 390 3063 567 3153; x_wconf 81' lang='lat' dir='ltr'>Apollinem</span> <span class='ocrx_word' id='word_1_179' title='bbox 581 3081 707 3158; x_wconf 68' lang='lat' dir='ltr'>putenm</span> <span class='ocrx_word' id='word_1_180' title='bbox 731 3068 930 3158; x_wconf 75' lang='lat' dir='ltr'>Theagenem</span> <span class='ocrx_word' id='word_1_181' title='bbox 942 3067 1061 3142; x_wconf 83' lang='lat' dir='ltr'>Thasii,</span> <span class='ocrx_word' id='word_1_182' title='bbox 1077 3088 1094 3130; x_wconf 88' lang='lat' dir='ltr'>a</span> <span class='ocrx_word' id='word_1_183' title='bbox 1109 3084 1162 3150; x_wconf 85' lang='lat' dir='ltr'>quo</span> <span class='ocrx_word' id='word_1_184' title='bbox 1173 3055 1251 3120; x_wconf 67' lang='lat' dir='ltr'>stimi</span> 
     </span>
     <span class='ocr_line' id='line_1_28' title="bbox 344 3172 1258 3267; baseline -0.019 -27"><span class='ocrx_word' id='word_1_185' title='bbox 344 3172 421 3240; x_wconf 85' lang='lat' dir='ltr'>des&#39;</span> <span class='ocrx_word' id='word_1_186' title='bbox 413 3197 446 3240; x_wconf 88' lang='lat' dir='ltr'>m</span> <span class='ocrx_word' id='word_1_187' title='bbox 461 3173 634 3267; x_wconf 83' lang='lat' dir='ltr'>Olympieis</span> <span class='ocrx_word' id='word_1_188' title='bbox 653 3179 752 3251; x_wconf 80' lang='lat' dir='ltr'>saeta·</span> <span class='ocrx_word' id='word_1_189' title='bbox 778 3177 974 3266; x_wconf 78' lang='lat' dir='ltr'>Lysandrum</span> <span class='ocrx_word' id='word_1_190' title='bbox 994 3175 1090 3242; x_wconf 88' lang='lat' dir='ltr'>Samii</span> <span class='ocrx_word' id='word_1_191' title='bbox 1110 3151 1258 3260; x_wconf 69' lang='lat' dir='ltr'>posterni</span> 
     </span>
     <span class='ocr_line' id='line_1_29' title="bbox 345 3266 1257 3363; baseline -0.014 -10"><span class='ocrx_word' id='word_1_192' title='bbox 345 3297 377 3350; x_wconf 82' lang='lat' dir='ltr'>et</span> <span class='ocrx_word' id='word_1_193' title='bbox 392 3285 557 3363; x_wconf 78' lang='lat' dir='ltr'>maleficis,</span> <span class='ocrx_word' id='word_1_194' title='bbox 575 3289 716 3355; x_wconf 78' lang='lat' dir='ltr'>Medeam</span> <span class='ocrx_word' id='word_1_195' title='bbox 728 3289 860 3355; x_wconf 80' lang='lat' dir='ltr'>Alcman</span> <span class='ocrx_word' id='word_1_196' title='bbox 872 3301 903 3354; x_wconf 85' lang='lat' dir='ltr'>et</span> <span class='ocrx_word' id='word_1_197' title='bbox 914 3287 1079 3361; x_wconf 83' lang='lat' dir='ltr'>Hesiodus,</span> <span class='ocrx_word' id='word_1_198' title='bbox 1097 3271 1222 3350; x_wconf 78' lang='lat' dir='ltr'>NiobeaC</span> <span class='ocrx_word' id='word_1_199' title='bbox 1207 3266 1257 3334; x_wconf 70' lang='lat' dir='ltr'>iit</span> 
     </span>
     <span class='ocr_line' id='line_1_30' title="bbox 345 3375 1259 3484; baseline -0.011 -25"><span class='ocrx_word' id='word_1_200' title='bbox 345 3393 523 3484; x_wconf 82' lang='lat' dir='ltr'>Philippum</span> <span class='ocrx_word' id='word_1_201' title='bbox 545 3397 703 3463; x_wconf 81' lang='lat' dir='ltr'>Butaeidae</span> <span class='ocrx_word' id='word_1_202' title='bbox 720 3396 820 3463; x_wconf 89' lang='lat' dir='ltr'>filium</span> <span class='ocrx_word' id='word_1_203' title='bbox 842 3395 952 3471; x_wconf 79' lang='lat' dir='ltr'>Siculi,</span> <span class='ocrx_word' id='word_1_204' title='bbox 969 3392 1145 3462; x_wconf 87' lang='lat' dir='ltr'>Ouesiiaum</span> <span class='ocrx_word' id='word_1_205' title='bbox 1164 3375 1259 3452; x_wconf 69' lang='lat' dir='ltr'>Amin</span> 
     </span>
     <span class='ocr_line' id='line_1_31' title="bbox 349 3489 1261 3595; baseline -0.008 -27"><span class='ocrx_word' id='word_1_206' title='bbox 349 3503 502 3573; x_wconf 81' lang='lat' dir='ltr'>dmiieam</span> <span class='ocrx_word' id='word_1_207' title='bbox 518 3507 787 3595; x_wconf 80' lang='lat' dir='ltr'>Carthaginenses.</span> <span class='ocrx_word' id='word_1_208' title='bbox 804 3507 936 3573; x_wconf 82' lang='lat' dir='ltr'>Deficiet</span> <span class='ocrx_word' id='word_1_209' title='bbox 951 3529 1001 3570; x_wconf 84' lang='lat' dir='ltr'>nse</span> <span class='ocrx_word' id='word_1_210' title='bbox 1016 3505 1092 3577; x_wconf 88' lang='lat' dir='ltr'>dies,</span> <span class='ocrx_word' id='word_1_211' title='bbox 1104 3525 1128 3565; x_wconf 84' lang='lat' dir='ltr'>ss</span> <span class='ocrx_word' id='word_1_212' title='bbox 1120 3489 1261 3581; x_wconf 35' lang='lat' dir='ltr'>Msiuguitst&#39;</span> 
     </span>
     <span class='ocr_line' id='line_1_32' title="bbox 349 3591 1261 3704; baseline -0.013 -26"><span class='ocrx_word' id='word_1_213' title='bbox 349 3635 482 3680; x_wconf 79' lang='lat' dir='ltr'>curram.</span> <span class='ocrx_word' id='word_1_214' title='bbox 502 3617 582 3681; x_wconf 86' lang='lat' dir='ltr'>Caua</span> <span class='ocrx_word' id='word_1_215' title='bbox 604 3617 700 3704; x_wconf 81' lang='lat' dir='ltr'>igitur</span> <span class='ocrx_word' id='word_1_216' title='bbox 718 3617 799 3680; x_wconf 85' lang='lat' dir='ltr'>inter</span> <span class='ocrx_word' id='word_1_217' title='bbox 819 3639 852 3680; x_wconf 86' lang='lat' dir='ltr'>se</span> <span class='ocrx_word' id='word_1_218' title='bbox 872 3614 930 3702; x_wconf 87' lang='lat' dir='ltr'>ipsi</span> <span class='ocrx_word' id='word_1_219' title='bbox 952 3613 992 3678; x_wconf 88' lang='lat' dir='ltr'>de</span> <span class='ocrx_word' id='word_1_220' title='bbox 1008 3611 1063 3678; x_wconf 87' lang='lat' dir='ltr'>diis</span> <span class='ocrx_word' id='word_1_221' title='bbox 1084 3607 1143 3674; x_wconf 85' lang='lat' dir='ltr'>suis</span> <span class='ocrx_word' id='word_1_222' title='bbox 1156 3591 1261 3667; x_wconf 63' lang='lat' dir='ltr'>dissetiti</span> 
     </span>
     <span class='ocr_line' id='line_1_33' title="bbox 350 3711 1261 3812; baseline -0.013 -28"><span class='ocrx_word' id='word_1_223' title='bbox 350 3721 424 3807; x_wconf 89' lang='lat' dir='ltr'>quid</span> <span class='ocrx_word' id='word_1_224' title='bbox 447 3725 536 3790; x_wconf 86' lang='lat' dir='ltr'>nobis</span> <span class='ocrx_word' id='word_1_225' title='bbox 559 3726 681 3790; x_wconf 87' lang='lat' dir='ltr'>crimini</span> <span class='ocrx_word' id='word_1_226' title='bbox 701 3737 839 3799; x_wconf 82' lang='lat' dir='ltr'>vertunt,</span> <span class='ocrx_word' id='word_1_227' title='bbox 860 3724 944 3812; x_wconf 90' lang='lat' dir='ltr'>quod</span> <span class='ocrx_word' id='word_1_228' title='bbox 966 3745 1029 3787; x_wconf 90' lang='lat' dir='ltr'>uon</span> <span class='ocrx_word' id='word_1_229' title='bbox 1052 3717 1081 3784; x_wconf 92' lang='lat' dir='ltr'>in</span> <span class='ocrx_word' id='word_1_230' title='bbox 1103 3711 1208 3781; x_wconf 81' lang='lat' dir='ltr'>easdem</span> <span class='ocrx_word' id='word_1_231' title='bbox 1222 3717 1261 3764; x_wconf 69' lang='lat' dir='ltr'>stt</span> 
     </span>
     <span class='ocr_line' id='line_1_34' title="bbox 350 3821 1261 3918; baseline -0.012 -28"><span class='ocrx_word' id='word_1_232' title='bbox 350 3827 510 3913; x_wconf 88' lang='lat' dir='ltr'>opinianus</span> <span class='ocrx_word' id='word_1_233' title='bbox 522 3833 678 3896; x_wconf 76' lang='lat' dir='ltr'>feramur?</span> <span class='ocrx_word' id='word_1_234' title='bbox 687 3832 765 3908; x_wconf 75' lang='lat' dir='ltr'>Qum</span> <span class='ocrx_word' id='word_1_235' title='bbox 777 3845 882 3898; x_wconf 84' lang='lat' dir='ltr'>autern</span> <span class='ocrx_word' id='word_1_236' title='bbox 894 3831 976 3918; x_wconf 87' lang='lat' dir='ltr'>apud</span> <span class='ocrx_word' id='word_1_237' title='bbox 985 3825 1142 3916; x_wconf 80' lang='lat' dir='ltr'>AEgyptios</span> <span class='ocrx_word' id='word_1_238' title='bbox 1151 3821 1223 3886; x_wconf 84' lang='lat' dir='ltr'>fiunt</span> <span class='ocrx_word' id='word_1_239' title='bbox 1228 3825 1261 3872; x_wconf 77' lang='lat' dir='ltr'>uu</span> 
     </span>
    </p>
   </div>
   <div class='ocr_carea' id='block_1_3' title="bbox 0 0 1358 4612">
    <p class='ocr_par' dir='ltr' id='par_1_6' title="bbox 0 0 1358 4612">
     <span class='ocr_line' id='line_1_35' title="bbox 0 0 1358 4612; baseline 0 0"><span class='ocrx_word' id='word_1_240' title='bbox 0 0 1358 4612; x_wconf 95' lang='lat' dir='ltr'> </span> 
     </span>
    </p>
   </div>
  </div>
 </body>
</html>
