2586 4642
416 361 538 404 neurus
565 361 715 402 ttnneses.
1016 338 1075 414 54¹

29 469 121 535 «lum
144 469 207 536 bec
228 481 261 536 et
283 470 404 536 utinorn
427 493 495 534 csse
518 469 658 558 oportuit
673 491 712 532 eu
731 467 785 555 qui
810 489 842 532 se
859 467 996 532 lecerit:
1020 488 1081 532 nee

30 579 131 645 enim
150 589 296 668 poterent
312 577 427 646 infecte
442 601 523 654 esse,
540 600 610 666 que
626 599 729 665 nuper
748 575 829 643 tacu
849 587 931 642 sunt.
950 575 1083 664 Propter

2 712 3 726 ÷
33 687 134 774 qued
148 700 257 754 sutem
273 711 336 754 nen
353 699 427 754 sunt
445 686 575 761 infecte,
595 695 725 774 pmpter
740 684 803 751 hoc
818 698 850 751 et
869 684 981 774 (ideo)
1003 682 1079 749 defi·

2 836 7 858 t
36 795 137 864 ciunt
162 819 180 860 e
201 793 353 884 perlecto.
380 793 565 861 Secundum
586 794 672 859 enim
692 792 778 878 qued
798 804 873 858 sunt
895 791 1083 880 posteriore,

37 904 227 972 secundum
247 904 310 970 hoc
328 915 360 970 et
379 899 531 970 inlnntilin
541 927 550 976 ς
570 916 603 968 et
621 902 798 968 secundum
816 901 902 990 quod
918 899 1084 978 infantilia,

2 1083 3 1086 ,
37 1014 226 1080 secundnm
243 1013 306 1080 boc
320 1025 352 1080 et
368 1014 502 1087 insuete,
518 1025 551 1077 et
563 1012 765 1078 inexercitata
784 1011 825 1078 nd
838 1009 1011 1100 perlectam
1026 1009 1087 1075 dis-

1 1191 2 1199 *
40 1122 211 1212 ciplinnm.
227 1123 509 1203 Quemadmodum
518 1103 605 1188 enim
621 1133 723 1188 meter
741 1133 845 1210 petest
864 1120 993 1208 quidem
1010 1141 1088 1208 prte-

1 1305 2 1310 1
41 1247 133 1299 stnre
149 1231 323 1324 perlectum
338 1255 444 1300 escnm
455 1231 580 1307 infanti,
592 1230 645 1297 ille
657 1241 764 1296 nutem
780 1229 887 1296 adbuc
902 1251 967 1296 non
981 1241 1087 1318 petest

43 1341 265 1407 robustiorem
280 1364 314 1406 se
329 1341 493 1430 percipere
507 1361 614 1406 escum
631 1341 753 1405 :sicet
770 1340 856 1405 Deus
875 1339 940 1427 ipse
958 1338 1088 1427 quidem

1 1507 3 1543 ᾖ
44 1463 167 1540 potens
182 1450 241 1516 fuit
256 1450 376 1518 homini
400 1462 548 1540 prestare
563 1449 791 1538 perfectionem
808 1450 847 1516 nb
871 1447 972 1524 initio.
991 1448 1089 1515 homo

44 1574 162 1626 antem
173 1559 330 1649 impotens
342 1559 506 1648 percipere
518 1557 627 1624 illum:
645 1556 748 1624 inlens
762 1556 849 1622 enim
861 1556 930 1622 luit.
944 1555 985 1622 Et
995 1579 1090 1645 prop·

1 1735 2 1754 p
47 1683 102 1735 ter
119 1669 182 1736 boc
198 1668 354 1735 Dominus
370 1679 478 1734 noster
493 1668 526 1733 in
546 1665 723 1734 novissimis
737 1666 949 1754 temporibus,
965 1665 1089 1752 recepi-

1 1846 2 1861 *
49 1774 160 1843 tulnns
174 1777 208 1842 in
220 1777 389 1866 semetipso
404 1776 524 1851 omniu,
538 1775 624 1842 venit
633 1774 675 1840 nd
686 1796 758 1849 nes,
771 1797 836 1840 non
848 1773 1008 1862 quomodo
1023 1773 1091 1862 ipse

1 1878 2 1882 ¹
50 1898 194 1976 poterut,
218 1885 274 1951 scd
296 1883 458 1974 quemodo
480 1882 569 1950 illum
592 1907 651 1950 nos
671 1883 779 1948 videre
800 1895 993 1972 poteramus.
1020 1883 1090 1974 lpse

1 2073 2 2084 p
50 1996 142 2062 enim
159 1996 192 2061 in
208 2018 264 2060 sue
279 1991 480 2060 inenerrabili
496 1991 596 2083 gloria
607 1991 652 2058 'ud
667 2013 724 2057 nes
739 1991 848 2058 venire
866 2001 1015 2079 peteret:
1035 1991 1091 2058 sed

1 2101 4 2108 ’
54 2129 115 2170 nos
127 2101 378 2194 magnitudinem
391 2101 498 2192 gloriae
513 2101 610 2190 ipsius
621 2112 749 2190 portare
761 2122 826 2166 nen
841 2112 1034 2189 peteremus.
1053 2103 1093 2168 Et

1 2203 3 2221 ²
55 2226 190 2304 propter
201 2213 281 2288 boc.
298 2213 387 2301 quusi
404 2209 589 2286 insentibus.
609 2209 661 2276 ille
678 2211 815 2297 quierat
830 2211 920 2300 penis
935 2210 1093 2299 perlectus

56 2325 172 2402 Petris,
185 2323 236 2390 bre
247 2325 339 2391 nobis
349 2325 552 2412 semetipsum
564 2321 735 2412 prestnvit,
748 2320 1094 2409 quedemtsecundum

58 2436 221 2501 hominem
237 2434 307 2523 ejus
322 2435 476 2500 adventus
494 2457 503 2498 ε
523 2445 559 2498 ut
573 2433 661 2520 quasi
678 2455 696 2496 e
717 2431 889 2498 mammilla
906 2431 1009 2498 cernis
1023 2431 1094 2520 ejus

58 2545 203 2620 enutriti,
215 2558 249 2610 et
263 2567 321 2633 per
335 2543 431 2609 telem
446 2541 648 2609 lactationem
660 2542 776 2607 assueti
790 2541 986 2607 manducare
1000 2554 1033 2606 et
1047 2543 1094 2608 bi-

60 2659 137 2721 bere
152 2654 296 2723 Verbum
311 2651 383 2730 Ilei,
397 2667 517 2719 etcum
535 2653 588 2739 qui
603 2663 651 2718 est
662 2649 906 2718 immortulitatis
920 2649 1023 2739 ponis,
1039 2652 1095 2739 qui

61 2765 253 2854 estSpiritus
265 2764 379 2839 Putris,
394 2763 427 2828 in
438 2761 618 2850 nobisipsis
634 2760 799 2826 continere
813 2759 980 2848 possimus.

107 2874 147 2939 ll.
166 2875 207 2938 Et
220 2884 351 2960 propter
366 2871 429 2936 bec
442 2869 558 2935 Psulus
570 2869 742 2936 Corinthiis
754 2869 818 2934 sit:
838 2869 928 2935 «Luc
942 2869 1031 2936 vobis
1041 2893 1097 2959 po·

65 2996 162 3047 »tum
184 2981 275 3054 dedi,
297 3003 361 3046 non
384 3003 489 3046 escum
511 3002 520 3044 r
545 2981 688 3047 nondum
710 2981 797 3046 enim
818 2980 970 3068 peteretis
990 3003 1097 3050 escam

67 3089 255 3179 »percipere
269 3087 279 3122 ¹
295 3109 303 3151 ε
318 3117 332 3149 ι
345 3087 378 3152 id
392 3100 453 3164 est,
474 3111 547 3152 eum
563 3089 692 3177 quidem
707 3089 880 3156 adventum
894 3089 1022 3156 Domini
1045 3091 1099 3181 qui
1144 3147 1149 3152 .

67 3198 242 3264 secundum
258 3195 435 3272 hominem,
451 3196 620 3270 didicistisz
640 3197 784 3264 nondum
798 3209 906 3262 eutem
921 3197 1100 3288 PutrisSpi·

69 3309 146 3373 ritus
167 3306 336 3396 requiescit
357 3327 453 3394 super
470 3327 538 3381 ves,
558 3318 689 3396 propter
710 3317 848 3373 vestrum
866 3304 1095 3372 infirmitatem.

76 3443 88 3475 ι
101 3414 159 3480 llbi
168 3414 254 3480 enim
267 3411 365 3488 zelus.
378 3425 411 3478 et
422 3412 592 3490 discordis,
606 3413 662 3489 sit,
675 3413 708 3478 in
720 3413 822 3488 vebis.
834 3413 1102 3489 etdissensienes,

69 3555 81 3586 ι
94 3545 199 3589 nonne
209 3519 352 3589 semeles
363 3523 450 3598 estis,
459 3520 676 3588 etsecundum
685 3521 848 3588 bominem
856 3521 1045 3590 ambuletis¹
1057 3523 1095 3588 l»

70 3635 135 3700 llec
155 3643 216 3708 est,
240 3631 392 3722 quonium
414 3631 558 3697 nondum
580 3629 716 3720 Spiritus
741 3631 842 3696 Petris
864 3643 933 3696 eret
956 3632 988 3698 in
1012 3632 1102 3721 ipsis,

70 3755 195 3832 prepter
212 3740 485 3830 imperfectionem
501 3765 626 3817 eorum,
643 3752 675 3806 et
696 3740 914 3807 infirmitatem
930 3761 1101 3807 conversu-

72 3853 171 3919 tionis.
185 3851 467 3932 Quemadmodum
476 3851 572 3941 igitur
586 3847 756 3938 Apostolus
770 3851 979 3940 potemtldsre
994 3867 1101 3914 escam

101 3983 109 4014 ¹
124 3997 131 4028 r
145 3981 205 4028 (lor.
218 3999 257 4040 nt,
272 3979 419 4032 =.-²1tid.
434 3981 459 4030 ³.
