2516 4636
212 353 219 370 ι
314 332 437 380 coarat
460 331 611 380 annosas.
914 309 974 376 ὅθι

19 423 62 510 'et
80 453 229 510 mentem
251 453 393 508 nostram
415 463 433 506 a
455 441 635 530 suspicione
658 459 730 528 qum
752 449 801 506 est
819 439 903 506 circa
922 440 980 506 Jo-

19 537 24 574 ''
41 554 92 618 ait
112 575 121 616 ε
143 550 290 619 «Christi
313 563 421 618 autem
439 551 601 640 generatio
622 550 669 618 sic
689 561 767 615 erat.
794 548 878 616 Cum
899 561 982 617 essct

19 653 162 753 'ponsats
184 673 287 730 muter
307 662 377 751 ejus
396 661 530 750 Joseph,
551 661 738 750 priusquam
755 661 981 737 conuenirent,

19 767 98 840 enta
122 773 220 860 estin
235 783 326 852 utero
343 765 465 837 hahens
485 769 525 836 de
546 769 667 859 Spiritu
682 751 803 837 sancto.
828 797 842 833 s
857 769 983 836 Dehinc
1015 764 1022 776 '

40 883 172 972 Joseph
198 881 352 970 cogitaret
379 880 539 948 dimittere
564 878 708 958 Mariana,
730 879 881 969 quonism
899 879 984 967 prae·

21 1017 38 1058 s
63 1005 152 1069 crat,
170 992 368 1058 assistentem
386 991 416 1056 ei
435 988 592 1079 Angelum
608 989 680 1065 Dei,
696 987 857 1055 dicentem
878 1012 886 1054 ι
907 987 983 1055 «Ne

19 1101 117 1168 rueris
136 1123 298 1168 assumere
312 1099 445 1166 Mariam
463 1100 635 1190 conjugem
655 1111 743 1166 tuam
765 1123 773 1164 :
794 1099 882 1189 quod
898 1100 984 1167 enim

19 1222 69 1278 ›ct
82 1212 117 1278 in
134 1222 239 1288 utero,
249 1211 290 1276 da
297 1210 419 1299 Spiritu
430 1221 540 1278 sancto
550 1221 609 1276 est.
624 1209 842 1275 Pariatautem
854 1207 983 1286 Filium,

19 1321 150 1388 secabis
161 1341 279 1387 nomen
290 1320 360 1409 ejus
371 1320 483 1386 tasum
497 1343 506 1385 :
524 1319 578 1388 hic
591 1320 678 1386 enim
689 1317 822 1386 salvabit
832 1318 986 1408 populum

19 1454 71 1498 rm
88 1432 260 1522 apcocatis
275 1431 350 1496 suis.
369 1431 440 1498 Hoc
454 1441 561 1496 eutem
575 1429 696 1497 lactum
711 1442 770 1508 est,
789 1441 825 1494 ut
838 1427 987 1518 implere-

19 1541 131 1630 ·qucd
152 1540 275 1608 dictum
300 1551 349 1608 est
367 1565 385 1606 a
404 1540 544 1609 Domino
568 1563 626 1630 per
644 1539 838 1629 Prophetam
857 1561 865 1603 ε
889 1541 986 1616 Ecce,

19 1675 72 1742 rgo
88 1650 226 1741 accipiet
242 1652 276 1718 in
292 1663 397 1728 utero,
413 1661 447 1716 et
460 1651 563 1740 pariet
573 1648 690 1726 lilium,
706 1661 738 1716 et
753 1651 914 1717 vocabunt
930 1671 990 1714 no-

19 1785 53 1828 tn
65 1763 139 1850 ejus
150 1757 356 1837 Emmanuel,
366 1761 454 1847 quod
469 1771 531 1836 cst,
547 1759 722 1827 Nobiscum
730 1757 848 1832 Deus¹;
864 1757 991 1824 »mani-

19 1898 25 1937 s
50 1869 246 1960 significans,
268 1882 302 1935 et
323 1869 651 1958 compromissionem
667 1891 738 1958 qun
757 1867 860 1934 fuerat
874 1868 916 1933 ud
932 1891 991 1958 pa-

19 2032 26 2057 ,
40 1979 218 2069 impletam,
231 2003 270 2046 ax
280 1978 520 2068 virgincnatum
530 1979 649 2046 Filium
658 1979 733 2053 Dei;
743 1992 775 2044 et
788 1978 876 2045 hunc
886 1979 991 2068 ipsum

31 2089 233 2156 Salvatorem
243 2088 420 2165 Christum,
433 2112 530 2178 quam
541 2088 707 2178 Prophetae
718 2086 987 2179 praedioaverunt:

21 2250 30 2276 ,
50 2200 135 2267 sicut
155 2199 215 2289 ipsi
238 2199 362 2276 dicunt,
385 2197 496 2266 Jesum
516 2199 646 2286 quidem
665 2198 772 2287 ipsum
791 2199 931 2286 assequi
952 2219 992 2263 ea

19 2311 50 2376 ia
67 2309 107 2376 sit
122 2321 228 2386 natus,
242 2309 405 2376 Christum
421 2332 498 2375 vero
514 2311 568 2398 qui
585 2309 722 2399 desuper
736 2309 910 2376 descendit.
926 2309 992 2374 Cae-

19 2443 59 2486 im
74 2429 222 2509 potuerat
236 2418 343 2484 dicere
359 2416 526 2485 Mattheus
541 2440 550 2481 s
564 2445 578 2478 a
591 2417 668 2484 Jesu
683 2440 758 2484 vcro
772 2419 935 2507 generatio
946 2419 992 2490 sic

19 2541 67 2604 at;
89 2556 102 2590 s
122 2528 178 2595 scd
198 2526 373 2617 previdens
396 2525 531 2617 Spiritus
555 2539 682 2594 sanctus
706 2526 940 2618 depravatores,
960 2540 993 2594 et

19 2639 168 2704 muniens
195 2650 305 2705 contra
326 2635 571 2704 fraudulentiam
592 2660 717 2713 eorum,
737 2661 795 2727 per
808 2637 993 2703 Matthaeuna

28 2773 36 2813 :
59 2747 208 2814 «Christi
231 2759 337 2814 autem
362 2747 524 2836 generatio
557 2748 604 2813 sic
630 2759 716 2820 scats
744 2773 758 2809 s
785 2755 818 2811 et
842 2745 996 2834 quoniam

26 2868 73 2923 est
88 2855 302 2932 Emmanuel,
319 2877 359 2922 ne
377 2855 457 2921 lorta
477 2866 604 2921 tantum
619 2877 695 2920 cum
718 2855 882 2921 hominem
899 2864 993 2942 puta-

19 2989 91 3032 russ
112 2967 200 3052 (non
222 2964 310 3030 onim
326 2984 366 3030 cx
381 2963 543 3029 voluntate
562 2964 678 3039 carnis,
696 2985 800 3051 neque
819 2987 857 3028 ex
878 2962 992 3030 volun-

22 3087 53 3140 te
79 3073 153 3148 viri,
180 3070 236 3137 sed
257 3093 297 3136 ax
319 3069 481 3136 voluntate
502 3070 577 3145 Dci,
600 3069 744 3137 Verbum
771 3081 846 3138 caro
872 3071 992 3139 suctum

19 3181 91 3272 sifi),
101 3207 113 3244 s
122 3200 223 3266 neque
238 3175 335 3243 alium
348 3177 608 3266 quidcmdesum,
621 3177 757 3246 alterum
768 3191 875 3246 nutem
887 3180 994 3247 Chris-

19 3314 35 3356 a
53 3289 281 3378 suspicaremur
295 3285 402 3363 fuisse,
421 3287 478 3353 sed
498 3309 599 3354 unum
620 3301 653 3354 et
668 3289 819 3357 eumdem
841 3289 993 3357 sciremus

19 3424 45 3468 c.

19 3509 185 3598 ilocipsum
193 3506 992 3598 interpretatusestPsulus,scribansadllomunoss

19 3616 117 3687 laulus
127 3616 296 3708 Apostolus
310 3617 388 3686 Jesu
404 3616 534 3696 Christi,
553 3617 792 3706 predestinatus
808 3619 840 3685 in
857 3621 995 3710 Evange-

19 3753 74 3797 um
83 3728 150 3806 Dei,
163 3728 250 3818 quod
261 3729 407 3819 promisit
421 3749 479 3817 per
492 3726 667 3816 Prophetas
684 3751 756 3797 suos
773 3729 806 3796 in
823 3730 996 3821 Scripturis

19 3843 109 3908 unctis
123 3841 160 3908 de
170 3839 196 3908 F
198 3838 252 3906 ilio
267 3863 339 3916 suo,
352 3839 406 3927 qui
421 3837 523 3906 luctus
538 3851 586 3905 est
601 3839 630 3906 ei
646 3863 685 3907 ex
701 3840 820 3910 semine
834 3841 935 3910 David
951 3865 997 3910 sc*

32 3969 114 4022 hauh
128 3987 145 4030 s,
158 3968 185 4021 18
194 3977 219 4020 at
230 3984 303 4034 seqq.
315 3966 451 4018 -²Joan.
469 3985 487 4026 ι,
502 3967 540 4026 13,
556 3966 593 4024 st.
