2492 4632
347 321 471 368 cousus
493 323 643 382 assuras.
944 303 1010 392 459

37 425 278 503 onte-arium,
297 427 336 502 si,
354 427 579 518 quodcumque
598 429 664 500 Iex
678 443 813 502 vetasset
831 429 913 508 lieri,
929 430 1015 521 idip-

36 527 225 624 iscipulis
237 535 301 602 suis
311 536 453 625 jussisset
465 537 579 606 lucere.
593 541 634 606 Et
646 539 709 608 hoo
718 551 826 608 autem
837 541 924 630 quod
934 563 1014 630 pre·

40 661 153 710 non
171 643 275 712 solum
287 645 390 712 vetitis
401 669 417 710 a
430 645 526 736 Lege,
540 649 596 719 sed
610 649 705 718 etiem
717 671 736 716 a
747 650 1014 740 concupiscentiis

33 773 41 812 ι
66 751 276 830 abstinere,
288 777 354 822 non
365 758 561 824 contrarium
576 770 637 835 est,
652 759 923 847 quemadmodum
934 759 1014 825 dixi·

35 879 188 950 neque
211 862 361 932 solventis
382 864 514 956 Legem,
533 867 591 935 sed
608 866 822 958 adimplentis,
846 881 879 936 et
900 879 1013 936 exten-

31 993 57 1044 ι,
84 983 138 1036 et
157 971 329 1042 dilatantis.

40 1077 208 1148 Etenim
228 1081 307 1161 Lex,
331 1085 450 1175 quippe
469 1086 567 1154 servis
588 1087 702 1177 posita,
718 1109 776 1177 per
788 1109 826 1154 ea
847 1109 917 1174 quae
936 1084 1012 1153 loris

63 1190 270 1280 corporalia
292 1195 432 1262 animem
454 1196 639 1274 erudiebat,
663 1194 749 1264 velut
768 1219 827 1285 per
848 1193 1012 1263 vinculum

27 1297 135 1366 nens
154 1324 227 1368 eam
251 1302 293 1368 od
312 1307 526 1374 obedientiam
545 1320 791 1398 praceptorum,
808 1307 854 1373 uti
875 1306 1013 1374 disceret

26 1429 44 1470 e
78 1411 216 1478 servire
238 1411 306 1478 Deo
329 1412 499 1482 :Verbum
520 1430 628 1484 autem
649 1415 789 1484 liberans
810 1413 962 1491 enimam,
978 1424 1013 1480 et

24 1515 155 1602 ipsam
176 1541 292 1609 corpus
306 1520 665 1592 voluntarieemundari
686 1522 807 1592 docuit.
825 1521 899 1602 Quo
913 1521 1011 1602 lacto,

24 1647 94 1692 sse
115 1627 182 1692 luit
201 1629 318 1696 aulerci
334 1631 464 1720 quidem
480 1630 604 1699 vincula
621 1631 793 1708 servitutis,
810 1630 925 1718 quibus
947 1631 1013 1718 jam

23 1755 52 1796 ,o
68 1748 278 1812 assueverat,
291 1749 323 1802 et
334 1738 402 1804 sine
415 1737 547 1804 vinculis
559 1739 648 1826 sequi
660 1737 764 1806 Deum
769 1762 780 1813 s
791 1736 1013 1827 superextendi

22 1865 29 1902 s
46 1839 193 1908 decreta
214 1840 381 1919 libertatis,
396 1855 429 1908 et
446 1845 553 1933 augeri
572 1845 806 1933 subjectionem
824 1867 894 1932 quae
910 1853 958 1910 est
971 1843 1013 1910 ad

20 1971 106 2036 pm,
126 1961 243 2019 utnon
258 1961 415 2018 retrorsus
431 1952 500 2039 quis
515 1952 849 2042 revertens,indiqnus
864 1964 1016 2042 appareat

19 2059 67 2144 qni
88 2081 128 2124 se
139 2057 285 2125 liberavit
299 2081 307 2124 ε
322 2081 393 2126 eam
404 2081 479 2127 vero
490 2061 642 2150 pietatem
657 2072 690 2126 et
707 2061 923 2130 obedientiam
943 2083 1014 2150 qua

27 2189 114 2256 erge
132 2166 403 2256 patremfamilias,
420 2191 488 2234 esse
505 2169 635 2258 quidem
651 2168 798 2236 eamdem
813 2181 846 2236 et
865 2168 962 2236 servis
982 2179 1015 2238 et

17 2276 99 2348 eris;
120 2277 277 2364 majorem
289 2289 398 2344 nutem
414 2275 567 2344 fiduciam
580 2277 700 2346 hebere
715 2277 846 2356 liberos,
863 2279 1014 2368 quonium

26 2385 138 2472 major
152 2394 184 2450 et
199 2382 364 2473 gloriosior
378 2387 521 2474 operatio
540 2383 707 2464 libertatis,
724 2409 820 2478 quum
831 2409 869 2454 ea
881 2410 952 2476 quse
965 2398 1014 2454 est

21 2493 176 2560 servitute
191 2493 411 2582 obsequentia.
781 2493 783 2498 ’
856 2561 860 2568 ,

25 2602 85 2670 lll.
102 2603 141 2670 Et
159 2615 289 2696 propter
302 2604 365 2672 hoc
375 2603 538 2672 nomines
551 2627 611 2696 pro
625 2627 666 2672 eo
679 2604 767 2694 quod
784 2615 833 2672 est
848 2603 925 2674 Non
938 2625 1016 2670 moe·

17 2712 141 2788 seteis,
159 2737 219 2782 nec
241 2713 468 2803 concupiscere
481 2716 647 2804 praeoepitr
666 2724 700 2782 et
714 2736 772 2805 pro
787 2737 825 2782 ao
847 2712 934 2802 quod
952 2723 1014 2788 est,

17 2846 59 2886 on
73 2823 208 2902 occides,
225 2847 331 2914 neque
351 2824 444 2891 irasci
461 2825 608 2913 quidemr
623 2837 655 2892 et
670 2847 729 2912 pro
744 2846 783 2889 eo
798 2821 884 2912 quod
898 2833 946 2888 est
961 2821 1016 2888 de·

17 2955 115 3010 mare,
131 2935 236 3000 omnia
252 2957 323 3024 que
337 2945 411 3001 sunt
430 2934 622 3025 pauperibus
637 2931 791 3007 dividere:
807 2943 841 2998 et
861 2953 927 2998 non
942 2942 1017 2998 un-

17 3065 52 3108 lm
66 3044 240 3134 proximos,
255 3045 312 3134 sed
327 3045 424 3111 etiam
439 3043 584 3110 inimicos
595 3039 742 3135 diligeres
757 3050 790 3108 et
806 3063 872 3108 non
891 3049 1016 3108 tentum

17 3177 85 3222 >uos
100 3153 224 3222 datores
238 3167 272 3221 et
286 3155 574 3225 communicatores
593 3177 675 3230 esse,
691 3151 747 3220 sed
757 3151 855 3219 etiam
865 3150 1016 3219 adversus

17 3285 38 3328 »s
55 3264 109 3352 qui
127 3263 241 3330 tollunt
255 3275 376 3340 nostra,
392 3265 529 3355 gratuito
544 3263 723 3330 donatores.
741 3288 754 3324 r
772 3259 910 3328 Tollenti
929 3260 1017 3328 enim

17 3371 73 3438 tibi
88 3374 239 3452 tunicam,
255 3374 312 3451 eit,
326 3373 451 3440 remitte
463 3373 492 3438 ei
508 3384 540 3438 et
550 3369 700 3463 pelliums
714 3384 747 3437 et
761 3370 801 3437 ab
813 3391 852 3438 eo
864 3369 918 3459 qui
934 3365 1018 3438 tollit

18 3493 86 3558 tua,
107 3505 168 3549 non
188 3504 336 3572 reposcas
353 3505 361 3547 :
378 3494 411 3547 et
433 3481 704 3570 quomadmodum
725 3477 819 3546 sultis
842 3489 878 3545 ut
900 3477 1018 3547 faciant

20 3591 103 3656 robis
118 3591 272 3669 homines,
288 3592 383 3660 facite
403 3590 483 3668 eis',
500 3603 563 3658 sut
580 3614 646 3658 non
665 3590 754 3681 quasi
770 3586 914 3658 nolentes
928 3585 1019 3654 freu-

17 3699 60 3764 ari
78 3701 315 3778 contristemini,
339 3700 395 3768 sed
415 3698 503 3790 quasi
528 3698 667 3768 volentes
687 3696 921 3773 donaverimus,
938 3717 1018 3786 gau-

17 3832 127 3883 oomuss
144 3812 277 3901 gretiam
293 3812 390 3902 magis
403 3823 585 3901 prestantes
605 3812 637 3879 io
660 3811 834 3902 proximos,
850 3831 946 3896 quam
961 3827 1020 3874 ne-

26 3930 97 3978 tuuc.
110 3945 140 3990 ιι,
152 3947 181 3995 ²9
190 3941 215 3982 et
225 3947 300 3996 seqq.
