<?xml version="1.0" encoding="UTF-8"?>
<!DOCTYPE html PUBLIC "-//W3C//DTD XHTML 1.0 Transitional//EN"
    "http://www.w3.org/TR/xhtml1/DTD/xhtml1-transitional.dtd">
<html xmlns="http://www.w3.org/1999/xhtml" xml:lang="en" lang="en">
 <head>
  <title>
</title>
<meta http-equiv="Content-Type" content="text/html;charset=utf-8" />
  <meta name='ocr-system' content='tesseract 3.04.00' />
  <meta name='ocr-capabilities' content='ocr_page ocr_carea ocr_par ocr_line ocrx_word'/>
</head>
<body>
  <div class='ocr_page' id='page_1' title='image "./collectioselect02guilgoog_0683.png"; bbox 0 0 2616 4620; ppageno 0'>
   <div class='ocr_carea' id='block_1_1' title="bbox 353 286 1019 368">
    <p class='ocr_par' dir='ltr' id='par_1_1' title="bbox 353 286 1019 368">
     <span class='ocr_line' id='line_1_1' title="bbox 353 286 1019 368; baseline 0.012 -23"><span class='ocrx_word' id='word_1_1' title='bbox 353 286 413 368; x_wconf 83' lang='lat'>178</span> <span class='ocrx_word' id='word_1_2' title='bbox 692 305 716 348; x_wconf 84' lang='lat' dir='ltr'>s.</span> <span class='ocrx_word' id='word_1_3' title='bbox 743 307 769 348; x_wconf 88' lang='lat' dir='ltr'>r.</span> <span class='ocrx_word' id='word_1_4' title='bbox 797 306 827 352; x_wconf 82' lang='lat' dir='ltr'>n.</span> <span class='ocrx_word' id='word_1_5' title='bbox 855 309 1019 353; x_wconf 77' lang='lat' dir='ltr'>rusorum</span> 
     </span>
    </p>
   </div>
   <div class='ocr_carea' id='block_1_2' title="bbox 426 395 906 573">
    <p class='ocr_par' dir='ltr' id='par_1_2' title="bbox 426 395 906 573">
     <span class='ocr_line' id='line_1_2' title="bbox 428 395 863 492; baseline 0.011 -22"><span class='ocrx_word' id='word_1_6' title='bbox 428 395 549 471; x_wconf 76' lang='lat' dir='ltr'>Parente</span> <span class='ocrx_word' id='word_1_7' title='bbox 558 431 623 471; x_wconf 83' lang='lat' dir='ltr'>narn</span> <span class='ocrx_word' id='word_1_8' title='bbox 637 426 749 492; x_wconf 86' lang='lat' dir='ltr'>tempus</span> <span class='ocrx_word' id='word_1_9' title='bbox 763 435 863 474; x_wconf 83' lang='lat' dir='ltr'>carens</span> 
     </span>
     <span class='ocr_line' id='line_1_3' title="bbox 426 510 906 573; baseline 0.008 -4"><span class='ocrx_word' id='word_1_10' title='bbox 426 515 608 569; x_wconf 80' lang='lat' dir='ltr'><strong>Demonstrat</strong></span> <span class='ocrx_word' id='word_1_11' title='bbox 618 510 766 572; x_wconf 90' lang='lat' dir='ltr'>hominum</span> <span class='ocrx_word' id='word_1_12' title='bbox 780 513 906 573; x_wconf 88' lang='lat' dir='ltr'>crimina.</span> 
     </span>
    </p>
   </div>
   <div class='ocr_carea' id='block_1_3' title="bbox 345 647 665 735">
    <p class='ocr_par' dir='ltr' id='par_1_3' title="bbox 345 647 665 735">
     <span class='ocr_line' id='line_1_4' title="bbox 345 647 665 735; baseline 0 -22"><span class='ocrx_word' id='word_1_13' title='bbox 345 647 463 714; x_wconf 80' lang='lat' dir='ltr'><strong>Rursus</strong></span> <span class='ocrx_word' id='word_1_14' title='bbox 477 647 642 735; x_wconf 81' lang='lat' dir='ltr'>Euripides</span> <span class='ocrx_word' id='word_1_15' title='bbox 657 673 665 713; x_wconf 92' lang='lat'><strong>:</strong></span> 
     </span>
    </p>
   </div>
   <div class='ocr_carea' id='block_1_4' title="bbox 420 789 1078 1066">
    <p class='ocr_par' dir='ltr' id='par_1_4' title="bbox 420 789 1078 1066">
     <span class='ocr_line' id='line_1_5' title="bbox 697 789 942 848; baseline 0.02 -5"><span class='ocrx_word' id='word_1_16' title='bbox 697 791 761 844; x_wconf 86' lang='lat' dir='ltr'>Non</span> <span class='ocrx_word' id='word_1_17' title='bbox 774 789 849 846; x_wconf 89' lang='lat' dir='ltr'>enim</span> <span class='ocrx_word' id='word_1_18' title='bbox 862 795 942 848; x_wconf 89' lang='lat' dir='ltr'>Deus</span> 
     </span>
     <span class='ocr_line' id='line_1_6' title="bbox 421 886 1052 968; baseline 0.01 -24"><span class='ocrx_word' id='word_1_19' title='bbox 421 886 581 944; x_wconf 76' lang='lat' dir='ltr'>Prudentiae</span> <span class='ocrx_word' id='word_1_20' title='bbox 597 905 709 965; x_wconf 82' lang='lat' dir='ltr'><strong>expers,</strong></span> <span class='ocrx_word' id='word_1_21' title='bbox 722 888 772 946; x_wconf 88' lang='lat' dir='ltr'>sed</span> <span class='ocrx_word' id='word_1_22' title='bbox 785 889 861 946; x_wconf 87' lang='lat' dir='ltr'>valet</span> <span class='ocrx_word' id='word_1_23' title='bbox 877 910 1052 968; x_wconf 82' lang='lat' dir='ltr'>pernoscere</span> 
     </span>
     <span class='ocr_line' id='line_1_7' title="bbox 420 985 1078 1066; baseline 0.006 -22"><span class='ocrx_word' id='word_1_24' title='bbox 420 987 477 1058; x_wconf 89' lang='lat' dir='ltr'>Qui</span> <span class='ocrx_word' id='word_1_25' title='bbox 490 1007 579 1064; x_wconf 84' lang='lat' dir='ltr'>prava</span> <span class='ocrx_word' id='word_1_26' title='bbox 590 985 697 1064; x_wconf 84' lang='lat' dir='ltr'>jurant,</span> <span class='ocrx_word' id='word_1_27' title='bbox 712 989 819 1065; x_wconf 88' lang='lat' dir='ltr'>quique</span> <span class='ocrx_word' id='word_1_28' title='bbox 831 1002 935 1066; x_wconf 88' lang='lat' dir='ltr'>sponte</span> <span class='ocrx_word' id='word_1_29' title='bbox 949 1011 1011 1049; x_wconf 90' lang='lat' dir='ltr'>nou</span> <span class='ocrx_word' id='word_1_30' title='bbox 1023 1013 1078 1050; x_wconf 81' lang='lat' dir='ltr'>sua.</span> 
     </span>
    </p>
   </div>
   <div class='ocr_carea' id='block_1_5' title="bbox 343 1130 995 1350">
    <p class='ocr_par' dir='ltr' id='par_1_5' title="bbox 343 1130 995 1350">
     <span class='ocr_line' id='line_1_8' title="bbox 343 1130 591 1222; baseline -0.016 -23"><span class='ocrx_word' id='word_1_31' title='bbox 343 1135 382 1199; x_wconf 86' lang='lat' dir='ltr'>Et</span> <span class='ocrx_word' id='word_1_32' title='bbox 397 1130 591 1222; x_wconf 85' lang='lat' dir='ltr'>Sophocles:</span> 
     </span>
     <span class='ocr_line' id='line_1_9' title="bbox 420 1269 995 1350; baseline 0.005 -21"><span class='ocrx_word' id='word_1_33' title='bbox 420 1271 496 1329; x_wconf 82' lang='lat' dir='ltr'>Mala</span> <span class='ocrx_word' id='word_1_34' title='bbox 507 1271 531 1328; x_wconf 91' lang='lat' dir='ltr'>si</span> <span class='ocrx_word' id='word_1_35' title='bbox 544 1269 655 1340; x_wconf 88' lang='lat' dir='ltr'>dedisti,</span> <span class='ocrx_word' id='word_1_36' title='bbox 670 1281 785 1348; x_wconf 80' lang='lat' dir='ltr'>oportet</span> <span class='ocrx_word' id='word_1_37' title='bbox 796 1283 824 1328; x_wconf 88' lang='lat' dir='ltr'>et</span> <span class='ocrx_word' id='word_1_38' title='bbox 835 1273 896 1350; x_wconf 84' lang='lat' dir='ltr'>pati</span> <span class='ocrx_word' id='word_1_39' title='bbox 910 1273 995 1334; x_wconf 80' lang='lat' dir='ltr'>mala.</span> 
     </span>
    </p>
   </div>
   <div class='ocr_carea' id='block_1_6' title="bbox 336 1412 1236 3422">
    <p class='ocr_par' dir='ltr' id='par_1_6' title="bbox 339 1412 1229 1932">
     <span class='ocr_line' id='line_1_10' title="bbox 343 1412 1227 1502; baseline -0.009 -24"><span class='ocrx_word' id='word_1_40' title='bbox 343 1414 423 1478; x_wconf 88' lang='lat' dir='ltr'>Cum</span> <span class='ocrx_word' id='word_1_41' title='bbox 438 1435 513 1502; x_wconf 84' lang='lat' dir='ltr'>ergo</span> <span class='ocrx_word' id='word_1_42' title='bbox 528 1412 567 1477; x_wconf 86' lang='lat' dir='ltr'>de</span> <span class='ocrx_word' id='word_1_43' title='bbox 583 1412 690 1499; x_wconf 90' lang='lat' dir='ltr'>iniquo</span> <span class='ocrx_word' id='word_1_44' title='bbox 705 1413 910 1499; x_wconf 86' lang='lat' dir='ltr'>jurejurando</span> <span class='ocrx_word' id='word_1_45' title='bbox 926 1428 960 1480; x_wconf 84' lang='lat' dir='ltr'>ot</span> <span class='ocrx_word' id='word_1_46' title='bbox 976 1413 1039 1480; x_wconf 87' lang='lat' dir='ltr'>olio</span> <span class='ocrx_word' id='word_1_47' title='bbox 1052 1413 1144 1501; x_wconf 71' lang='lat' dir='ltr'>quovis</span> <span class='ocrx_word' id='word_1_48' title='bbox 1154 1421 1227 1498; x_wconf 75' lang='lat' dir='ltr'>poet</span> 
     </span>
     <span class='ocr_line' id='line_1_11' title="bbox 340 1515 1229 1611; baseline -0.007 -24"><span class='ocrx_word' id='word_1_49' title='bbox 340 1523 527 1611; x_wconf 87' lang='lat' dir='ltr'>quisiturum</span> <span class='ocrx_word' id='word_1_50' title='bbox 545 1519 661 1595; x_wconf 88' lang='lat' dir='ltr'>Deum,</span> <span class='ocrx_word' id='word_1_51' title='bbox 681 1515 775 1586; x_wconf 86' lang='lat' dir='ltr'>iidem</span> <span class='ocrx_word' id='word_1_52' title='bbox 798 1544 923 1609; x_wconf 86' lang='lat' dir='ltr'>quoque</span> <span class='ocrx_word' id='word_1_53' title='bbox 943 1547 1029 1610; x_wconf 85' lang='lat' dir='ltr'>pene</span> <span class='ocrx_word' id='word_1_54' title='bbox 1046 1521 1229 1610; x_wconf 63' lang='lat' dir='ltr'>praedixemus</span> 
     </span>
     <span class='ocr_line' id='line_1_12' title="bbox 340 1627 1222 1716; baseline -0.011 -20"><span class='ocrx_word' id='word_1_55' title='bbox 340 1631 434 1696; x_wconf 86' lang='lat' dir='ltr'>otiam</span> <span class='ocrx_word' id='word_1_56' title='bbox 447 1629 486 1693; x_wconf 88' lang='lat' dir='ltr'>de</span> <span class='ocrx_word' id='word_1_57' title='bbox 499 1629 607 1694; x_wconf 89' lang='lat' dir='ltr'>muudi</span> <span class='ocrx_word' id='word_1_58' title='bbox 620 1627 875 1716; x_wconf 79' lang='lat' dir='ltr'>conflagratione,</span> <span class='ocrx_word' id='word_1_59' title='bbox 891 1629 1036 1696; x_wconf 82' lang='lat' dir='ltr'>volentes</span> <span class='ocrx_word' id='word_1_60' title='bbox 1049 1628 1164 1694; x_wconf 83' lang='lat' dir='ltr'>nolentes</span> <span class='ocrx_word' id='word_1_61' title='bbox 1173 1645 1222 1688; x_wconf 76' lang='lat' dir='ltr'>esua</span> 
     </span>
     <span class='ocr_line' id='line_1_13' title="bbox 340 1731 1223 1826; baseline -0.018 -21"><span class='ocrx_word' id='word_1_62' title='bbox 340 1762 398 1805; x_wconf 85' lang='lat' dir='ltr'>nea</span> <span class='ocrx_word' id='word_1_63' title='bbox 412 1736 574 1826; x_wconf 82' lang='lat' dir='ltr'>Prophetis</span> <span class='ocrx_word' id='word_1_64' title='bbox 590 1736 747 1811; x_wconf 84' lang='lat' dir='ltr'>dixerunt,</span> <span class='ocrx_word' id='word_1_65' title='bbox 766 1737 906 1825; x_wconf 83' lang='lat' dir='ltr'>quamvis</span> <span class='ocrx_word' id='word_1_66' title='bbox 923 1738 1030 1804; x_wconf 88' lang='lat' dir='ltr'>multo</span> <span class='ocrx_word' id='word_1_67' title='bbox 1047 1738 1160 1826; x_wconf 79' lang='lat' dir='ltr'>juniores</span> <span class='ocrx_word' id='word_1_68' title='bbox 1171 1731 1223 1796; x_wconf 77' lang='lat' dir='ltr'>utri</span> 
     </span>
     <span class='ocr_line' id='line_1_14' title="bbox 339 1843 1189 1932; baseline -0.014 -19"><span class='ocrx_word' id='word_1_69' title='bbox 339 1848 413 1922; x_wconf 86' lang='lat' dir='ltr'>rint,</span> <span class='ocrx_word' id='word_1_70' title='bbox 429 1857 522 1932; x_wconf 85' lang='lat' dir='ltr'>atquo</span> <span class='ocrx_word' id='word_1_71' title='bbox 538 1868 576 1909; x_wconf 86' lang='lat' dir='ltr'>ex</span> <span class='ocrx_word' id='word_1_72' title='bbox 590 1844 672 1932; x_wconf 84' lang='lat' dir='ltr'>Lege</span> <span class='ocrx_word' id='word_1_73' title='bbox 687 1857 719 1908; x_wconf 88' lang='lat' dir='ltr'>et</span> <span class='ocrx_word' id='word_1_74' title='bbox 734 1843 896 1932; x_wconf 76' lang='lat' dir='ltr'><strong>Prophetis</strong></span> <span class='ocrx_word' id='word_1_75' title='bbox 913 1845 984 1912; x_wconf 73' lang='lat' dir='ltr'>hmo</span> <span class='ocrx_word' id='word_1_76' title='bbox 1002 1845 1135 1912; x_wconf 81' lang='lat' dir='ltr'>suffurati</span> <span class='ocrx_word' id='word_1_77' title='bbox 1147 1843 1189 1904; x_wconf 86' lang='lat' dir='ltr'>siut</span> 
     </span>
    </p>

    <p class='ocr_par' dir='ltr' id='par_1_7' title="bbox 336 1945 1236 3422">
     <span class='ocr_line' id='line_1_15' title="bbox 382 1945 1226 2042; baseline -0.012 -22"><span class='ocrx_word' id='word_1_78' title='bbox 382 1952 562 2020; x_wconf 85' lang='lat' dir='ltr'>XXXVIII.</span> <span class='ocrx_word' id='word_1_79' title='bbox 581 1950 644 2016; x_wconf 79' lang='lat' dir='ltr'>sed</span> <span class='ocrx_word' id='word_1_80' title='bbox 660 1951 736 2038; x_wconf 86' lang='lat' dir='ltr'>quid</span> <span class='ocrx_word' id='word_1_81' title='bbox 750 1951 864 2016; x_wconf 84' lang='lat' dir='ltr'>refert</span> <span class='ocrx_word' id='word_1_82' title='bbox 861 1965 968 2018; x_wconf 85' lang='lat' dir='ltr'>utrum</span> <span class='ocrx_word' id='word_1_83' title='bbox 984 1945 1226 2042; x_wconf 69' lang='lat' dir='ltr'>posteriorasupu</span> 
     </span>
     <span class='ocr_line' id='line_1_16' title="bbox 338 2055 1228 2152; baseline -0.01 -23"><span class='ocrx_word' id='word_1_84' title='bbox 338 2063 476 2130; x_wconf 73' lang='lat' dir='ltr'>fuerint?</span> <span class='ocrx_word' id='word_1_85' title='bbox 492 2062 584 2126; x_wconf 83' lang='lat' dir='ltr'>Corte</span> <span class='ocrx_word' id='word_1_86' title='bbox 597 2073 804 2126; x_wconf 84' lang='lat' dir='ltr'>consentanca</span> <span class='ocrx_word' id='word_1_87' title='bbox 817 2062 1005 2150; x_wconf 85' lang='lat' dir='ltr'>Prophetis&#39;</span> <span class='ocrx_word' id='word_1_88' title='bbox 995 2065 1056 2152; x_wconf 79' lang='lat' dir='ltr'>ipsi</span> <span class='ocrx_word' id='word_1_89' title='bbox 1068 2055 1228 2150; x_wconf 64' lang='lat' dir='ltr'>quoquotum-³</span> 
     </span>
     <span class='ocr_line' id='line_1_17' title="bbox 338 2159 1223 2258; baseline -0.009 -21"><span class='ocrx_word' id='word_1_90' title='bbox 338 2171 385 2237; x_wconf 87' lang='lat' dir='ltr'>De</span> <span class='ocrx_word' id='word_1_91' title='bbox 399 2168 508 2234; x_wconf 91' lang='lat' dir='ltr'>mundi</span> <span class='ocrx_word' id='word_1_92' title='bbox 524 2166 766 2254; x_wconf 84' lang='lat' dir='ltr'>conflagratione</span> <span class='ocrx_word' id='word_1_93' title='bbox 782 2167 948 2234; x_wconf 78' lang='lat' dir='ltr'>Malachiae</span> <span class='ocrx_word' id='word_1_94' title='bbox 963 2170 1117 2258; x_wconf 79' lang='lat' dir='ltr'>propheto</span> <span class='ocrx_word' id='word_1_95' title='bbox 1128 2159 1223 2249; x_wconf 58' lang='lat' dir='ltr'>sapei»</span> 
     </span>
     <span class='ocr_line' id='line_1_18' title="bbox 346 2259 1230 2348; baseline -0.011 -6"><span class='ocrx_word' id='word_1_96' title='bbox 346 2279 452 2342; x_wconf 75' lang='lat' dir='ltr'>iEcoe</span> <span class='ocrx_word' id='word_1_97' title='bbox 471 2277 535 2341; x_wconf 90' lang='lat' dir='ltr'>dies</span> <span class='ocrx_word' id='word_1_98' title='bbox 553 2275 680 2340; x_wconf 88' lang='lat' dir='ltr'>Domini</span> <span class='ocrx_word' id='word_1_99' title='bbox 699 2275 783 2340; x_wconf 84' lang='lat' dir='ltr'>venit</span> <span class='ocrx_word' id='word_1_100' title='bbox 802 2287 837 2338; x_wconf 90' lang='lat' dir='ltr'>ut</span> <span class='ocrx_word' id='word_1_101' title='bbox 855 2274 999 2341; x_wconf 84' lang='lat' dir='ltr'>clibanus</span> <span class='ocrx_word' id='word_1_102' title='bbox 1019 2278 1138 2348; x_wconf 86' lang='lat' dir='ltr'>ardens,</span> <span class='ocrx_word' id='word_1_103' title='bbox 1151 2259 1230 2334; x_wconf 59' lang='lat' dir='ltr'>stall*</span> 
     </span>
     <span class='ocr_line' id='line_1_19' title="bbox 337 2369 1231 2471; baseline -0.017 -22"><span class='ocrx_word' id='word_1_104' title='bbox 337 2407 472 2452; x_wconf 85' lang='lat' dir='ltr'>»omnes</span> <span class='ocrx_word' id='word_1_105' title='bbox 494 2382 636 2471; x_wconf 85' lang='lat' dir='ltr'>impios¹.</span> <span class='ocrx_word' id='word_1_106' title='bbox 629 2411 664 2447; x_wconf 70' lang='grc' dir='ltr'>,ι</span> <span class='ocrx_word' id='word_1_107' title='bbox 692 2383 731 2446; x_wconf 83' lang='lat' dir='ltr'>Et</span> <span class='ocrx_word' id='word_1_108' title='bbox 754 2385 883 2448; x_wconf 82' lang='lat' dir='ltr'>Esaias.</span> <span class='ocrx_word' id='word_1_109' title='bbox 910 2383 1051 2450; x_wconf 81' lang='lat' dir='ltr'>«Veniet</span> <span class='ocrx_word' id='word_1_110' title='bbox 1073 2369 1231 2448; x_wconf 71' lang='lat' dir='ltr'>enimutiu</span> 
     </span>
     <span class='ocr_line' id='line_1_20' title="bbox 337 2473 1219 2584; baseline -0.007 -26"><span class='ocrx_word' id='word_1_111' title='bbox 337 2526 349 2558; x_wconf 75' lang='lat' dir='ltr'>r</span> <span class='ocrx_word' id='word_1_112' title='bbox 364 2493 482 2584; x_wconf 79' lang='lat' dir='ltr'><strong>grando</strong></span> <span class='ocrx_word' id='word_1_113' title='bbox 497 2515 591 2557; x_wconf 87' lang='lat' dir='ltr'>ruens</span> <span class='ocrx_word' id='word_1_114' title='bbox 606 2493 738 2580; x_wconf 79' lang='lat' dir='ltr'>impetu,</span> <span class='ocrx_word' id='word_1_115' title='bbox 759 2505 790 2557; x_wconf 89' lang='lat' dir='ltr'>et</span> <span class='ocrx_word' id='word_1_116' title='bbox 806 2505 934 2580; x_wconf 78' lang='lat' dir='ltr'>utaque</span> <span class='ocrx_word' id='word_1_117' title='bbox 953 2493 1107 2558; x_wconf 86' lang='lat' dir='ltr'>trahens</span> <span class='ocrx_word' id='word_1_118' title='bbox 1099 2515 1127 2555; x_wconf 85' lang='lat' dir='ltr'>ru</span> <span class='ocrx_word' id='word_1_119' title='bbox 1139 2473 1219 2553; x_wconf 69' lang='lat' dir='ltr'>ocul</span> 
     </span>
     <span class='ocr_line' id='line_1_21' title="bbox 337 2596 1231 2690; baseline -0.013 -21"><span class='ocrx_word' id='word_1_120' title='bbox 337 2600 482 2690; x_wconf 83' lang='lat' dir='ltr'>Sibylla</span> <span class='ocrx_word' id='word_1_121' title='bbox 474 2600 568 2689; x_wconf 78' lang='lat' dir='ltr'>igitur</span> <span class='ocrx_word' id='word_1_122' title='bbox 585 2611 617 2662; x_wconf 86' lang='lat' dir='ltr'>et</span> <span class='ocrx_word' id='word_1_123' title='bbox 637 2598 747 2687; x_wconf 79' lang='lat' dir='ltr'>reliqui</span> <span class='ocrx_word' id='word_1_124' title='bbox 768 2599 940 2689; x_wconf 78' lang='lat' dir='ltr'>prophetae,</span> <span class='ocrx_word' id='word_1_125' title='bbox 961 2601 1020 2665; x_wconf 83' lang='lat' dir='ltr'>sed</span> <span class='ocrx_word' id='word_1_126' title='bbox 1039 2612 1071 2664; x_wconf 87' lang='lat' dir='ltr'>et</span> <span class='ocrx_word' id='word_1_127' title='bbox 1090 2582 1231 2688; x_wconf 66' lang='lat' dir='ltr'>poetali</span> 
     </span>
     <span class='ocr_line' id='line_1_22' title="bbox 337 2703 1230 2800; baseline -0.017 -22"><span class='ocrx_word' id='word_1_128' title='bbox 337 2710 439 2800; x_wconf 87' lang='lat' dir='ltr'>sophi,</span> <span class='ocrx_word' id='word_1_129' title='bbox 454 2719 492 2774; x_wconf 89' lang='lat' dir='ltr'>et</span> <span class='ocrx_word' id='word_1_130' title='bbox 502 2708 565 2772; x_wconf 90' lang='lat' dir='ltr'>de</span> <span class='ocrx_word' id='word_1_131' title='bbox 554 2706 672 2794; x_wconf 72' lang='lat' dir='ltr'>justitia</span> <span class='ocrx_word' id='word_1_132' title='bbox 689 2718 721 2770; x_wconf 90' lang='lat' dir='ltr'>et</span> <span class='ocrx_word' id='word_1_133' title='bbox 737 2707 854 2792; x_wconf 85' lang='lat' dir='ltr'>judicic</span> <span class='ocrx_word' id='word_1_134' title='bbox 869 2720 900 2772; x_wconf 88' lang='lat' dir='ltr'>ct</span> <span class='ocrx_word' id='word_1_135' title='bbox 918 2710 1021 2796; x_wconf 89' lang='lat' dir='ltr'>poenis</span> <span class='ocrx_word' id='word_1_136' title='bbox 1041 2703 1230 2796; x_wconf 71' lang='lat' dir='ltr'>pronuntiantl</span> 
     </span>
     <span class='ocr_line' id='line_1_23' title="bbox 336 2814 1233 2904; baseline -0.012 -18"><span class='ocrx_word' id='word_1_137' title='bbox 336 2822 430 2886; x_wconf 88' lang='lat' dir='ltr'>etiam</span> <span class='ocrx_word' id='word_1_138' title='bbox 445 2818 483 2881; x_wconf 89' lang='lat' dir='ltr'>do</span> <span class='ocrx_word' id='word_1_139' title='bbox 498 2814 703 2904; x_wconf 85' lang='lat' dir='ltr'>providentia,</span> <span class='ocrx_word' id='word_1_140' title='bbox 725 2816 827 2882; x_wconf 90' lang='lat' dir='ltr'>Deum</span> <span class='ocrx_word' id='word_1_141' title='bbox 842 2817 939 2882; x_wconf 78' lang='lat' dir='ltr'>nostri</span> <span class='ocrx_word' id='word_1_142' title='bbox 959 2841 1072 2886; x_wconf 83' lang='lat' dir='ltr'>curam</span> <span class='ocrx_word' id='word_1_143' title='bbox 1086 2817 1233 2904; x_wconf 52' lang='lat' dir='ltr'>generate*</span> 
     </span>
     <span class='ocr_line' id='line_1_24' title="bbox 337 2915 1227 2999; baseline -0.021 -9"><span class='ocrx_word' id='word_1_144' title='bbox 337 2925 402 2990; x_wconf 92' lang='lat' dir='ltr'>lum</span> <span class='ocrx_word' id='word_1_145' title='bbox 417 2922 598 2996; x_wconf 75' lang='lat' dir='ltr'>visentium,</span> <span class='ocrx_word' id='word_1_146' title='bbox 614 2921 779 2986; x_wconf 85' lang='lat' dir='ltr'>sedetiam</span> <span class='ocrx_word' id='word_1_147' title='bbox 790 2935 1001 2999; x_wconf 88' lang='lat' dir='ltr'>mortuorum,</span> <span class='ocrx_word' id='word_1_148' title='bbox 1019 2923 1067 2990; x_wconf 86' lang='lat' dir='ltr'>vol</span> <span class='ocrx_word' id='word_1_149' title='bbox 1083 2920 1155 2988; x_wconf 79' lang='lat' dir='ltr'>inriti</span> <span class='ocrx_word' id='word_1_150' title='bbox 1166 2915 1227 2977; x_wconf 65' lang='lat' dir='ltr'>tuo</span> 
     </span>
     <span class='ocr_line' id='line_1_25' title="bbox 337 3015 1235 3120; baseline -0.018 -21"><span class='ocrx_word' id='word_1_151' title='bbox 337 3033 541 3100; x_wconf 70' lang='lat' dir='ltr'>vincebantur</span> <span class='ocrx_word' id='word_1_152' title='bbox 561 3027 646 3093; x_wconf 87' lang='lat' dir='ltr'>enim</span> <span class='ocrx_word' id='word_1_153' title='bbox 666 3051 683 3092; x_wconf 88' lang='lat' dir='ltr'>o</span> <span class='ocrx_word' id='word_1_154' title='bbox 704 3029 843 3093; x_wconf 85' lang='lat' dir='ltr'>veritate.</span> <span class='ocrx_word' id='word_1_155' title='bbox 868 3029 969 3120; x_wconf 81' lang='lat' dir='ltr'>Atque</span> <span class='ocrx_word' id='word_1_156' title='bbox 986 3055 1026 3096; x_wconf 89' lang='lat' dir='ltr'>ex</span> <span class='ocrx_word' id='word_1_157' title='bbox 1045 3024 1181 3116; x_wconf 84' lang='lat' dir='ltr'>Prophetis</span> <span class='ocrx_word' id='word_1_158' title='bbox 1192 3015 1235 3102; x_wconf 67' lang='lat' dir='ltr'>qua</span> 
     </span>
     <span class='ocr_line' id='line_1_26' title="bbox 337 3123 1231 3223; baseline -0.025 -17"><span class='ocrx_word' id='word_1_159' title='bbox 337 3139 484 3205; x_wconf 87' lang='lat' dir='ltr'>Salomon</span> <span class='ocrx_word' id='word_1_160' title='bbox 497 3137 535 3201; x_wconf 84' lang='lat' dir='ltr'>do</span> <span class='ocrx_word' id='word_1_161' title='bbox 547 3136 678 3201; x_wconf 89' lang='lat' dir='ltr'>mortuis</span> <span class='ocrx_word' id='word_1_162' title='bbox 691 3136 736 3201; x_wconf 89' lang='lat' dir='ltr'>sic</span> <span class='ocrx_word' id='word_1_163' title='bbox 747 3135 883 3223; x_wconf 90' lang='lat' dir='ltr'>quuitur</span> <span class='ocrx_word' id='word_1_164' title='bbox 895 3158 903 3199; x_wconf 76' lang='grc' dir='ltr'><strong>ι</strong></span> <span class='ocrx_word' id='word_1_165' title='bbox 923 3139 1013 3203; x_wconf 81' lang='lat' dir='ltr'>«Erit</span> <span class='ocrx_word' id='word_1_166' title='bbox 1025 3137 1136 3204; x_wconf 84' lang='lat' dir='ltr'>sanatio</span> <span class='ocrx_word' id='word_1_167' title='bbox 1148 3123 1231 3195; x_wconf 64' lang='lat' dir='ltr'>carulo</span> 
     </span>
     <span class='ocr_line' id='line_1_27' title="bbox 337 3229 1236 3315; baseline -0.014 -3"><span class='ocrx_word' id='word_1_168' title='bbox 337 3279 349 3312; x_wconf 72' lang='lat' dir='ltr'>a</span> <span class='ocrx_word' id='word_1_169' title='bbox 364 3229 483 3315; x_wconf 85' lang='lat' dir='ltr'>curatio</span> <span class='ocrx_word' id='word_1_170' title='bbox 497 3244 644 3311; x_wconf 85' lang='lat' dir='ltr'>ossium¹.</span> <span class='ocrx_word' id='word_1_171' title='bbox 660 3272 673 3304; x_wconf 75' lang='lat' dir='ltr'>r</span> <span class='ocrx_word' id='word_1_172' title='bbox 687 3243 835 3310; x_wconf 82' lang='lat' dir='ltr'>Similiter</span> <span class='ocrx_word' id='word_1_173' title='bbox 849 3258 879 3310; x_wconf 89' lang='lat' dir='ltr'>et</span> <span class='ocrx_word' id='word_1_174' title='bbox 894 3245 1016 3310; x_wconf 87' lang='lat' dir='ltr'>David:</span> <span class='ocrx_word' id='word_1_175' title='bbox 1037 3237 1236 3311; x_wconf 64' lang='lat' dir='ltr'>«Exsuluhurtuf</span> 
     </span>
     <span class='ocr_line' id='line_1_28' title="bbox 337 3351 1071 3422; baseline -0.003 -2"><span class='ocrx_word' id='word_1_176' title='bbox 337 3387 350 3420; x_wconf 68' lang='lat' dir='ltr'>a</span> <span class='ocrx_word' id='word_1_177' title='bbox 364 3353 524 3422; x_wconf 80' lang='lat' dir='ltr'>humiliata</span> <span class='ocrx_word' id='word_1_178' title='bbox 536 3351 557 3416; x_wconf 79' lang='lat'>⁴.</span> <span class='ocrx_word' id='word_1_179' title='bbox 575 3381 586 3416; x_wconf 79' lang='lat' dir='ltr'>r</span> <span class='ocrx_word' id='word_1_180' title='bbox 600 3353 656 3418; x_wconf 83' lang='lat' dir='ltr'>His</span> <span class='ocrx_word' id='word_1_181' title='bbox 671 3366 879 3418; x_wconf 85' lang='lat' dir='ltr'>consentanee</span> <span class='ocrx_word' id='word_1_182' title='bbox 895 3353 1071 3420; x_wconf 88' lang='lat' dir='ltr'>Timooles:</span> 
     </span>
    </p>
   </div>
   <div class='ocr_carea' id='block_1_7' title="bbox 414 3497 1000 3575">
    <p class='ocr_par' dir='ltr' id='par_1_8' title="bbox 414 3497 1000 3575">
     <span class='ocr_line' id='line_1_29' title="bbox 414 3497 1000 3575; baseline -0.002 -19"><span class='ocrx_word' id='word_1_183' title='bbox 414 3503 495 3556; x_wconf 82' lang='lat' dir='ltr'>Urna</span> <span class='ocrx_word' id='word_1_184' title='bbox 507 3509 637 3573; x_wconf 88' lang='lat' dir='ltr'>repostos</span> <span class='ocrx_word' id='word_1_185' title='bbox 652 3497 767 3575; x_wconf 84' lang='lat' dir='ltr'>respicit</span> <span class='ocrx_word' id='word_1_186' title='bbox 781 3497 902 3556; x_wconf 89' lang='lat' dir='ltr'>clemens</span> <span class='ocrx_word' id='word_1_187' title='bbox 913 3503 1000 3557; x_wconf 87' lang='lat' dir='ltr'>Deus</span> 
     </span>
    </p>
   </div>
   <div class='ocr_carea' id='block_1_8' title="bbox 338 3612 1238 3724">
    <p class='ocr_par' dir='ltr' id='par_1_9' title="bbox 338 3612 1238 3724">
     <span class='ocr_line' id='line_1_30' title="bbox 338 3612 1238 3724; baseline -0.01 -21"><span class='ocrx_word' id='word_1_188' title='bbox 338 3638 400 3716; x_wconf 90' lang='lat' dir='ltr'>Qui</span> <span class='ocrx_word' id='word_1_189' title='bbox 414 3658 489 3724; x_wconf 82' lang='lat' dir='ltr'>ergo</span> <span class='ocrx_word' id='word_1_190' title='bbox 508 3635 675 3722; x_wconf 87' lang='lat' dir='ltr'>scriptores</span> <span class='ocrx_word' id='word_1_191' title='bbox 692 3638 823 3704; x_wconf 88' lang='lat' dir='ltr'>deorum</span> <span class='ocrx_word' id='word_1_192' title='bbox 841 3637 1073 3706; x_wconf 86' lang='lat' dir='ltr'>multitudinem</span> <span class='ocrx_word' id='word_1_193' title='bbox 1091 3612 1238 3700; x_wconf 70' lang='lat' dir='ltr'>admiseussll</span> 
     </span>
    </p>
   </div>
   <div class='ocr_carea' id='block_1_9' title="bbox 336 3737 1234 3836">
    <p class='ocr_par' dir='ltr' id='par_1_10' title="bbox 336 3737 1234 3836">
     <span class='ocr_line' id='line_1_31' title="bbox 336 3737 1234 3836; baseline -0.006 -25"><span class='ocrx_word' id='word_1_194' title='bbox 336 3745 377 3811; x_wconf 83' lang='lat' dir='ltr'>ad</span> <span class='ocrx_word' id='word_1_195' title='bbox 390 3742 605 3809; x_wconf 83' lang='lat' dir='ltr'>monarchiam</span> <span class='ocrx_word' id='word_1_196' title='bbox 622 3744 828 3820; x_wconf 85' lang='lat' dir='ltr'>devenerunt;</span> <span class='ocrx_word' id='word_1_197' title='bbox 821 3759 879 3812; x_wconf 89' lang='lat' dir='ltr'>·et</span> <span class='ocrx_word' id='word_1_198' title='bbox 890 3771 943 3836; x_wconf 81' lang='lat' dir='ltr'>qur</span> <span class='ocrx_word' id='word_1_199' title='bbox 935 3748 1104 3835; x_wconf 88' lang='lat' dir='ltr'>judicium</span> <span class='ocrx_word' id='word_1_200' title='bbox 1116 3737 1234 3825; x_wconf 66' lang='lat' dir='ltr'>neganti</span> 
     </span>
    </p>
   </div>
   <div class='ocr_carea' id='block_1_10' title="bbox 368 3875 1232 3986">
    <p class='ocr_par' dir='ltr' id='par_1_11' title="bbox 368 3875 1232 3986">
     <span class='ocr_line' id='line_1_32' title="bbox 368 3875 1232 3986; baseline 0.005 -46"><span class='ocrx_word' id='word_1_201' title='bbox 368 3875 1232 3986; x_wconf 51' lang='lat' dir='ltr'>¹uatacu.1v,1-2Essi.m,2aet50--.⁸Prprnat&#39;Pul</span> 
     </span>
    </p>
   </div>
   <div class='ocr_carea' id='block_1_11' title="bbox 0 0 1312 4620">
    <p class='ocr_par' dir='ltr' id='par_1_12' title="bbox 0 0 1312 4620">
     <span class='ocr_line' id='line_1_33' title="bbox 0 0 1312 4620; baseline 0 1"><span class='ocrx_word' id='word_1_202' title='bbox 0 0 1312 4620; x_wconf 95' lang='lat' dir='ltr'> </span> 
     </span>
    </p>
   </div>
  </div>
 </body>
</html>
