2688 4626
445 295 598 349 trouoora
623 291 728 347 rarat.
1041 276 1102 348 225

73 415 191 503 injuriis
213 413 410 506 perferendis
433 413 514 480 mira
527 411 700 502 patientia,
720 409 771 476 vat
797 408 968 499 exploratis
993 413 1105 478 eorum

73 525 210 591 moribus
225 525 420 614 quibuscum
438 521 684 590 contrahebant.
698 519 747 586 Ne
758 533 867 586 autem
882 520 1025 610 juremus
1035 529 1107 588 om-

71 633 158 709 niuo,
175 644 324 722 atque'ut
342 655 418 700 vera
441 654 569 720 semper
583 627 766 716 loquamur,
781 628 829 696 sic
844 630 1018 720 pracepit:
1035 656 1048 692 a
1063 629 1110 698 No

69 769 81 804 a
98 743 212 830 juratis
227 744 372 818 omnino,
392 741 449 808 aad
470 741 511 807 sit
531 750 676 805 vestrum
690 739 759 815 Est,
776 750 843 811 esta
863 750 897 804 et
913 737 997 816 Non,
1017 759 1106 806 uon:

70 852 190 938 »quod
208 863 316 918 autam
336 851 386 918 bia
407 847 620 916 abundantius
645 856 706 923 est,
729 869 748 911 a
770 843 856 911 malo
873 845 952 911 est¹t
975 846 1111 912 »Deum

70 981 171 1047 porro
186 956 289 1024 scium
304 955 472 1024 colendum
482 977 562 1032 esse,
578 955 621 1021 ita
636 952 746 1028 suasit,
760 951 892 1018 dicens:
911 953 1109 1022 iMarimum

69 1068 288 1133 »mandatum
308 1077 356 1132 est
376 1064 575 1132 :Dominum
597 1063 703 1128 Deum
720 1073 815 1128 tuum
835 1062 994 1162 adorabis,
1011 1075 1109 1154 atque

67 1173 190 1260 »ilium
205 1173 309 1242 solum
325 1173 410 1242 coles
424 1186 542 1241 extoto
553 1171 734 1250 cordetuo,
746 1183 780 1239 et
792 1183 908 1239 extota
920 1171 1108 1262 fortitudine

67 1315 82 1350 a
97 1297 151 1352 tua
164 1309 173 1350 ε
187 1283 360 1352 Dominum
375 1285 480 1351 Deum
495 1297 599 1360 tuum,
616 1283 671 1372 qui
686 1282 763 1351 fecit
778 1281 842 1348 ω’.
857 1285 924 1350 »Et
935 1285 1109 1353 accedente

68 1395 198 1460 adeum
213 1395 365 1482 quodam,
385 1406 480 1483 atquo
499 1394 639 1469 dicente,
655 1393 818 1484 Magister
837 1391 931 1469 bone,
946 1395 1111 1482 respondit

66 1503 235 1592 inquiens:
250 1501 355 1570 Nemo
366 1503 481 1579 bonus,
492 1517 718 1593 praeterquam
728 1501 816 1568 sotus
829 1487 950 1578 Dbur',
962 1503 1017 1591 qut
1030 1521 1109 1570 con*
1147 1512 1150 1518 '

67 1611 149 1676 didit
156 1612 272 1678 omnia
284 1612 349 1691 Qui
360 1623 470 1678 autem
485 1633 552 1681 nou
563 1612 609 1677 ita
619 1611 863 1700 comperiuntur
874 1611 980 1677 vivere
999 1634 1110 1701 quem-

68 1719 246 1786 admodum
260 1719 383 1797 docuit‚
403 1741 460 1786 eos
471 1743 529 1810 pro
545 1732 635 1786 certo
651 1731 776 1785 constet
795 1742 860 1786 uon
876 1743 946 1785 esse
961 1721 1111 1788 Christia·
1148 1767 1154 1781 ·

70 1851 144 1906 nos,
163 1829 308 1917 qumvis
330 1827 440 1916 lingua
458 1825 669 1920 pronuntient
690 1827 809 1893 Christi
827 1828 1015 1896 doctrinam.
1041 1830 1112 1899 Nou

71 1939 162 2003 enim
176 1959 231 2003 eos
245 1937 301 2024 qui
316 1936 537 2003 tautummodo
553 1936 678 2011 dicunt,
696 1936 751 2002 sed
765 1935 821 2024 qui
842 1935 924 2004 sacta
940 1939 1036 2004 etiam
1053 1963 1111 2006 ex-

72 2045 203 2122 hibent,
219 2044 320 2112 salvos
334 2067 402 2110 esse
418 2044 541 2111 futuros
558 2045 647 2112 dixit.
662 2042 716 2110 Sic
726 2043 812 2109 enim
823 2045 867 2110 ait
880 2069 889 2111 ε
902 2071 915 2106 r
926 2046 996 2113 Non
1008 2049 1112 2114 omnis

69 2183 83 2218 s
98 2156 156 2243 qui
172 2154 250 2222 dicit
265 2153 358 2230 mihi,
372 2153 521 2231 Dumium
536 2153 685 2228 Domine
698 2151 841 2220 introibit
857 2153 891 2220 in
903 2177 1038 2245 regnum
1049 2179 1113 2224 coa-

68 2262 231 2346 »lorum
250 2262 308 2328 sed
322 2262 377 2348 qui
392 2259 678 2328 facit'voiuntatem
696 2260 797 2328 Patris
816 2263 880 2329 mei
896 2265 950 2351 qui
968 2266 1001 2332 in
1021 2265 1109 2335 coelis

69 2401 82 2434 a
98 2370 179 2438 θεῖ’.
199 2370 280 2438 Nam
296 2371 350 2459 qui
365 2390 418 2435 me
432 2370 534 2446 audit,
547 2383 579 2436 at
594 2385 665 2460 quae'
677 2370 751 2437 dico
762 2369 851 2447 facit,
864 2396 939 2438 eum
954 2376 1044 2442 audit
1055 2378 1110 2465 qui

67 2481 185 2547 »misit
203 2479 286 2545 mc⁶.
308 2476 464 2544 Permulti
484 2492 591 2546 autom
607 2478 715 2547 dicent
737 2480 816 2546 mihi
835 2503 844 2546 τ
864 2481 1015 2561 Domine,
1039 2486 1108 2552 Do-

69 2618 83 2650 »
101 2589 201 2664 mine,
214 2609 321 2654 nonne
331 2577 365 2653 in
377 2587 507 2652 nomine
518 2599 574 2653 tuo
586 2587 710 2654 edimus
721 2599 754 2653 et
764 2588 917 2668 bibimus,
930 2604 964 2657 et
978 2593 1110 2661 virtutes

67 2729 81 2761 ι
98 2697 347 2790 praestitimus'?
357 2697 399 2763 Et
410 2711 488 2765 tuuc
502 2699 665 2766 dicameia
678 2700 858 2768 :Discedite
871 2726 954 2770 amo
966 2707 1020 2793 qui
1033 2729 1112 2796 opo-

68 2837 81 2872 a
98 2808 214 2874 ramini
224 2807 426 2896 iniquitatem
434 2804 457 2872 ⁷.
470 2805 519 2872 tbi
532 2818 601 2874 tum
611 2806 706 2874 fletus
714 2809 775 2873 erit
786 2821 819 2874 et
831 2811 949 2875 stridor
955 2813 1111 2891 dentium,

68 2945 82 2978 a
98 2939 175 2984 cum
190 2917 267 3006 justi
282 2915 413 3004 quidem
428 2927 465 2980 ut
480 2915 528 2981 sol
542 2914 725 3006 fulgebunt,
742 2918 853 3005 injusti
868 2931 976 2986 autem
987 2924 1114 2991 mitten-

68 3057 81 3088 »
97 3038 154 3092 tur
171 3027 325 3116 inignem
341 3023 602 3114 sempiternum'.
623 3024 716 3091 Multi
733 3027 891 3115 siquidem
907 3032 1035 3099 venient
1051 3037 1112 3100 sub

69 3166 83 3199 a
101 3135 235 3202 nomina
248 3157 334 3210 meo,
350 3135 551 3200 extrinsecus
562 3135 671 3200 ovium
682 3133 822 3224 pellibus
838 3137 954 3216 induti,
971 3163 1046 3208 cum
1059 3145 1113 3209 in-

70 3272 84 3305 »
102 3243 261 3308 trinsecus
275 3239 343 3328 lupi
364 3241 426 3306 sint
443 3263 583 3332 rapaces.
606 3243 655 3310 Ex
676 3245 826 3333 operibus
844 3268 960 3313 eorum
974 3272 1112 3339 coguos-

69 3383 83 3418 ι
103 3350 187 3419 cetis
203 3347 283 3415 ilios.
309 3346 421 3414 Omnis
437 3363 544 3416 autem
563 3352 660 3430 arbor
675 3375 740 3420 non
762 3353 885 3432 iaciens
896 3356 1038 3423 fructum
1054 3361 1114 3426 bo-

70 3485 198 3538 »num,
215 3457 386 3535 exciditur,
403 3470 436 3523 et
453 3460 607 3549 inignem
626 3463 833 3551 conjicitur⁰.
851 3493 865 3528 a
882 3465 1042 3534 Caeterum
1060 3473 1114 3559 qui
1229 3526 1233 3531 .

72 3598 139 3643 non
156 3581 373 3641 consentanee
388 3571 555 3660 praeceptis
570 3569 653 3636 illius
672 3571 795 3650 vivunt,
813 3595 852 3641 ac
875 3577 1004 3644 nomine
1022 3592 1113 3649 tenus

106 3743 219 3794 ¹ttauh.
232 3759 256 3806 v,
269 3743 311 3802 bd,
322 3741 362 3808 57.
375 3769 407 3780 -
417 3740 515 3792 ²biarc.
528 3756 574 3802 nr,
588 3742 628 3792 30.
639 3769 670 3780 -
680 3741 791 3796 ⁸tttauh.
802 3760 854 3808 m,
867 3747 904 3808 16,
917 3763 952 3815 17.
965 3778 995 3789 —
1005 3751 1111 3805 ‘Matuta

71 3849 121 3891 ru,
133 3846 172 3880 ar.
187 3828 235 3868 -ὓ
246 3829 339 3880 biatth.
352 3840 397 3890 vn,
410 3828 449 3888 ad.
460 3827 510 3866 -θ
522 3829 613 3880 biattb.
623 3845 668 3890 vu,
679 3847 717 3882 aa.
726 3829 774 3868 -7
784 3831 842 3884 buc.
857 3848 911 3895 xnr,
920 3835 995 3885 26.-
1005 3837 1113 3890 'Mattin

72 3935 130 3976 rara,
141 3917 183 3975 da.
195 3913 350 3965 -tttattta
365 3930 411 3976 vu,
427 3915 466 3975 1⁵,
482 3912 520 3974 16,
537 3929 573 3978 ¹9·

164 4022 185 4064 r.
749 4061 752 4068 .
899 4007 936 4069 15
