2710 4662
221 225 280 308 134
399 247 408 260 ·
577 256 688 300 saecri
712 255 881 298 ιοιιιιιιιι

213 381 288 422 rum
306 382 462 432 errorcm;
482 361 646 426 credentes
663 361 695 425 in
710 384 785 426 aum
802 362 878 448 «qui
894 362 1057 426 suscitavit
1072 360 1278 428 Dominum

216 498 229 530 ι
243 481 388 536 nostrum
398 469 510 536 «lesum
518 469 710 536 Christum
723 471 869 546 mortuis,
880 481 914 536 et
924 471 1012 538 dedit
1023 472 1054 537 ei
1065 469 1271 561 gloriam¹s

215 602 254 645 ac
268 579 376 646 sedem
391 579 433 644 ad
449 580 612 646 dexteram
626 601 716 645 suam
729 602 738 644 ι
753 579 805 646 cui
817 580 959 670 subjecta
975 593 1050 646 sunt
1064 581 1194 647 omnia
1209 603 1280 648 οω-

215 684 304 754 iestia
327 701 360 754 et
381 687 584 756 terrestrir²:
603 689 655 756 cui
675 689 780 754 omnis
794 679 922 776 spiritus
938 690 1033 756 servit
1050 713 1060 755 :
1084 690 1147 778 qui
1178 689 1278 754 venit

214 794 312 881 judex
335 795 479 862 vivorum
492 807 526 862 et
543 809 766 863 mortuorum:
788 798 880 885 eujus
898 785 1089 887 sanguinum
1108 799 1274 887 requiret

215 902 302 970 Deus
313 903 353 969 ab
370 902 407 970 iis
423 903 476 993 qui
488 927 553 970 uon
569 904 705 972 credunt
719 905 753 972 in
767 902 868 970 illum.
883 905 914 971 is
925 927 998 970 vero
1013 905 1068 992 qui
1086 905 1274 972 suscitavit

214 1011 319 1100 ipsum
333 1035 352 1076 a
368 1014 514 1088 mortuis,
532 1027 566 1078 et
579 1037 638 1080 nos
657 1014 834 1089 suscitabit,
849 1014 874 1078 si
890 1013 1059 1080 fecerimus
1075 1014 1190 1102 ipsius
1208 1039 1264 1082 vo

214 1117 383 1197 luntatem,
405 1133 438 1186 et
456 1120 723 1190 ambulaverimus
742 1123 776 1189 in
798 1121 954 1189 mandatis
975 1122 1058 1210 ejus,
1083 1136 1193 1211 atque
1215 1124 1266 1190 di-

213 1228 382 1296 lexerimus
398 1252 435 1295 ea
453 1253 524 1319 quae
544 1230 680 1298 dilexit':
698 1231 892 1298 abstinentes
909 1232 949 1297 ab
970 1231 1058 1297 omni
1079 1233 1263 1320 injustitia,

214 1337 423 1416 fraudatione,
439 1339 582 1415 avaritia,
599 1341 843 1415 obtrectatione,
855 1337 933 1406 salso
944 1340 1153 1408 testimonio:
1166 1368 1183 1402 ι
1193 1367 1259 1410 non

214 1447 411 1516 »reddentes
427 1447 548 1514 malum
563 1472 621 1537 pro
637 1446 734 1525 maio,
758 1470 819 1514 nee
837 1447 1044 1517 maledictum
1065 1475 1130 1540 pro
1152 1451 1257 1519 maie·

214 1587 227 1620 s
244 1557 330 1624 dicto
338 1557 363 1633 ¹,
376 1587 390 1620 r
406 1581 466 1626 nee
476 1581 619 1648 pugnum
635 1579 693 1646 pro
704 1579 826 1648 pugno,
838 1551 899 1626 nec
913 1559 1183 1648 imprecationem
1192 1585 1252 1650 pro

214 1667 464 1756 imprecatione:
488 1689 646 1733 memores
660 1678 769 1732 autem
783 1690 895 1734 eorum
909 1691 980 1756 quae
996 1668 1078 1734 dixit
1095 1669 1244 1736 Domitius

216 1775 356 1844 doeens:
374 1774 503 1843 «Nolite
517 1776 674 1864 judicare,
690 1799 731 1842 ns
749 1776 950 1864 judiceminu
968 1775 1138 1855 dimittite,
1149 1777 1232 1844 eds

214 1885 388 1952 »mittetur
406 1883 539 1952 vobis⁴t
558 1884 791 1960 miseremini,
808 1895 844 1949 ut
867 1884 1124 1953 misericerdiam
1140 1910 1240 1954 muse·

216 1994 394 2084 quamini.«
412 1995 448 2062 ln
469 2015 531 2082 qua
546 2017 695 2091 mensura
711 1994 811 2060 mensi
827 1993 961 2070 fueritis,
981 1997 1175 2062 remetietur
1194 2019 1248 2063 ro-

216 2134 229 2166 »
243 2105 311 2172 bis‘
319 2129 329 2179 t
341 2117 412 2170 set:
426 2104 535 2171 «Beati
543 2104 812 2194 pauperes3etqui
820 2104 1076 2193 persecutionem
1083 2108 1251 2194 patiuntur

216 2243 229 2276 s
245 2225 375 2303 propter
389 2213 543 2301 justitiam
556 2237 565 2279 t
583 2214 734 2302 quoniam
751 2213 893 2303 ipsorum
907 2226 955 2280 est
969 2236 1106 2304 regumn
1117 2215 1181 2282 Dei
1191 2215 1241 2281 ’.ι

258 2322 315 2388 111.
331 2322 418 2397 ttaee,
436 2321 561 2400 iratres,
581 2345 646 2388 non
664 2321 750 2409 quod
766 2321 844 2389 mihi
859 2343 1017 2411 arrogem,
1035 2321 1147 2388 scribo
1163 2323 1249 2390 robis

217 2435 256 2500 de
271 2432 410 2522 justitia:
429 2431 486 2500 sed
501 2432 575 2522 quia
590 2457 645 2500 vos
661 2432 855 2521 provocastis
870 2457 931 2500 me.
947 2431 1056 2521 Neque
1070 2432 1161 2500 enim
1174 2458 1247 2525 ege,

216 2567 320 2633 neque
331 2543 411 2611 alius
421 2544 485 2611 mei
497 2541 620 2620 similis,
632 2544 755 2633 assequi
767 2549 871 2633 potest
881 2544 965 2610 beati
976 2554 1008 2607 et
1016 2541 1146 2632 gloriosi
1156 2543 1245 2610 Pauii

215 2655 422 2744 sapientiam:
437 2653 490 2741 qui
504 2675 578 2721 cum
589 2665 671 2719 esset
682 2652 768 2742 apud
780 2675 835 2718 vos
846 2652 878 2718 in
890 2663 1063 2740 conspectu
1078 2650 1237 2718 hominrnn

216 2764 270 2853 qui
284 2777 362 2831 tunc
373 2764 532 2838 vivebant,
544 2761 684 2852 perfecte
695 2785 734 2829 ac
745 2762 878 2828 firmiter
894 2761 1001 2828 docuit
1015 2759 1236 2827 verbumreri-

215 2872 308 2937 tatis:
327 2873 382 2958 qui
402 2883 435 2936 et
450 2872 564 2937 absens
578 2869 668 2936 robis
687 2870 812 2958 scripsit
826 2869 988 2959 epistolam
1009 2870 1139 2957 inques
1155 2871 1182 2936 si
1196 2871 1246 2936 in·
1348 2883 1351 2936 ,¹

214 2979 378 3054 tueamini,
392 2977 542 3044 aediiicari
557 2978 701 3067 poteritis
713 2978 746 3043 in
757 2975 820 3042 fide
832 2999 902 3065 quae
914 2977 984 3043 data
995 2989 1044 3044 est
1061 2979 1168 3055 vobis,
1180 3001 1246 3067 que
1349 2959 1350 2973 ¹

215 3099 262 3152 est
277 3097 379 3154 mater
398 3086 541 3152 omnium
558 3099 716 3162 nostrum,
732 3087 943 3173 subsequente
959 3107 1026 3174 spe,
1043 3087 1250 3175 praecedente
1349 3173 1350 3176 Ἴ

215 3195 368 3264 charitate
389 3195 422 3261 in
437 3194 554 3270 Deum,
575 3195 607 3262 in
623 3195 798 3270 Christum,
818 3205 851 3260 et
866 3195 899 3260 in
918 3194 1110 3282 proximum
1124 3193 1160 3260 Si
1180 3195 1250 3284 quis

214 3309 299 3375 enim
309 3307 392 3373 intra
403 3305 473 3371 haec
484 3303 591 3378 suerit,
600 3303 787 3370 mandatum
799 3303 924 3392 justitiae
936 3301 1088 3391 implevit.
1098 3301 1185 3369 Nam
1198 3303 1252 3392 qui

213 3419 310 3484 habet
324 3415 524 3489 charitatem,
541 3411 633 3501 longe
650 3425 698 3478 est
714 3415 753 3477 ab
770 3413 857 3477 omni
874 3409 1016 3501 peccato.

257 3523 309 3590 lv.
327 3523 522 3613 Principium
535 3532 641 3587 autem
653 3521 796 3586 omnium
812 3518 970 3586 maiorum
981 3531 1028 3585 est
1040 3520 1186 3588 hebendi
1198 3545 1253 3589 eu·

212 3631 326 3718 piditas
335 3628 357 3694 ⁷.
372 3630 515 3698 Scientes
530 3653 606 3720 ergo
618 3630 704 3719 quod
714 3629 803 3696 ntttt
812 3629 987 3696 intulimus
998 3629 1035 3694 in
1046 3627 1138 3696 burto
1146 3654 1252 3698 mun-

244 3778 253 3810 ¹
268 3794 275 3825 ι
288 3777 343 3828 Pet.
357 3797 375 3838 ι,
389 3795 428 3828 ar.
440 3807 470 3816 -
480 3779 491 3812 ²
502 3779 610 3844 Philipp.
622 3797 651 3839 rr,
665 3795 701 3829 ιο.
712 3776 760 3816 -⁸
772 3778 847 3836 [Pet.
861 3797 899 3840 ιιι,
910 3795 933 3842 9.
942 3776 989 3817 -·Ι
999 3777 1075 3828 Matr.
1088 3794 1136 3838 ιιι,
1150 3795 1172 3837 ις
1184 3779 1249 3829 Luc.

211 3879 245 3927 ιι,
257 3862 297 3928 37.
312 3863 362 3902 -ὗ
374 3864 448 3913 Mau.
460 3879 485 3924 ι,
497 3863 520 3924 3,
536 3880 575 3913 ιο.
586 3891 617 3904 —-
627 3864 708 3940 “Luc.
724 3879 758 3926 ιι,
773 3881 813 3914 ιο.
825 3861 875 3901 -7
889 3878 898 3912 ι
912 3861 980 3913 Τίιιι.
994 3877 1029 3922 ιι,
1045 3877 1081 3911 ιο.
1116 3883 1120 3888 ·
