2688 4626
264 453 580 612 nru'snmu
617 517 887 643 suarim

350 783 447 860 PRO
472 695 794 862 CHRlSTlANIS

145 1008 616 1128 Araneola
682 1005 994 1136 aalma,
1167 960 1237 1004 ”

339 1307 395 1378 an
415 1303 660 1378 aurorum
680 1265 790 1384 riou.

406 1541 733 1590 ωψ-

92 1745 117 1810 Ι.
137 1745 338 1818 luraaarom
353 1747 425 1815 Tito
442 1747 527 1817 lElio
542 1748 683 1817 Adriano
698 1746 858 1816 Antonino
871 1739 928 1810 Pio
944 1743 1084 1832 linguato

53 1851 183 1932 Caeaari,
200 1869 235 1922 et
250 1855 426 1924 verissimo
441 1857 507 1924 lilio
523 1856 724 1946 philosopho,
736 1867 768 1922 at
783 1853 882 1924 Lucio
898 1849 1085 1942 philosopho

52 1961 187 2033 Caeaaria
203 1975 321 2030 natura
333 1963 412 2041 lilio,
430 1964 766 2053 Piiautcmadoptiro,
778 1963 929 2030 doctrinae
941 1959 1084 2033 amatori,
1152 1991 1154 2000 ι
1253 1981 1256 1988 ·

50 2093 209 2160 sacroque
224 2075 365 2150 senatui,
383 2087 415 2140 et
437 2076 581 2145 universo
595 2074 712 2164 populo
726 2054 883 2149 Romano,
901 2096 960 2162 pro
977 2070 1014 2138 iia
1029 2069 1083 2158 qui
1112 2075 1123 2170 )

50 2203 89 2246 ax
104 2182 195 2248 omni
209 2182 382 2252 hominum
402 2207 518 2273 genera
537 2185 640 2260 vocati
660 2197 776 2272 preter
790 2207 916 2270 aequum
930 2181 1003 2248 odio
1022 2179 1083 2246 ha·
1126 2189 1140 2204 ·

50 2289 166 2356 bantur
182 2302 215 2356 et
241 2303 408 2367 vexantur,
423 2291 568 2360 lustinus
583 2292 682 2362 Prisci
701 2289 796 2366 liliua,
817 2288 947 2356 Bacchii
969 2311 1080 2376 napos,

51 2393 162 2465 Flaviae
173 2397 325 2487 Neapolis
341 2400 374 2468 in
386 2399 478 2487 Syria
491 2399 654 2470 Palestinae
669 2401 800 2484 civium,
811 2422 892 2464 unus
903 2421 942 2465 ex
953 2396 1080 2468 illorum

54 2527 196 2584 numero,
214 2508 395 2578 orationem
409 2522 442 2576 et
453 2510 715 2602 supplicationem
730 2509 913 2598 conscripsi.
1002 2579 1007 2589 ,

93 2613 133 2680 ll.
155 2615 339 2690 Praescribit
353 2619 453 2696 ratio,
472 2622 577 2710 utqui
596 2643 668 2686 rere
686 2620 728 2708 pii
746 2631 780 2685 at
795 2617 975 2708 philosophi
993 2629 1080 2694 aunt,

50 2746 156 2794 verum
177 2729 279 2798 unice
297 2727 403 2798 colant
418 2743 452 2797 at
468 2730 613 2821 diligant,
635 2745 816 2801 recnmtea
835 2730 995 2816 majorum
1012 2727 1082 2814 opi·
1158 2804 1161 2812 ,

51 2833 156 2904 nionoa
166 2839 277 2928 aequi,
293 2839 318 2906 ai
328 2863 431 2928 pravae
442 2841 515 2906 sint.
534 2841 644 2930 Neque
654 2842 741 2911 anim
752 2841 785 2906 id
799 2838 904 2912 colum
916 2858 991 2902 sana
1002 2837 1081 2900 ratio

51 2947 207 3044 precipit,
222 2959 259 3012 ut
269 2971 309 3014 ne
320 2971 553 3039 eoasequamur
565 2952 619 3040 qni
632 2952 750 3038 injuste
761 2948 838 3036 quid
849 2947 952 3017 secare
962 2956 1017 3012 unt
1029 2945 1082 3012 do

51 3077 164 3128 oneret
179 3057 242 3122 aad
255 3060 384 3125 omnino
399 3057 448 3126 vel
458 3082 525 3148 pre
535 3083 590 3126 rua
602 3060 698 3148 ipaiua
710 3059 827 3133 anima,
839 3056 976 3122 veritatis
991 3077 1076 3122 ama·

53 3161 137 3234 tori,
153 3163 296 3247 quamvis
310 3188 395 3232 mora
415 3166 601 3243 intentator,
619 3166 821 3234 statuendum
845 3177 878 3231 ct
900 3161 1081 3253 eligendum

52 3282 115 3344 est,
133 3281 171 3336 ut
183 3291 274 3356 aequa
293 3270 376 3338 dicat
392 3287 425 3339 ct
442 3275 545 3342 facim.
560 3277 658 3356 Quod
678 3277 774 3367 igitur
792 3276 836 3364 pii
854 3287 887 3343 at
901 3270 1080 3362 philoaoplai

54 3375 275 3466 appellamini,
288 3390 320 3448 et
330 3381 454 3468 justitiae
466 3386 623 3461 custodat,
636 3409 675 3452 ac
684 3385 837 3452 doctrinae
845 3393 1004 3476 amatore·
1016 3380 1083 3472 nbi·

55 3510 116 3574 quc
133 3487 264 3562 auditis,
283 3501 392 3556 utrum
405 3491 483 3559 talea
496 3494 562 3562 aitis
580 3495 858 3562 demonstrabitur.
873 3490 984 3577 Neque
996 3491 1080 3558 enim

55 3614 91 3656 ea
109 3597 447 3672 mente.acoeaaimna,
467 3612 504 3664 nt
521 3601 608 3665 robis
624 3601 686 3668 hoo
704 3600 821 3689 scripto
838 3609 1076 3676 aarontarcmur,

56 3702 161 3770 autad
175 3704 310 3793 gratiam
324 3701 573 3794 alloqueremur,
590 3709 646 3776 aad
658 3722 692 3774 ut
708 3707 934 3798 postularemus
945 3709 1075 3800 utjudi-

55 3811 141 3876 cium
158 3812 199 3882 ad
221 3828 403 3882 accuratam
418 3829 451 3883 at
467 3817 648 3908 diligentem
667 3821 699 3886 in
718 3819 903 3908 inquirendo
922 3822 1075 3888 rationem
1189 3807 1191 3813 ¹

56 3917 187 3996 faciatis,
204 3946 263 3992 neo
281 3927 450 4016 anticipata
467 3929 627 4018 opinione,
643 3943 698 3997 aut
712 3931 930 4022 superstitiosis
942 3931 1078 4006 homini-
