2772 4620
288 248 352 324 524
585 263 698 310 sinon
720 262 840 310 aaaron
863 265 1019 311 aturrus

285 388 346 453 est,
358 375 391 444 in
408 365 581 440 Christum.
597 373 742 441 Christus
754 375 839 442 enim
850 373 918 442 llex
928 387 962 440 et
972 376 1141 444 Sacerrloa
1157 391 1194 444 et
1205 378 1315 445 Deus
1325 402 1349 441 a.

285 479 883 572 Dominuaetrlngalueetbomoetdm
889 486 1062 560 exercitus,
1073 499 1108 552 et
1118 485 1256 577 lapiset
1270 515 1348 580 pua

284 606 389 668 natue,
404 614 444 657 ao
458 590 562 679 primo
573 591 768 681 perpessioni
783 592 952 668 obnoxius,
968 595 1090 660 deinde
1105 598 1143 661 in
1155 597 1296 663 coelum
1310 625 1347 663 r-

284 701 386 776 diens,
399 713 431 766 et
442 721 552 764 rursus
560 722 635 764 oum
643 698 742 788 gloria
754 702 895 777 veniens,
905 724 943 768 ao
953 725 1095 792 regnum
1105 705 1241 773 habens
1255 721 1336 772 εἰει

283 832 362 876 num
372 809 561 899 praedioatus
572 819 637 882 est3
652 809 923 897 quamadmodum
933 835 973 876 ex
983 815 1147 880 omnibus
1161 815 1344 906 Scriptum·

282 916 477 984 demonstro.
495 915 535 980 Ut
546 927 655 982 autem
667 917 700 981 id
715 917 803 1003 quod
810 917 883 984 dico
895 917 1095 1008 intelligatis,
1108 923 1234 1010 psalmi
1243 927 1341 989 verbu

281 1027 437 1102 recitabo,
458 1039 528 1112 quae
546 1026 593 1092 oio
609 1049 642 1092 se
660 1027 802 1094 habant:
829 1028 937 1094 ‹Deus
952 1030 1122 1117 judicium
1142 1045 1242 1099 tuum
1265 1034 1339 1120 Bag.

282 1167 296 1200 ι
311 1137 365 1214 da,
381 1149 413 1204 et
426 1135 580 1225 justitiam
596 1146 685 1200 tuam
696 1134 762 1200 lilio
772 1134 866 1224 Regis
881 1160 889 1200 ε
902 1136 1047 1223 judicare
1059 1139 1233 1228 populum
1244 1155 1333 1205 tuma

282 1249 343 1314 »in
360 1247 494 1337 justitio,
515 1257 548 1310 et
563 1267 718 1334 pauperes
738 1255 807 1310 tuos
826 1245 859 1310 in
875 1245 1006 1333 judicio.
1025 1247 1229 1338 suscipiant
1243 1275 1334 1316 mon-

282 1385 295 1421 i
310 1370 358 1423 tes
368 1377 482 1444 paoem
497 1351 629 1443 populo,
642 1367 675 1418 et
689 1350 786 1419 eolles
800 1343 962 1439 justitium.
981 1355 1164 1423 «Iudicabit
1181 1384 1324 1448 paupe-r:-

281 1495 294 1529 ι
308 1463 430 1555 populi,
446 1475 478 1528 et
494 1460 595 1527 salvos
608 1459 704 1526 laniet
718 1458 801 1526 filios
814 1483 1003 1549 pauperum,
1019 1475 1054 1531 at
1068 1466 1265 1535 humiliabit
1278 1493 1321 1533 α-

280 1570 554 1638 »linnniatoremz
576 1577 609 1630 et
626 1566 827 1653 permanebit
840 1589 916 1632 eum
931 1566 996 1633 solo
1014 1581 1049 1636 et
1069 1585 1160 1640 ante
1178 1574 1310 1641 lemnia

280 1678 527 1770 »generationes
537 1674 789 1764 generationum.
808 1672 988 1742 Descendet
999 1678 1085 1746 sicut
1099 1679 1298 1770 pluvia'nnl-

278 1820 292 1852 ι
306 1787 368 1865 lus,
384 1801 416 1854 et
429 1787 514 1854 siout
527 1783 610 1850 stilla
624 1781 784 1850 destillans
796 1807 892 1874 super
902 1798 1029 1852 terram.
1051 1788 1205 1858 Orietur
1219 1793 1293 1860 iria

279 1900 367 1964 »bus
388 1897 459 1986 ejua
479 1892 613 1981 justitia,
635 1903 668 1956 et
690 1892 883 1958 abundantia
907 1895 1005 1983 pacis,
1030 1896 1147 1967 donec
1171 1903 1308 1968 anferatur

279 2007 393 2074 iluna.
415 2005 456 2070 Et
471 2000 688 2070 dominabitur
702 2024 719 2066 a
735 2003 815 2068 mari
830 2026 930 2093 uaque
944 2004 986 2070 ad
1002 2027 1110 2084 mare,
1135 2024 1173 2078 ot
1191 2037 1211 2078 a
1227 2012 1313 2078 flami

279 2147 291 2180 ι
308 2119 402 2185 nibus
418 2135 518 2204 usqua
534 2112 575 2178 ad
589 2110 742 2177 terminos
758 2111 843 2178 orbis
859 2123 1025 2180 terrerum.
1046 2115 1180 2186 Coram
1196 2121 1313 2210 illopro

278 2231 415 2298 noidant
433 2225 611 2314 AEthiopos‚
633 2233 666 2288 et
684 2223 804 2289 inimici
827 2224 897 2310 ejus
915 2236 1032 2291 terram
1055 2225 1202 2319 lingent.
1230 2233 1316 2319 Reges

277 2337 449 2412 »Tharsis‚
471 2347 504 2400 et
526 2329 637 2399 insulae
658 2354 791 2398 munera
816 2331 979 2398 offerent:
1004 2358 1096 2424 rogeo
1121 2341 1272 2407 Arabum
1290 2355 1315 2404 et

278 2477 291 2511 ι
305 2449 389 2514 Saba
401 2447 486 2513 dona
496 2443 668 2509 adducent.
682 2443 723 2508 Et
734 2441 914 2509 adorabunt
925 2466 999 2509 eum
1010 2468 1126 2513 omnes
1148 2473 1243 2540 reges
1260 2467 1316 2516 ter-

278 2580 361 2633 nae,
378 2569 411 2623 ot
425 2575 536 2621 omnes
551 2564 662 2641 gentes
678 2549 815 2618 servient
829 2551 879 2616 ai:
898 2552 971 2641 quia
986 2552 1139 2652 liberavit
1150 2583 1312 2648 egeam

277 2699 291 2731 ι
305 2677 436 2757 potente
454 2678 486 2732 ot
504 2685 690 2753 pauperem,
713 2660 765 2728 oui
780 2684 845 2728 non
860 2673 928 2728 erat
943 2661 1082 2751 adjutor.
1104 2665 1208 2732 Pareat
1222 2669 1308 2755 inopi

277 2789 337 2846 »ot
348 2777 494 2867 pauperi,
510 2773 676 2840 etenimas
691 2793 868 2860 pauperum
879 2769 978 2838 salem
990 2772 1099 2839 saciet.
1119 2778 1265 2844 Exmura
1275 2790 1307 2842 et

277 2888 469 2975 ,iniquitate
489 2884 626 2949 redimet
647 2881 768 2948 animos
783 2904 896 2948 eorum
911 2905 919 2946 :
942 2892 974 2947 et
993 2883 1190 2953 honorabile
1204 2911 1310 2954 nomen

276 2998 373 3086 »ejus
388 3017 496 3062 eoram
510 2991 581 3061 illis.
604 2993 645 3058 Et
664 2991 758 3064 vivet,
780 3002 812 3055 at
830 2989 960 3056 (labitur
973 2991 1003 3056 ei
1021 2990 1068 3096 (le
1080 3014 1166 3061 auro
1183 2997 1308 3068 Arabia,

276 3137 288 3170 ι
302 3118 336 3172 et
350 3107 488 3172 orabunt
499 3103 539 3168 de
551 3102 620 3189 ipso
632 3121 777 3188 sempor:
797 3108 863 3165 toto
876 3099 927 3164 die
939 3099 1134 3167 benedicent
1146 3107 1193 3171 oi.
1213 3109 1253 3174 Et
1262 3110 1311 3172 erit

276 3248 289 3282 ι
303 3217 542 3284 firmamentum
553 3212 586 3278 in
596 3221 681 3276 terra
697 3233 705 3273 =
724 3231 819 3296 super
831 3231 971 3276 summos
983 3221 1108 3276 montes
1120 3195 1308 3284 extolletur:

276 3352 399 3419 »super
413 3326 571 3394 Libanum
586 3319 709 3386 fructus
725 3319 817 3407 ejus:
836 3331 868 3384 et
884 3317 1045 3387 florebunt
1061 3318 1102 3384 (lo
1117 3322 1305 3402 civitaten}

276 3471 288 3502 n
303 3452 359 3506 eut
369 3438 491 3505 soenum
502 3445 605 3500 terrae.
620 3429 689 3496 Erit
701 3449 818 3496 nomen
830 3429 900 3515 ejus
910 3427 1121 3498 benedictum
1133 3431 1168 3496 in
1182 3435 1310 3502 saecula:

276 3561 378 3616 »ante
398 3545 499 3614 solem
517 3539 718 3632 permanebit
737 3537 950 3626 nomenoius.
974 3538 1014 3605 Et
1032 3537 1279 3613 benedicentur
1292 3549 1315 3611 in

277 3659 372 3746 ripae
394 3677 504 3722 omnes
528 3652 628 3718 tribua
652 3661 769 3716 torrae:
795 3669 912 3736 omnes.¹
928 3656 1036 3735 gentes
1059 3649 1318 3734 magnificabunt

277 3786 389 3831 neum.
407 3760 600 3830 benedictus
616 3757 772 3824 Dominus
786 3755 872 3821 Deus
887 3753 997 3830 lsrael,
1019 3755 1073 3842 qui
1088 3753 1168 3822 facit
1184 3764 1318 3830 mirabi-

278 3873 346 3941 »lia
362 3870 456 3940 solus.
478 3871 520 3936 Et
538 3868 743 3936 benedictum
763 3887 880 3932 nomen
898 3861 1004 3954 gloriae
1022 3865 1091 3952 ejus
1106 3865 1141 3936 iu
1158 3884 1317 3942 aeternum
