2710 4662
234 259 284 326 ‘90
629 259 742 304 annor!
767 260 890 304 lauhun

239 479 987 501 ἪΜΜΜΜΜΜΒἈΜΜΜΜΜΜΜ
991 483 1033 498 Μ
1037 481 1083 498 Μ
1088 479 1291 499 mmu-

547 670 976 760 TRALLIANIS.

245 917 413 1010 lgaatius,
444 921 505 1005 qui
527 936 558 984 et
587 921 615 985 Τ
615 919 807 1007 heophoruc,
836 919 963 984 dilecta
984 918 1057 983 Deo
1081 918 1197 982 Patri
1222 917 1300 982 lm
1349 1007 1350 1010 Ἴ

287 1025 433 1101 Christi,
445 1025 600 1093 Ecclesia
609 1013 733 1094 sanctie
743 1041 869 1113 pumat
879 1024 1050 1092 Trallibus
1057 1025 1174 1100 Asta,
1189 1025 1301 1090 clm

290 1150 321 1200 ct
339 1135 409 1201 Deo
425 1135 550 1226 dignor,
572 1158 688 1223 paoem
708 1134 844 1201 tabenti
857 1135 896 1198 in
913 1153 1013 1198 eom
1025 1149 1057 1198 ct
1074 1133 1256 1223 sanguine
1272 1151 1298 1198 et

291 1244 536 1332 passionalem
550 1243 688 1318 Christi,
704 1245 773 1333 spei
782 1258 917 1316 nouroe,
937 1243 974 1306 in
987 1266 1026 1307 ea
1037 1266 1117 1327 quoe
1133 1243 1176 1306 in
1187 1243 1297 1332 ipsun

294 1356 554 1419 resurrectione:
570 1375 673 1439 quom
688 1368 719 1417 ct
734 1353 842 1418 soluto
858 1351 897 1416 in
908 1350 1136 1439 plenitudine,
1158 1352 1199 1416 in
1210 1349 1292 1439 Apo

292 1462 405 1528 stolieo
421 1460 621 1536 oheraeterc,
642 1476 672 1526 et
686 1476 760 1550 opto
771 1461 958 1550 plurimum
975 1459 1116 1526 advers.

296 1659 321 1724 l.
351 1659 556 1730 houursrsu
577 1671 719 1725 mentem
744 1670 777 1724 et
798 1657 1040 1746 inseparabilem
1063 1659 1100 1724 in
1126 1659 1282 1747 patientia.

255 1768 388 1857 cognovi
402 1768 521 1834 hahere
533 1791 600 1844 vos,
617 1793 681 1836 non
693 1792 766 1844 usu,
779 1767 836 1833 sed
849 1769 1042 1856 proprietate
1057 1792 1065 1833 :
1084 1768 1273 1856 quemadmr

255 1876 333 1942 dnm
349 1875 536 1965 significavit
547 1876 625 1942 mihi
641 1877 807 1965 episcopus
818 1886 921 1941 vester
931 1873 1098 1962 Polybius,
1116 1877 1173 1964 quui
1183 1875 1274 1960 Smyr

243 2006 305 2050 snae
316 1984 429 2060 adluit,
441 2008 499 2074 per
509 1984 704 2089 voluptatem
716 1984 773 2050 Dei
785 1997 818 2049 et
828 1984 905 2050 Jesu
918 1983 1034 2050 Christi
1048 1983 1106 2050 lilii
1119 1986 1151 2074 ej
1156 2009 1209 2058 us;
1226 1983 1283 2072 qui

256 2114 318 2178 que
334 2091 411 2156 mihi
427 2093 547 2168 vincto,
562 2094 687 2158 inlesa
704 2092 843 2168 Christo,
863 2093 909 2157 sic
923 2090 1163 2180 congratulatus
1179 2104 1240 2166 est,
1256 2100 1286 2153 nt

255 2199 434 2265 universam
450 2197 685 2266 multitudinem
701 2211 836 2266 'vestram
855 2200 888 2266 in
906 2222 945 2264 eo
965 2197 1193 2288 contemplatus
1210 2199 1286 2262 sim.

253 2307 421 2395 Excipiens
439 2309 525 2374 enim
543 2331 602 2397 per
621 2309 725 2396 ipsum
745 2332 815 2375 eam
835 2330 905 2396 quse
925 2307 1094 2372 seeundum
1108 2305 1212 2370 Deum
1231 2316 1286 2368 est

255 2415 522 2492 benevolentiam,
542 2415 693 2506 gloriatus
713 2439 796 2492 sum,
817 2416 979 2482 inveniens
997 2439 1061 2490 vos,
1079 2425 1113 2476 ut
1130 2412 1286 2502 cognovi,

224 2514 228 2522 ¹
256 2527 431 2593 imitatores
446 2527 504 2592 Dei
519 2548 597 2591 esse.

302 2635 343 2702 ll.
363 2635 445 2700 Cum
456 2635 543 2700 enim
559 2633 708 2723 episcopo
720 2632 857 2718 subjecti
867 2632 941 2698 estis
953 2643 988 2698 ut
1000 2630 1080 2698 lesu
1093 2631 1224 2706 Christo,
1242 2631 1283 2694 ri-

257 2744 375 2810 dcmini
387 2743 465 2809 mihi
478 2767 545 2808 non
556 2741 733 2808 secundum
747 2739 905 2815 homines,
922 2740 979 2806 sed
989 2741 1169 2808 secundum
1180 2740 1279 2806 team
1349 2750 1351 2801 t

258 2853 421 2918 Christum
431 2853 552 2927 vivere:
571 2851 625 2938 qni
636 2862 766 2939 propter
778 2871 833 2914 vos
845 2859 989 2914 mortuus
1000 2861 1063 2925 est,
1079 2861 1117 2916 ut
1128 2848 1285 2915 credentes

258 2961 292 3028 in
307 2971 444 3025 mortem
459 2961 568 3048 ipsius,
585 2959 666 3024 mori
682 2955 848 3047 effugietis.
868 2956 1091 3050 Necessarium
1109 2958 1219 3044 itaque
1234 2967 1285 3026 est,
1352 3013 1353 3070 p

258 3067 528 3158 quemadmodum
540 3067 654 3143 lenitis,
671 3078 707 3132 nt
726 3067 793 3132 sine
804 3065 953 3154 episcopo
964 3063 1041 3130 nihil
1054 3067 1166 3155 agatis.
1186 3065 1287 3132 Sedet
1350 3071 1352 3120 t

258 3175 455 3268 presbyterio
467 3175 585 3240 subditi
602 3175 681 3250 sitis,
695 3186 730 3239 ut
741 3173 899 3264 Apostolis
911 3174 988 3239 lesu
1000 3171 1134 3250 Christi,
1148 3177 1219 3266 spei
1230 3197 1292 3241 noe

260 3301 332 3362 trae;
358 3288 474 3375 inquo
495 3296 717 3352 conversantes
738 3285 946 3351 inveniamur.
972 3283 1109 3372 Oportet
1131 3285 1293 3352 suismet

260 3398 423 3474 diaconos,
442 3395 667 3484 mysteriorum
680 3394 758 3462 lesu
773 3395 889 3461 Christi
905 3395 1078 3472 ministros,
1094 3399 1188 3462 omni
1205 3395 1293 3464 modo

259 3487 408 3570 omnihus
430 3501 565 3592 placere.
592 3503 662 3570 Non
680 3503 765 3568 enim
785 3503 931 3571 ciborum
949 3516 981 3568 et
1002 3516 1138 3592 potuum
1160 3504 1293 3572 ministri

259 3625 346 3688 sunt,
366 3612 421 3678 sed
439 3611 587 3679 Ecclesiae
603 3613 662 3678 Dei
680 3612 826 3679 ministri.
850 3613 985 3702 Oportet
1001 3613 1097 3702 igitur
1114 3628 1152 3680 ut
1169 3617 1234 3684 sibi
1249 3637 1292 3688 ,ca-

260 3733 386 3790 venata
403 3721 601 3797 criminibus,
617 3734 769 3811 tanquam
784 3723 823 3788 ab
840 3723 921 3811 igne.

302 3828 357 3897 lll.
375 3829 491 3897 Cuncti
503 3828 646 3896 similiter
657 3842 860 3898 revereantur
881 3831 1044 3906 diaconos,
1064 3843 1096 3897 ut
1109 3835 1292 3900 mandatum
1352 3895 1353 3906 ,
