2684 4638
269 277 333 358 546
586 303 699 386 essuri
724 303 837 350 sununs
860 303 922 350 un.
947 306 986 376 ¹¹.¹

258 437 274 488 ,ι
289 429 550 499 cumquemanus
561 421 615 477 tna
629 423 661 478 et
673 410 1188 503 voluntastuapraedestlnnverat
1199 413 1295 480 fiest-

261 516 319 582 Hae
334 539 428 583 voees
443 516 606 594 Ecclesia,
618 541 658 586 ex
673 541 736 607 qua
750 518 863 587 babuit
873 520 978 586 omnis
988 517 1150 588 Ecclesia
1167 519 1297 588 initium:

259 625 309 693 hm
330 627 581 694 voees‘oiritotis
603 649 739 717 magne,
761 628 836 695 novi
854 626 1057 696 Testamenti
1084 629 1218 696 civium
1238 653 1246 693 :
1269 631 1302 697 ln

258 758 351 805 voces
363 736 602 828 Apostolorum,
616 737 666 804 hm
682 759 776 805 voees
791 737 1023 828 discipulorum
1036 739 1199 816 Domini,
1211 763 1301 806 esron

257 847 312 937 qui
324 861 395 936 post
409 848 659 938 assumptionem
673 849 803 916 Domini
814 872 871 938 per
882 848 1042 938 Spiritum
1059 860 1099 915 et
1112 849 1253 939 perlecti
1262 875 1301 916 n·

257 957 417 1034 stiter‘unt,
433 971 466 1026 et
477 956 705 1028 invocaverunt
716 960 821 1027 Deum
837 960 892 1048 qui
902 960 981 1026 lecit
994 958 1129 1026 coelum
1150 973 1189 1025 et
1205 973 1302 1027 terram

256 1077 289 1133 ot
305 1089 409 1144 mere,
422 1069 477 1156 qui
492 1091 551 1159 per
564 1069 738 1158 Prophetas
755 1069 961 1136 annuntiatus
980 1081 1046 1147 est,
1063 1082 1105 1135 et
1121 1071 1201 1158 ejus
1223 1070 1300 1136 Filius

256 1171 362 1250 iesus,
378 1197 474 1263 quem
489 1178 577 1244 unxit
588 1177 687 1255 Deus,
699 1189 731 1244 et
743 1176 879 1244 alterum
889 1189 999 1244 autem
1015 1178 1228 1245 nescientes.
1248 1179 1298 1247 llos

256 1285 342 1349 enim
355 1296 426 1351 erat
440 1285 484 1351 ibi
495 1295 573 1352 tunc
581 1284 780 1362 Valentinus,
793 1307 854 1352 nee
863 1283 1021 1364 Marcion,
1036 1307 1106 1353 nec
1119 1284 1243 1376 reliqui
1253 1289 1293 1362 sui¹

256 1393 305 1460 vel
317 1417 430 1462 eorum
443 1397 496 1484 qui
507 1397 682 1464 assentiunt
693 1397 751 1473 eis,
768 1417 941 1463 eversores.
955 1393 1101 1483 Propter
1113 1396 1212 1484 qnod
1222 1410 1291 1462 ete·

130 1509 132 1518 “
256 1503 375 1570 audivit
385 1529 441 1572 eos
452 1504 554 1573 lector
565 1507 710 1574 omnium
722 1504 818 1572 Deus.
838 1529 853 1565 ι
870 1503 1064 1571 Commotus
1080 1517 1139 1570 est
1152 1507 1289 1581 enimi:-

159 1601 166 1613 ’
257 1614 368 1702 nquit,
392 1611 482 1680 locus
504 1615 537 1680 in
556 1637 620 1702 quo
639 1623 731 1681 erant
744 1610 883 1689 collecti,
904 1623 937 1678 et
955 1609 1073 1700 repleti
1092 1625 1179 1678 sunt
1201 1635 1287 1678 omne·

256 1722 402 1813 »Spiritu
414 1735 537 1800 sancto,
550 1733 583 1790 et
593 1719 806 1811 loquebantur
817 1722 950 1788 verbum
962 1719 1022 1787 Dei
1038 1743 1124 1788 eum
1140 1719 1281 1788 fiducius

256 1832 344 1897 omni
360 1829 478 1899 volenti
496 1830 638 1898 credere.
650 1828 802 1897 «Virtute
815 1828 902 1897 enim
913 1851 1043 1919 magna,
1055 1829 1187 1918 inquit,
1199 1830 1285 1898 redd*

255 1941 360 2006 »bant
375 1931 592 2010 testimouium
603 1935 745 2028 Apostoli
756 1937 997 2006 resurrectionis
1008 1938 1279 2014 nominitant·

256 2045 399 2116 disemos
407 2049 450 2116 sd
459 2071 514 2116 eos
529 2072 537 2114 ε
550 2075 563 2110 ι
574 2047 660 2114 Deus
670 2058 798 2136 patrum
812 2057 997 2113 nostrorum
1007 2047 1169 2114 excitavit
1180 2047 1282 2120 teu,

255 2180 378 2246 »quem
392 2181 447 2226 vos
463 2157 727 2250 apprehendistis,
740 2169 773 2224 et
789 2155 991 2223 interfecistis
1011 2157 1247 2246 suspendentes
1259 2157 1282 2222 ir

254 2265 374 2355 »ligno
395 2268 491 2334 Hunc
502 2269 588 2336 Deus
601 2267 782 2358 Principem
798 2279 831 2334 et
842 2263 1039 2332 salvatorem
1057 2266 1216 2334 exultavit
1230 2266 1280 2358 gls-

253 2374 326 2440 »ria
343 2397 413 2452 sua,
429 2377 503 2444 dare
522 2379 743 2468 poenitentium
758 2375 868 2453 lsrael,
884 2387 918 2444 et
935 2375 1167 2445 remissionem
1184 2401 1280 2470 pects

253 2495 386 2550 storum
405 2509 414 2551 s
431 2497 463 2552 et
483 2509 541 2556 nos
557 2487 589 2553 in
609 2511 647 2553 eo
663 2501 759 2556 testes
779 2509 888 2554 sumus
908 2509 1096 2554 sermonum
1118 2487 1278 2562 luorumst

251 2595 414 2686 »Spiritus
430 2607 571 2671 sanctus,
587 2619 683 2685 quem
699 2597 787 2662 dedit
806 2596 892 2662 Deus
907 2595 1120 2662 credentibus
1138 2599 1182 2663 ei.
1202 2597 1276 2663 ons

253 2727 407 2792 »quoque
423 2701 486 2780 die,
506 2703 621 2792 inquit,
636 2705 670 2769 in
690 2701 810 2794 templo
828 2715 861 2770 et
880 2703 913 2770 in
931 2701 1029 2768 domo
1040 2726 1109 2770 non
1128 2709 1272 2774 senune

251 2811 728 2903 »docentesetevangeliaantes
739 2813 903 2879 Christum
914 2812 1026 2879 desum
1036 2813 1166 2882 Filium
1176 2815 1273 2882 nsit.»
1322 2837 1323 2844 ¹

251 2923 327 2990 llaeo
340 2923 426 2990 enim
440 2933 509 2992 erat
523 2922 630 2990 salutis
646 2921 777 3012 agnitio,
794 2943 865 3012 quae
878 2921 1037 3010 perlectos
1055 2924 1100 2990 ad
1116 2925 1228 2993 Deum
1246 2923 1281 2991 d·

249 3031 318 3098 licit
332 3055 387 3099 eos
401 3033 456 3122 qui
471 3045 670 3124 cognoscunt
681 3031 751 3099 Filii
766 3033 838 3121 ejus
852 3031 1036 3098 adventum.

292 3141 454 3223 Quoniam
477 3153 587 3210 autem
612 3141 816 3231 impudenter
840 3140 971 3230 quidam
999 3165 1116 3209 eorum
1145 3145 1283 3213 dicunt:
1322 3153 1323 3172 ¹

249 3249 344 3341 Apud
359 3250 487 3317 Judaeos
502 3263 720 3340 praeconantes
738 3248 881 3339 Apostoli
902 3272 968 3318 non
988 3263 1140 3340 poterant
1155 3254 1287 3322 alterum

248 3362 294 3428 eis
312 3362 417 3430 Deum
436 3363 637 3439 annuntiare,
655 3373 770 3450 preter
792 3385 868 3428 eum
883 3363 937 3451 qui
957 3363 1099 3430 creditus
1120 3364 1231 3432 luerat
1252 3367 1287 3432 sb
1322 3361 1323 3420 ἶ

248 3471 338 3561 ipsis;
359 3469 493 3539 dicimus
511 3473 552 3537 ad
566 3493 635 3549 eos,
651 3470 802 3560 quoniam
818 3471 844 3538 si
865 3472 1042 3539 secundum
1061 3471 1140 3540 olim
1161 3476 1287 3546 insitum

248 3581 431 3671 opinionem
451 3583 634 3650 hominibus
654 3573 867 3672 loquebantur
889 3581 1047 3674 Apostoli,
1063 3606 1162 3651 nemo
1178 3589 1221 3652 sb
1242 3585 1286 3654 bis

248 3693 397 3781 coguovit
412 3694 589 3771 veritatem,
607 3692 710 3760 multo
724 3706 832 3762 autem
846 3693 967 3782 priuss
989 3693 1147 3768 Dominos
1168 3697 1283 3764 etenim
1322 3769 1323 3802 ,

247 3801 352 3890 ipsum
381 3803 426 3870 sie
452 3801 596 3872 locutum
626 3805 747 3874 dicunt.
773 3804 839 3873 Nec
862 3805 895 3870 hi
923 3827 997 3895 ergo
1026 3805 1085 3894 ipsi
1117 3807 1281 3876 veritatem

281 3941 356 3994 ¹Act.
370 3961 405 4006 tv,
418 3945 443 4005 ul
455 3955 480 3996 ut
492 3963 565 4012 seqq.
574 3947 688 3998 -21u'd,
697 3949 737 3998 δι.
746 3947 792 3987 ,t
801 3947 860 3997 ltid.
872 3945 911 3996 33.
921 3945 1034 3998 -¹Act.
1047 3963 1071 4007 v,
1087 3947 1119 3998 to
1130 3957 1157 3999 et
1167 3965 1241 4014 seqq.
