2630 4614
327 289 365 332 Η
697 291 831 334 nanim
856 291 969 333 Assum

324 419 493 464 nervorum
504 409 535 461 et
545 397 660 461 ossium
675 394 883 484 appositiones
898 418 956 484 per
967 417 998 458 se
1011 393 1069 482 ipss
1078 389 1231 480 quidquod

325 507 425 582 ciunt,
441 507 496 572 sed
510 517 583 571 sunt
598 504 778 570 demonum
792 501 1002 593 improbitatis
1015 499 1176 570 elementum,
1185 499 1233 584 pit

325 617 401 705 quid
416 615 531 682 valeret
545 616 793 704 unumquodque
807 613 933 680 illorum
948 611 1127 678 definierunt
1139 607 1232 672 Ubittto

324 725 432 790 vident
452 724 627 789 consentire
646 724 790 791 homines
810 733 845 788 ut
860 722 917 788 sibi
933 744 994 812 per
1011 743 1060 786 eas
1072 716 1231 784 rosministmc

323 845 401 898 tunc
412 833 666 920 supervenientes
677 831 817 899 efficiunt
828 831 932 898 utsibi
942 831 1082 897 homines
1090 823 1235 899 ouantis·

321 943 418 1010 modo
430 943 516 1010 enim
530 942 700 1010 honestum
714 944 754 1010 sit
765 942 922 1010 adulteriis
935 941 1116 1012 ministrare,
1129 947 1170 999 aut
1179 931 1236 1020 pmi-

321 1075 393 1118 rum
408 1049 522 1118 auxilio
533 1052 640 1118 adosse
655 1051 813 1120 nonnullis
824 1065 858 1118 ut
869 1051 1014 1124 oderint3
1032 1059 1082 1114 aut
1093 1040 1236 1111 meriste

321 1183 393 1226 rum
415 1159 586 1227 attribuero
608 1159 778 1226 furentium
798 1159 996 1227 curationem
1018 1179 1055 1222 ac
1071 1179 1125 1220 non
1141 1149 1236 1217 bodi?

319 1265 405 1333 enim
420 1289 438 1332 a
453 1267 510 1332 Dei
532 1267 620 1333 cultu
634 1268 777 1334 homines
792 1279 949 1342 avertunt,
967 1265 1048 1332 dum
1061 1285 1109 1328 eos
1122 1257 1235 1323 adducmft

319 1374 427 1440 herbis
438 1385 470 1439 ot
481 1375 638 1441 radicibus
647 1375 745 1442 iidem
755 1375 900 1442 babeant.
915 1375 1004 1442 Deus
1015 1383 1126 1444 autem,
1135 1359 1235 1432 sibttd't

318 1482 520 1549 efficiendum
538 1496 674 1550 creasset
688 1485 773 1572 quod
789 1483 971 1550 hominibus
987 1482 1076 1554 libet,
1091 1473 1231 1544 mneos

318 1613 424 1656 rerum
443 1590 546 1680 opifex
563 1603 655 1656 esset.
680 1590 800 1658 Verum
820 1593 886 1680 ipse
908 1591 1016 1658 omnia
1036 1575 1233 1656 honestates

318 1701 452 1773 creavit;
473 1699 529 1765 sed
551 1701 733 1768 dromonum
754 1703 998 1791 intemperantia
1024 1701 1061 1766 iis
1082 1693 1226 1786 quarinum

316 1821 402 1886 sunt,
418 1809 459 1910 ad
473 1809 555 1876 maio
569 1811 726 1900 agendum
739 1813 836 1877 abusa
852 1823 900 1878 est
914 1835 923 1877 ι
939 1830 1114 1898 eorumque
1125 1813 1162 1868 0⁵1
1171 1813 1225 1882 ΜΨ

316 1919 449 2042 species,
466 1943 530 1986 non
547 1917 678 2008 perfecti
696 1920 764 1986 Dei.
788 1920 860 2000 Quo
876 1920 962 1985 enim
981 1931 1079 2010 pacto
1095 1913 1163 1979 virm
1174 1923 1224 1992 apt

315 2027 401 2092 nime
418 2027 477 2092 sim
491 2025 605 2103 malus,
625 2029 687 2094 mei
702 2039 809 2094 autom
824 2027 955 2104 mortui,
975 2023 1057 2093 nibil
1072 2028 1227 2119 agonum*

314 2131 430 2220 iiquiae,
446 2159 516 2223 quae
531 2157 596 2202 non
606 2147 785 2211 moventur,
802 2135 867 2201 imo
880 2157 942 2201 noc
953 2133 1107 2207 sentiunt,
1121 2109 1225 2210 aliquid*i

313 2242 466 2307 sentiatur
485 2241 644 2309 efficiunt?
662 2245 702 2309 Et
723 2243 776 2331 qui
796 2255 899 2308 morte
917 2243 1094 2310 miserrima
1111 2229 1217 2304 mod&ci

312 2351 472 2440 quomodo
487 2353 602 2440 poterit
616 2351 795 2419 adulterius
806 2351 958 2419 ultionem
974 2373 1105 2442 operam
1118 2327 1217 2412 „mis

312 2461 398 2525 enim
412 2460 437 2525 si
453 2459 494 2524 ita
505 2473 598 2537 esset,
615 2461 716 2528 multo
729 2463 828 2551 magis
838 2485 857 2527 a
868 2485 902 2527 se
914 2463 981 2552 ipso
992 2477 1215 2555 proprium
1157 2439 1223 2514 Μ

310 2564 529 2655 propulsaret·
547 2591 621 2635 uam
636 2570 690 2657 qui
705 2593 798 2658 opem
812 2571 908 2635 etiam
924 2569 991 2636 aliis
1004 2571 1089 2636 ferre
1103 2567 1185 2655 potest
1190 2539 1224 2612 ui

310 2677 409 2766 magis
423 2677 470 2741 sui
486 2677 582 2778 ipsius
596 2676 680 2743 ultor
695 2679 765 2744 erit.

351 2769 780 2853 XV111.Medicaudiautom
795 2790 875 2854 ratio
889 2800 921 2854 et
936 2787 1090 2878 quidquid
1100 2805 1132 2849 ea
1141 2767 1228 2844 mnudi

309 2893 452 2980 ejusdem
469 2907 517 2960 est
537 2893 670 2960 artificii.
690 2895 811 2963 Nam
787 2919 812 2961 ιι
828 2896 898 2984 quis
912 2899 1043 2964 materia
1062 2886 1224 2962 curaturem

308 2995 422 3073 fidens,
433 2999 534 3066 multo
546 3003 644 3091 magis
658 3003 856 3069 curabitur
832 3027 857 3069 ss
869 3005 910 3070 ad
920 3006 1069 3073 virtutem
1084 2999 1134 3069 Dei
1145 2977 1223 3064 ΜΨ

308 3105 586 3184 Quemadmodum
608 3112 694 3178 enim
716 3135 751 3202 pu
774 3136 843 3200 quae
863 3125 980 3179 nocent
999 3101 1228 3202 compositiones-*⁸³

307 3212 537 3291 materiales,
513 3241 558 3283 stc
572 3231 604 3283 et
618 3243 687 3308 quae
702 3232 812 3284 sanant
827 3221 970 3310 ejusdem
988 3235 1060 3288 sunt
1081 3217 1218 3286 natum
1196 3195 1232 3271 ii

305 3323 330 3388 si
354 3323 542 3392 deteriorem
566 3329 730 3395 materiam
751 3352 944 3406 recusamus,
967 3355 1047 3422 sepe
1067 3303 1231 3397 nonnuliid1¹⁵

304 3455 360 3521 per
374 3433 463 3501 malae
484 3435 619 3524 alicujus
633 3438 678 3503 rei
694 3461 768 3505 cum
783 3437 842 3504 alia
858 3441 1110 3529 conjunctionem
1123 3413 1230 3499 metim

302 3556 431 3620 nontur,
443 3558 476 3610 et
487 3543 578 3611 malis
592 3546 633 3612 ad
646 3548 767 3612 bonum
783 3549 967 3614 abutuntur.
983 3549 1046 3616 Sed
1057 3519 1231 3682 qucmtdffldg

301 3647 327 3711 is
342 3651 395 3735 qui
412 3673 486 3718 cum
503 3652 623 3721 latrone
634 3657 781 3732 coenavit
794 3657 915 3723 etiamsi
930 3658 996 3748 ipse
1012 3683 1075 3726 non
1089 3655 1122 3722 sit
1133 3644 1228 3714 ittffld

300 3769 407 3823 tamen
422 3761 604 3828 convivatus
618 3775 677 3840 ast,
693 3786 795 3855 poenae
811 3765 847 3831 fit
862 3767 1044 3857 particeps.
1063 3769 1104 3833 sic
1116 3779 1157 3849 q¹1¹
1151 3737 1232 3815 'rum

300 3863 401 3931 maius
416 3880 474 3941 est,
492 3870 545 3935 sed
562 3895 635 3938 cum
650 3897 689 3939 eo
705 3875 790 3962 quod
807 3873 925 3941 molum
945 3889 993 3942 est
1010 3875 1172 3968 implicatu
1166 3855 1229 3930 Μ
