2616 4620
265 359 433 404 osnrnrou
457 357 714 401 rrrnosornonun.
939 338 999 402 aad

23 471 159 537 mocrito
177 469 357 542 assentirer,
377 481 410 533 et
425 489 486 532 una
503 490 577 533 cum
591 491 629 532 eo
643 466 746 532 ridere
763 464 888 540 vellem,
908 467 999 532 nisia

23 582 132 646 rto'ntia
147 603 199 646 me
213 579 384 645 deduceret
399 576 574 644 Heraclitus
590 576 682 643 simul
696 588 729 642 et
744 574 883 666 plorans,
904 589 936 642 et
949 577 1001 642 di-

23 711 74 752 rs:
97 687 318 753 Universorum
331 685 495 752 exordium
511 699 559 752 est
572 687 651 774 ignis
669 710 677 750 τ
699 687 768 752 duae
783 698 889 752 sutem
905 686 1001 775 ipsius

23 799 178 873 actiones,
196 797 305 863 raritas
325 807 357 860 et
371 794 519 870 densitas,
538 816 671 882 quarum
685 792 780 859 altera
797 794 883 869 lacit,
901 792 1002 860 'altera

23 907 117 979 titur;
136 904 232 971 altera
249 914 460 994 coagmentat,
477 901 574 968 altera
585 915 716 989 separat.
735 903 870 969 Abunde
880 904 946 992 jam
957 927 1002 969 sa·

23 1039 29 1056 ·
46 1037 132 1089 sum,
149 1024 242 1102 atque
253 1014 349 1078 etiam
360 1024 406 1077 tot
416 1011 578 1101 principiis
592 1010 773 1077 inebriatus.
793 1011 855 1078 Sed
870 1025 903 1077 et
918 1010 1003 1078 illinc

26 1122 138 1188 icurus
153 1145 204 1188 me
216 1121 413 1198 adhortatur,
431 1131 466 1185 ut
476 1142 676 1209 nequaquam
686 1117 852 1207 pulchram
863 1143 952 1186 suam
964 1121 1005 1186 do

24 1231 96 1294 ,mis
115 1242 148 1294 ct
166 1230 206 1295 de
225 1252 324 1296 vacuo
343 1229 523 1318 opinionem
542 1225 734 1294 contumelia
755 1227 898 1294 alliciam.
925 1230 1004 1296 Nam

24 1361 100 1404 rum
125 1336 291 1427 multiplici
317 1350 350 1402 et
374 1334 558 1401 multiformi
588 1335 805 1424 complexione
830 1349 944 1402 cuncta
974 1348 1006 1402 et

30 1448 56 1512 ri
74 1458 109 1512 ct
122 1447 259 1512 interire.

24 1555 97 1621 Vll.
130 1551 198 1622 Non
224 1555 406 1622 contradico
433 1555 502 1632 tibi,
530 1555 678 1644 Epicuro,
707 1555 752 1619 vir
778 1557 922 1643 optime:
953 1558 1008 1622 sed

23 1663 167 1740 canthos,
188 1665 291 1754 capite
305 1687 323 1730 e
337 1675 434 1752 puteo
450 1662 545 1738 elato,
565 1662 751 1728 sententiam
771 1674 859 1729 tuam
873 1665 1008 1730 deridete

28 1797 94 1862 que
110 1784 144 1839 et
158 1775 223 1862 ipse
235 1795 307 1840 vera
319 1761 472 1863 principia
485 1771 609 1845 haurio,
625 1771 729 1836 Deum
743 1772 892 1838 nimirum
903 1784 936 1839 et
946 1797 1011 1840 nra·

30 1883 97 1946 iam
117 1905 125 1945 τ
149 1904 188 1947 ac
208 1894 323 1957 statuo,
346 1895 462 1948 terram
485 1883 517 1946 in
539 1903 652 1969 aquam
673 1882 821 1971 migrare,
842 1907 955 1971 aquarn
977 1887 1008 1950 in

23 1989 91 2056 *em
110 2015 118 2054 :
139 1989 243 2056 ell'erri
259 2015 378 2066 aerem,
396 1993 500 2080 ignem
515 1991 556 2056 ad
570 2004 661 2056 torrae
677 1993 816 2079 proxima
833 1993 1006 2058 accedere:

23 2099 130 2161 imum
148 2111 254 2163 autem
269 2122 326 2188 per
340 2108 442 2163 totum
457 2098 613 2164 mundum
627 2111 805 2187 penetrare,
826 2102 918 2189 cujus
937 2125 1010 2189 par-

23 2211 49 2269 τιι
65 2205 204 2294 aliquam
221 2231 276 2272 nos
292 2207 421 2294 adeptos
437 2208 577 2272 animari.
600 2207 681 2273 Cum
692 2220 798 2274 autem
814 2209 929 2275 horum
946 2222 1011 2276 tan-

24 2348 32 2370 1·
50 2315 93 2378 sit
108 2337 272 2389 numerus,
288 2313 347 2379 alia
364 2315 442 2380 mihi
457 2314 625 2379 multitudo
640 2338 678 2380 ex
694 2315 792 2402 Libya
808 2318 919 2394 affluit,
938 2319 1011 2384 Car-

24 2425 104 2488 ades
119 2436 153 2488 et
168 2423 395 2500 Clitomachus,
412 2447 583 2511 eorumque
599 2436 780 2502 sectatores,
798 2428 852 2514 qui
867 2430 1011 2496 omnium

27 2555 125 2596 orum
144 2530 257 2622 placita
279 2531 478 2607 conculcant,
501 2532 559 2622 ipsi
584 2555 658 2598 vero
678 2532 771 2621 plane
792 2540 1009 2623 pronuntiant,

32 2643 136 2706 irersa
164 2642 422 2730 incomprehensa
449 2663 529 2714 esse,
555 2653 587 2705 et
610 2641 731 2706 veritati
754 2665 878 2732 semper
902 2643 1012 2710 falsam

29 2751 162 2818 amdam
175 2750 427 2839 imaginationem
439 2772 506 2814 esse
516 2749 701 2836 proximam.
718 2749 805 2829 Quid
816 2751 912 2839 igitur
922 2775 1013 2842 agam

26 2873 57 2926 st
78 2860 158 2924 tanti
179 2859 327 2948 temporis
342 2857 521 2924 aerumnasl
539 2880 602 2945 quo
621 2869 715 2945 pacto
734 2868 782 2922 tot
800 2859 963 2946 opiniones
977 2885 1015 2926 ax

27 2971 95 3034 imo
112 2991 185 3032 meo
198 2966 380 3033 effundam?
400 2965 434 3030 Si
451 2965 536 3030 enim
555 2965 780 3053 comprehendi
795 2977 910 3052 potest,
932 2972 1015 3034 veri-

25 3103 32 3142 r
50 3077 179 3142 lacessit
194 3077 234 3140 ah
249 3075 443 3148 hominibus,
462 3084 494 3138 et
507 3070 663 3137 celebrata
675 3072 872 3162 philosophia
888 3080 1014 3144 umbras

25 3187 97 3250 tius
113 3193 327 3257 consecratur,
344 3202 438 3268 quum
454 3201 561 3244 rerum
575 3180 738 3246 scientiam
753 3175 1015 3270 comprehensam

30 3295 100 3358 bct.
674 3372 680 3385 ,

30 3400 122 3468 Vlll.
141 3398 214 3465 Jam
229 3423 302 3466 vero
318 3399 369 3465 alii
384 3423 424 3466 ex
439 3401 565 3488 antiqua
582 3402 679 3476 trihu,
695 3401 900 3492 Pythagoras,
916 3416 948 3470 ct
960 3408 1017 3472 tri2

26 3511 85 3576 iles
102 3510 184 3597 ejus,
204 3532 313 3599 graves
327 3522 359 3575 et
375 3509 534 3585 taciturni,
555 3509 629 3575 alias
644 3509 720 3576 mihi
737 3512 911 3599 opiniones,
926 3517 1016 3604 quasi

26 3620 142 3686 tmdam
159 3619 307 3708 mysteria
326 3617 468 3693 tradunt,
489 3629 582 3708 atque
601 3618 697 3683 etiam
717 3617 795 3685 illud
815 3643 963 3710 magnum
985 3637 1017 3690 et

26 3755 159 3806 canum,
177 3731 246 3797 lrsn
262 3754 347 3797 nrxrr
365 3753 373 3794 :
394 3731 546 3796 Omnium
561 3731 685 3796 initium
701 3743 749 3796 est
763 3732 876 3808 unitas,
892 3757 910 3798 e
925 3737 1017 3824 cujus

27 3841 105 3932 ;uris
121 3853 153 3906 et
167 3842 306 3908 numeris
321 3839 475 3907 clementa
491 3839 583 3907 liunt.
607 3841 710 3928 Atque
725 3839 834 3908 eorum
850 3845 1020 3932 cujuslibet

27 3973 180 4026 imorum,
199 3951 332 4018 sormam
351 3963 382 4018 ot
401 3973 581 4018 mensuram
600 3952 641 4017 ita
663 3949 855 4018 demonstrat
876 3977 884 4017 :
910 3956 1019 4043 ignem
