2516 4636
261 301 328 368 556
540 366 541 370 ,
579 323 694 374 ιιιιιι
716 319 830 372 ranam
852 321 914 372 ιιι.
943 323 984 370 ιιι
1239 331 1240 368 ι

263 461 277 494 ι
290 433 335 498 vit
351 432 434 500 inter
447 455 505 500 nor
521 445 555 500 ot
569 433 665 524 ipsos,
678 435 857 504 emundans
866 457 926 526 per
935 433 1033 502 iidem
1046 429 1212 502 eordriloruu

262 541 383 610 »Nono
401 543 497 632 igitur
514 542 593 630 quid
606 544 734 610 tentetis
749 544 866 622 Dauum
885 544 1051 634 imponere
1067 541 1157 630 jupon
1169 561 1216 626 opu
1237 605 1238 608 ,

260 678 274 714 ι
289 653 446 718 cervicem
461 651 703 742 diaoipulorum,
722 655 810 743 quod
826 677 930 743 neque
947 665 1052 742 patrer
1070 649 1150 716 nostri
1164 669 1219 733 nequ
1236 680 1237 701 ι

259 783 346 827 unos
367 759 522 828 valuimus
543 763 695 851 portare?
716 762 781 829 Sed
802 764 1020 854 pergratiam
1044 759 1152 828 Domini
1169 757 1220 822 uoti

259 871 364 938 »lesu
391 871 509 938 Christi
536 873 697 939 eredimus
719 895 777 938 noa
801 895 894 962 posse
919 870 1053 946 salvari,
1077 866 1222 956 quonolua

260 1011 274 1048 ι
288 981 364 1048 illi⁴.
378 981 481 1048 »Post
497 1005 592 1070 quem
605 981 747 1050 lacobus
758 981 856 1050 dixit:
875 981 969 1050 «Vtri
984 981 1103 1055 iratres,
1116 977 1223 1044 Sinone

259 1121 273 1154 ι
289 1089 361 1158 tulit
376 1092 647 1182 quemadmodum
663 1093 749 1158 Deus
763 1091 954 1181 exoogitarit
970 1091 1108 1180 aeoipere
1120 1109 1152 1152 ex
1162 1081 1223 1150 Gaul

259 1203 348 1268 abus
368 1200 524 1292 populum
542 1201 664 1268 nomini
683 1223 752 1267 suo.
776 1201 816 1267 Et
840 1201 885 1268 sio
912 1199 1104 1267 conveniunt
1126 1211 1223 1260 semona

259 1340 272 1374 ι
287 1311 534 1400 Prophetarum,
553 1312 636 1378 siout
650 1310 805 1400 seriptum
819 1323 892 1376 ost:
914 1309 994 1378 Post
1011 1309 1078 1378 haeo
1094 1315 1221 1374 reveunt

259 1450 273 1486 ι
286 1419 488 1489 reaedilioabo
502 1418 747 1488 tabernaculum
762 1417 863 1486 David
877 1419 966 1508 quod
984 1417 1108 1488 cecidit,
1125 1423 1151 1478 ιι
1163 1411 1221 1476 listu

141 1519 153 1546 ⁸
259 1534 360 1599 »bata
375 1534 446 1622 ejus
460 1530 640 1608 aedificabo,
656 1541 689 1598 et
702 1531 822 1621 erigam
837 1528 929 1608 illud,
945 1531 995 1596 uti
1010 1527 1155 1616 requirant
1163 1518 1219 1603 relqt¹

259 1641 453 1708 »hominum
470 1641 657 1716 Dominum,
672 1652 706 1706 et
720 1663 831 1706 omnes
847 1652 972 1730 gentes,
992 1639 1027 1706 in
1042 1636 1145 1726 quibus
1155 1631 1219 1696 iusta
1238 1698 1239 1755 1

259 1763 356 1818 »tum
375 1762 423 1817 ιιι
441 1771 559 1817 ιιοιιιιιι
576 1771 686 1818 meum
700 1771 796 1840 super
813 1772 880 1825 eos,
898 1751 977 1817 dieit
993 1747 1148 1818 Dominus,
1159 1735 1218 1803 suu
1238 1774 1239 1777 κ

257 1857 384 1928 »lraeo².
404 1859 575 1951 Cognitum
591 1882 609 1925 a
624 1857 740 1926 sarculo
755 1871 803 1925 est
821 1859 889 1926 Deo
907 1881 991 1948 opus
1009 1859 1101 1948 ejus:
1121 1859 1216 1941 proptott
1237 1852 1239 1945 l

257 1997 270 2034 ι
284 1993 343 2059 ego
359 1968 535 2035 seeundum
547 1989 599 2034 me
614 1968 736 2057 judico,
753 1990 817 2034 non
836 1965 1001 2034 molestari
1018 1989 1073 2032 eos
1087 1961 1133 2052 qui
1144 1979 1172 2023 ιι
1180 1952 1216 2018 to
1238 1952 1239 1957 ’

256 2107 271 2142 ι
284 2079 369 2144 tibus
386 2087 616 2146 convertuntur
630 2077 672 2142 ad
687 2077 790 2143 Deum
796 2101 806 2152 r
829 2077 885 2144 setl
901 2072 1142 2168 praecipiendum
1155 2057 1215 2136 ιιι
1237 2076 1239 2153 t

257 2188 468 2254 »abstineant
490 2210 508 2253 a
529 2187 720 2255 vanitatibus
742 2185 912 2264 idolorum,
930 2202 964 2254 et
981 2212 1002 2254 a
1022 2174 1216 2254 sonoritate
1238 2174 1239 2181 ’

255 2321 268 2358 ι
284 2317 301 2360 ι
318 2297 487 2384 sanguinet
510 2308 544 2361 et
562 2315 771 2384 quaeoumque
791 2295 903 2362 nolunt
918 2297 977 2364 sibi
1003 2295 1085 2370 fieri,
1100 2289 1152 2356 aliis
1165 2275 1215 2347 uel
1237 2232 1239 2385 l

255 2403 398 2470 »cinnat
414 2429 428 2466 ι
448 2405 583 2471 lituum
605 2404 674 2472 heo
696 2405 779 2475 diota
801 2417 917 2482 essent,
937 2417 971 2474 et
988 2426 1102 2474 omnes
1117 2384 1217 2466 mussas

256 2527 339 2591 sent,
361 2515 555 2605 seripserunt
573 2514 618 2579 eis
638 2515 704 2582 sio:
728 2514 908 2606 «Apostoli,
924 2527 957 2582 et
972 2504 1215 2606 presbyterato·

256 2626 331 2692 »luis
351 2626 405 2716 qui
425 2637 498 2690 sunt
518 2624 551 2690 in
566 2623 748 2701 Antiochia,
769 2637 802 2691 et
821 2625 925 2714 Syria,
945 2638 978 2691 et
998 2624 1120 2697 Cilicia,
1137 2605 1216 2682 [nutu

256 2757 323 2799 »ex
339 2733 508 2810 Gentibus,
527 2731 672 2798 salutem.
696 2733 857 2812 Quoniam
873 2733 1068 2809 audivimus,
1088 2727 1148 2819 quia
1161 2731 1212 2784 eru

256 2845 334 2910 »bis
357 2845 485 2932 quidam
507 2856 658 2909 exeuntes
684 2843 894 2910 turbaverunt
916 2865 971 2910 vos
998 2819 1216 2911 sermonihrel

257 2983 271 3018 ι
286 2967 443 3020 struentes
458 2955 579 3020 animas
593 2965 725 3030 vestras,
739 2955 854 3044 quibus
870 2977 934 3021 non
949 2953 1156 3044 praecepimus,
1165 2936 1219 3046 Μ’

257 3063 277 3126 a*
285 3075 331 3128 tes
356 3087 364 3128 ι
393 3061 668 3130 Circumoitlimini
694 3075 727 3129 et
750 3075 874 3129 servate
895 3063 1013 3154 Legem
1020 3091 1031 3141 ;
1055 3055 1157 3152 placuit
1174 3042 1219 3112 llll

256 3201 269 3235 ι
284 3171 545 3239 convenientibus
560 3172 593 3236 in
605 3195 719 3248 unum,
731 3171 850 3239 eleetos
862 3173 945 3238 viros
956 3174 1081 3239 mittere
1092 3166 1128 3234 ad
1139 3165 1222 3226 ιιιωω

256 3311 269 3346 ι
285 3281 494 3349 dileetissimis
506 3281 620 3347 nostris
632 3281 778 3347 Bernaba
793 3294 825 3346 ιι
840 3281 951 3359 ΡιιιΙο,
967 3265 1222 3356 hominibusque·

256 3394 433 3459 rdidarunt
450 3391 589 3458 animam
609 3413 698 3456 suam
717 3415 776 3480 pro
795 3391 924 3458 nomine
943 3391 1072 3460 Domini
1090 3377 1169 3454 nostri
1184 3369 1224 3435 let

256 3531 269 3565 ι
284 3503 412 3569 Christi.
430 3501 571 3568 Misimus
586 3500 683 3590 igitur
696 3498 717 3567 J
720 3499 816 3566 udam
830 3513 862 3566 et
877 3501 989 3578 Silam,
1009 3514 1043 3570 et
1057 3503 1131 3590 ipsos
1142 3493 1224 3578 perse

255 3635 411 3679 »monem
434 3611 657 3678 annuntiantes
679 3622 821 3678 nostram
840 3612 1040 3678 sententiam.
1064 3599 1165 3677 Placuit
1178 3601 1225 3656 tall

254 3734 391 3786 »saneto
414 3719 557 3809 Spiritui,
575 3730 609 3785 ιι
628 3721 733 3796 nobis,
757 3718 881 3786 nullum
903 3721 1038 3810 amplius
1057 3715 1135 3789 robis
1148 3695 1224 3813 pouit!

254 3859 266 3892 ι
281 3829 456 3916 imponere,
470 3849 564 3916 quam
575 3828 657 3904 brec,
671 3851 740 3917 quae
752 3841 828 3896 sunt
841 3832 1017 3898 necessaria
1031 3855 1040 3896 r
1057 3815 1237 3896 ursaonae

287 3957 296 3992 ¹
311 3958 364 4007 Act.
380 3971 420 4018 ιι,
431 3975 445 4022 7
456 3965 482 4008 et
492 3973 566 4024 seqq.
576 3957 628 3996 ..2
642 3959 729 4020 Amor,
744 3977 778 4021 ιιι,
793 3977 831 4020 ιι,
845 3977 883 4012 ιι.
895 3987 927 4002 ·-
939 3961 949 3996 ⁸
960 3955 1016 4012 Aet.
1030 3979 1070 4022 rr,
1081 3957 1193 4009 terreat·
1214 3973 1216 3980 ·

1075 4058 1079 4066 “
1235 4048 1237 4087 l
