<?xml version="1.0" encoding="UTF-8"?>
<!DOCTYPE html PUBLIC "-//W3C//DTD XHTML 1.0 Transitional//EN"
    "http://www.w3.org/TR/xhtml1/DTD/xhtml1-transitional.dtd">
<html xmlns="http://www.w3.org/1999/xhtml" xml:lang="en" lang="en">
 <head>
  <title>
</title>
<meta http-equiv="Content-Type" content="text/html;charset=utf-8" />
  <meta name='ocr-system' content='tesseract 3.04.00' />
  <meta name='ocr-capabilities' content='ocr_page ocr_carea ocr_par ocr_line ocrx_word'/>
</head>
<body>
  <div class='ocr_page' id='page_1' title='image "./collectioselect02guilgoog_0448.png"; bbox 0 0 2640 4622; ppageno 0'>
   <div class='ocr_carea' id='block_1_1' title="bbox 141 280 1028 366">
    <p class='ocr_par' dir='ltr' id='par_1_1' title="bbox 141 280 1028 366">
     <span class='ocr_line' id='line_1_1' title="bbox 141 280 1028 366; baseline -0.009 -12"><span class='ocrx_word' id='word_1_1' title='bbox 141 355 146 360; x_wconf 80' lang='grc'><strong>,</strong></span> <span class='ocrx_word' id='word_1_2' title='bbox 222 305 374 356; x_wconf 76' lang='grc' dir='ltr'>ιιιιιοιιι</span> <span class='ocrx_word' id='word_1_3' title='bbox 398 303 461 352; x_wconf 82' lang='lat' dir='ltr'><strong>ceu</strong></span> <span class='ocrx_word' id='word_1_4' title='bbox 483 300 649 350; x_wconf 80' lang='lat' dir='ltr'><strong>rnrrnorn</strong></span> <span class='ocrx_word' id='word_1_5' title='bbox 672 299 788 346; x_wconf 79' lang='lat' dir='ltr'><strong>sunno</strong></span> <span class='ocrx_word' id='word_1_6' title='bbox 963 280 1028 366; x_wconf 70' lang='grc'><strong>449</strong></span> 
     </span>
    </p>
   </div>
   <div class='ocr_carea' id='block_1_2' title="bbox 21 405 1033 2484">
    <p class='ocr_par' dir='ltr' id='par_1_2' title="bbox 21 405 1032 1054">
     <span class='ocr_line' id='line_1_2' title="bbox 24 405 1028 508; baseline -0.01 -24"><span class='ocrx_word' id='word_1_7' title='bbox 24 441 64 486; x_wconf 84' lang='lat' dir='ltr'><strong>as</strong></span> <span class='ocrx_word' id='word_1_8' title='bbox 84 419 131 486; x_wconf 88' lang='lat' dir='ltr'><strong>ita</strong></span> <span class='ocrx_word' id='word_1_9' title='bbox 145 413 373 508; x_wconf 75' lang='lat' dir='ltr'><strong>intelligamus,</strong></span> <span class='ocrx_word' id='word_1_10' title='bbox 396 434 436 479; x_wconf 93' lang='lat' dir='ltr'><strong>eo</strong></span> <span class='ocrx_word' id='word_1_11' title='bbox 450 435 502 478; x_wconf 91' lang='lat' dir='ltr'><strong>res</strong></span> <span class='ocrx_word' id='word_1_12' title='bbox 523 409 637 478; x_wconf 79' lang='lat' dir='ltr'><strong>evadet</strong></span> <span class='ocrx_word' id='word_1_13' title='bbox 655 421 692 476; x_wconf 89' lang='lat' dir='ltr'><strong>ut</strong></span> <span class='ocrx_word' id='word_1_14' title='bbox 710 407 853 476; x_wconf 83' lang='lat' dir='ltr'><strong>Poterat</strong></span> <span class='ocrx_word' id='word_1_15' title='bbox 872 405 1028 504; x_wconf 76' lang='lat' dir='ltr'><strong>Dominus</strong></span> 
     </span>
     <span class='ocr_line' id='line_1_3' title="bbox 21 495 1030 608; baseline -0.009 -13"><span class='ocrx_word' id='word_1_16' title='bbox 21 531 209 596; x_wconf 87' lang='lat' dir='ltr'><strong>iversorum</strong></span> <span class='ocrx_word' id='word_1_17' title='bbox 223 538 304 592; x_wconf 86' lang='lat' dir='ltr'><strong>tunc</strong></span> <span class='ocrx_word' id='word_1_18' title='bbox 318 523 352 590; x_wconf 89' lang='lat' dir='ltr'><strong>in</strong></span> <span class='ocrx_word' id='word_1_19' title='bbox 367 519 455 589; x_wconf 83' lang='lat' dir='ltr'><strong>omlis</strong></span> <span class='ocrx_word' id='word_1_20' title='bbox 471 504 537 588; x_wconf 85' lang='lat' dir='ltr'><strong>nob</strong></span> <span class='ocrx_word' id='word_1_21' title='bbox 550 495 659 597; x_wconf 81' lang='lat' dir='ltr'><strong>luerit,</strong></span> <span class='ocrx_word' id='word_1_22' title='bbox 672 541 748 587; x_wconf 90' lang='lat' dir='ltr'><strong>cum</strong></span> <span class='ocrx_word' id='word_1_23' title='bbox 761 541 820 608; x_wconf 87' lang='lat' dir='ltr'><strong>per</strong></span> <span class='ocrx_word' id='word_1_24' title='bbox 830 495 952 587; x_wconf 83' lang='lat' dir='ltr'><strong>Mosam</strong></span> <span class='ocrx_word' id='word_1_25' title='bbox 964 517 1030 588; x_wconf 88' lang='lat' dir='ltr'><strong>die-</strong></span> 
     </span>
     <span class='ocr_line' id='line_1_4' title="bbox 21 627 1030 722; baseline -0.008 -18"><span class='ocrx_word' id='word_1_26' title='bbox 21 663 49 704; x_wconf 91' lang='lat' dir='ltr'><strong>n</strong></span> <span class='ocrx_word' id='word_1_27' title='bbox 74 651 153 704; x_wconf 88' lang='lat' dir='ltr'><strong>est·</strong></span> <span class='ocrx_word' id='word_1_28' title='bbox 171 639 244 703; x_wconf 78' lang='lat' dir='ltr'><strong>«ttt</strong></span> <span class='ocrx_word' id='word_1_29' title='bbox 264 633 421 702; x_wconf 83' lang='lat' dir='ltr'><strong>Dominus</strong></span> <span class='ocrx_word' id='word_1_30' title='bbox 445 631 527 722; x_wconf 91' lang='lat' dir='ltr'><strong>pluit</strong></span> <span class='ocrx_word' id='word_1_31' title='bbox 548 645 644 722; x_wconf 81' lang='lat' dir='ltr'><strong>super</strong></span> <span class='ocrx_word' id='word_1_32' title='bbox 666 627 873 698; x_wconf 82' lang='lat' dir='ltr'><strong>Sodomam</strong></span> <span class='ocrx_word' id='word_1_33' title='bbox 864 651 975 720; x_wconf 76' lang='lat' dir='ltr'><strong>ignem</strong></span> <span class='ocrx_word' id='word_1_34' title='bbox 996 641 1030 696; x_wconf 87' lang='lat' dir='ltr'><strong>et</strong></span> 
     </span>
     <span class='ocr_line' id='line_1_5' title="bbox 21 741 1029 838; baseline -0.006 -25"><span class='ocrx_word' id='word_1_35' title='bbox 21 748 151 838; x_wconf 88' lang='lat' dir='ltr'><strong>ulpbur</strong></span> <span class='ocrx_word' id='word_1_36' title='bbox 170 771 188 812; x_wconf 85' lang='lat' dir='ltr'><strong>a</strong></span> <span class='ocrx_word' id='word_1_37' title='bbox 208 744 348 814; x_wconf 90' lang='lat' dir='ltr'><strong>Domino</strong></span> <span class='ocrx_word' id='word_1_38' title='bbox 362 767 402 810; x_wconf 87' lang='lat' dir='ltr'><strong>ex</strong></span> <span class='ocrx_word' id='word_1_39' title='bbox 422 741 521 810; x_wconf 82' lang='lat' dir='ltr'><strong>coelo¹</strong></span> <span class='ocrx_word' id='word_1_40' title='bbox 537 764 546 808; x_wconf 77' lang='grc' dir='ltr'>ι</span> <span class='ocrx_word' id='word_1_41' title='bbox 565 753 648 808; x_wconf 77' lang='lat' dir='ltr'><strong>aaut</strong></span> <span class='ocrx_word' id='word_1_42' title='bbox 666 751 741 810; x_wconf 82' lang='lat' dir='ltr'><strong>cum</strong></span> <span class='ocrx_word' id='word_1_43' title='bbox 756 763 865 807; x_wconf 88' lang='lat' dir='ltr'><strong>rursus</strong></span> <span class='ocrx_word' id='word_1_44' title='bbox 883 763 942 830; x_wconf 90' lang='lat' dir='ltr'><strong>per</strong></span> <span class='ocrx_word' id='word_1_45' title='bbox 962 741 1029 807; x_wconf 82' lang='lat' dir='ltr'><strong>Da-</strong></span> 
     </span>
     <span class='ocr_line' id='line_1_6' title="bbox 21 850 1032 945; baseline -0.004 -21"><span class='ocrx_word' id='word_1_46' title='bbox 21 861 92 925; x_wconf 89' lang='lat' dir='ltr'><strong>lem</strong></span> <span class='ocrx_word' id='word_1_47' title='bbox 113 881 121 922; x_wconf 79' lang='lat' dir='ltr'><strong>a</strong></span> <span class='ocrx_word' id='word_1_48' title='bbox 141 853 283 923; x_wconf 85' lang='lat' dir='ltr'><strong>«Tollite</strong></span> <span class='ocrx_word' id='word_1_49' title='bbox 302 865 421 945; x_wconf 87' lang='lat' dir='ltr'><strong>portas,</strong></span> <span class='ocrx_word' id='word_1_50' title='bbox 445 853 622 944; x_wconf 81' lang='lat' dir='ltr'><strong>Principes,</strong></span> <span class='ocrx_word' id='word_1_51' title='bbox 645 862 781 928; x_wconf 66' lang='lat' dir='ltr'><strong>vestram</strong></span> <span class='ocrx_word' id='word_1_52' title='bbox 804 863 837 918; x_wconf 83' lang='lat' dir='ltr'><strong>et</strong></span> <span class='ocrx_word' id='word_1_53' title='bbox 859 850 1032 920; x_wconf 81' lang='lat' dir='ltr'><strong>elevamini</strong></span> 
     </span>
     <span class='ocr_line' id='line_1_7' title="bbox 21 961 1029 1054; baseline -0.001 -22"><span class='ocrx_word' id='word_1_54' title='bbox 21 979 117 1036; x_wconf 77' lang='lat' dir='ltr'><strong>›ortae</strong></span> <span class='ocrx_word' id='word_1_55' title='bbox 133 977 282 1034; x_wconf 75' lang='lat' dir='ltr'><strong>aterno:</strong></span> <span class='ocrx_word' id='word_1_56' title='bbox 301 977 334 1031; x_wconf 90' lang='lat' dir='ltr'><strong>et</strong></span> <span class='ocrx_word' id='word_1_57' title='bbox 348 964 492 1032; x_wconf 78' lang='lat' dir='ltr'><strong>introibit</strong></span> <span class='ocrx_word' id='word_1_58' title='bbox 505 963 573 1031; x_wconf 82' lang='lat' dir='ltr'><strong>Rex</strong></span> <span class='ocrx_word' id='word_1_59' title='bbox 587 961 736 1054; x_wconf 70' lang='lat' dir='ltr'><strong>gloriae&#39;:</strong></span> <span class='ocrx_word' id='word_1_60' title='bbox 754 989 767 1026; x_wconf 83' lang='grc' dir='ltr'>ι</span> <span class='ocrx_word' id='word_1_61' title='bbox 782 973 838 1028; x_wconf 91' lang='lat' dir='ltr'><strong>aut</strong></span> <span class='ocrx_word' id='word_1_62' title='bbox 852 979 926 1030; x_wconf 90' lang='lat' dir='ltr'><strong>cum</strong></span> <span class='ocrx_word' id='word_1_63' title='bbox 941 963 1029 1032; x_wconf 88' lang='lat' dir='ltr'><strong>idem</strong></span> 
     </span>
    </p>

    <p class='ocr_par' dir='ltr' id='par_1_3' title="bbox 21 1071 1033 2484">
     <span class='ocr_line' id='line_1_8' title="bbox 44 1071 1027 1152; baseline -0.002 -10"><span class='ocrx_word' id='word_1_64' title='bbox 44 1101 52 1142; x_wconf 74' lang='grc' dir='ltr'><strong>ε</strong></span> <span class='ocrx_word' id='word_1_65' title='bbox 75 1103 90 1138; x_wconf 81' lang='grc' dir='ltr'>ι</span> <span class='ocrx_word' id='word_1_66' title='bbox 111 1075 199 1144; x_wconf 86' lang='lat' dir='ltr'><strong>Dixit</strong></span> <span class='ocrx_word' id='word_1_67' title='bbox 213 1075 369 1144; x_wconf 85' lang='lat' dir='ltr'><strong>Dominus</strong></span> <span class='ocrx_word' id='word_1_68' title='bbox 385 1073 522 1142; x_wconf 87' lang='lat' dir='ltr'><strong>Domino</strong></span> <span class='ocrx_word' id='word_1_69' title='bbox 538 1094 611 1140; x_wconf 88' lang='lat' dir='ltr'><strong>meo</strong></span> <span class='ocrx_word' id='word_1_70' title='bbox 630 1095 638 1137; x_wconf 92' lang='lat'><strong>:</strong></span> <span class='ocrx_word' id='word_1_71' title='bbox 657 1071 742 1139; x_wconf 80' lang='lat' dir='ltr'><strong>Sede</strong></span> <span class='ocrx_word' id='word_1_72' title='bbox 760 1093 779 1137; x_wconf 85' lang='lat' dir='ltr'><strong>a</strong></span> <span class='ocrx_word' id='word_1_73' title='bbox 799 1071 916 1139; x_wconf 85' lang='lat' dir='ltr'><strong>dextris</strong></span> <span class='ocrx_word' id='word_1_74' title='bbox 935 1074 1027 1152; x_wconf 83' lang='lat' dir='ltr'><strong>meis,</strong></span> 
     </span>
     <span class='ocr_line' id='line_1_9' title="bbox 21 1178 1021 1274; baseline -0.008 -22"><span class='ocrx_word' id='word_1_75' title='bbox 21 1189 120 1252; x_wconf 86' lang='lat' dir='ltr'><strong>lonec</strong></span> <span class='ocrx_word' id='word_1_76' title='bbox 134 1207 253 1274; x_wconf 90' lang='lat' dir='ltr'><strong>ponam</strong></span> <span class='ocrx_word' id='word_1_77' title='bbox 268 1182 415 1250; x_wconf 87' lang='lat' dir='ltr'><strong>inimicos</strong></span> <span class='ocrx_word' id='word_1_78' title='bbox 429 1193 502 1248; x_wconf 83' lang='lat' dir='ltr'><strong>tuos</strong></span> <span class='ocrx_word' id='word_1_79' title='bbox 514 1178 689 1248; x_wconf 86' lang='lat' dir='ltr'><strong>scabellum</strong></span> <span class='ocrx_word' id='word_1_80' title='bbox 700 1179 822 1268; x_wconf 89' lang='lat' dir='ltr'><strong>pedum</strong></span> <span class='ocrx_word' id='word_1_81' title='bbox 832 1179 992 1250; x_wconf 85' lang='lat' dir='ltr'><strong>tuorum⁸.</strong></span> <span class='ocrx_word' id='word_1_82' title='bbox 1007 1208 1021 1244; x_wconf 82' lang='grc' dir='ltr'>ι</span> 
     </span>
     <span class='ocr_line' id='line_1_10' title="bbox 23 1289 1028 1381; baseline -0.006 -19"><span class='ocrx_word' id='word_1_83' title='bbox 23 1293 214 1363; x_wconf 84' lang='lat' dir='ltr'><strong>CXXVIII.</strong></span> <span class='ocrx_word' id='word_1_84' title='bbox 231 1294 280 1362; x_wconf 78' lang='lat' dir='ltr'><strong>bc</strong></span> <span class='ocrx_word' id='word_1_85' title='bbox 295 1293 458 1360; x_wconf 78' lang='lat' dir='ltr'><strong>Christum</strong></span> <span class='ocrx_word' id='word_1_86' title='bbox 473 1291 603 1381; x_wconf 87' lang='lat' dir='ltr'><strong>quidem</strong></span> <span class='ocrx_word' id='word_1_87' title='bbox 617 1289 793 1358; x_wconf 84' lang='lat' dir='ltr'><strong>Dominum</strong></span> <span class='ocrx_word' id='word_1_88' title='bbox 807 1302 841 1357; x_wconf 90' lang='lat' dir='ltr'><strong>et</strong></span> <span class='ocrx_word' id='word_1_89' title='bbox 854 1289 959 1358; x_wconf 85' lang='lat' dir='ltr'><strong>Deum</strong></span> <span class='ocrx_word' id='word_1_90' title='bbox 968 1291 1028 1358; x_wconf 91' lang='lat' dir='ltr'><strong>Dei</strong></span> 
     </span>
     <span class='ocr_line' id='line_1_11' title="bbox 21 1400 1030 1492; baseline -0.004 -20"><span class='ocrx_word' id='word_1_91' title='bbox 21 1407 104 1472; x_wconf 92' lang='lat' dir='ltr'><strong>lium</strong></span> <span class='ocrx_word' id='word_1_92' title='bbox 120 1427 203 1480; x_wconf 89' lang='lat' dir='ltr'><strong>esse,</strong></span> <span class='ocrx_word' id='word_1_93' title='bbox 219 1415 252 1470; x_wconf 88' lang='lat' dir='ltr'><strong>et</strong></span> <span class='ocrx_word' id='word_1_94' title='bbox 269 1404 386 1469; x_wconf 79' lang='lat' dir='ltr'><strong>virtute</strong></span> <span class='ocrx_word' id='word_1_95' title='bbox 401 1403 490 1492; x_wconf 89' lang='lat' dir='ltr'><strong>prius</strong></span> <span class='ocrx_word' id='word_1_96' title='bbox 504 1401 686 1491; x_wconf 76' lang='lat' dir='ltr'><strong>apparuisse</strong></span> <span class='ocrx_word' id='word_1_97' title='bbox 702 1411 740 1466; x_wconf 92' lang='lat' dir='ltr'><strong>ut</strong></span> <span class='ocrx_word' id='word_1_98' title='bbox 754 1400 861 1468; x_wconf 85' lang='lat' dir='ltr'><strong>virum</strong></span> <span class='ocrx_word' id='word_1_99' title='bbox 880 1413 914 1467; x_wconf 90' lang='lat' dir='ltr'><strong>et</strong></span> <span class='ocrx_word' id='word_1_100' title='bbox 932 1423 1030 1491; x_wconf 79' lang='lat' dir='ltr'><strong>ange·</strong></span> 
     </span>
     <span class='ocr_line' id='line_1_12' title="bbox 21 1509 1032 1603; baseline -0.004 -21"><span class='ocrx_word' id='word_1_101' title='bbox 21 1541 65 1593; x_wconf 85' lang='grc' dir='ltr'><strong>ιι,</strong></span> <span class='ocrx_word' id='word_1_102' title='bbox 84 1528 119 1581; x_wconf 83' lang='lat' dir='ltr'><strong>et</strong></span> <span class='ocrx_word' id='word_1_103' title='bbox 132 1515 166 1580; x_wconf 92' lang='lat' dir='ltr'><strong>in</strong></span> <span class='ocrx_word' id='word_1_104' title='bbox 181 1511 279 1603; x_wconf 81' lang='lat' dir='ltr'><strong>gloria</strong></span> <span class='ocrx_word' id='word_1_105' title='bbox 296 1513 388 1602; x_wconf 79' lang='lat' dir='ltr'><strong>iguis,</strong></span> <span class='ocrx_word' id='word_1_106' title='bbox 403 1510 490 1579; x_wconf 88' lang='lat' dir='ltr'><strong>velut</strong></span> <span class='ocrx_word' id='word_1_107' title='bbox 506 1511 539 1578; x_wconf 92' lang='lat' dir='ltr'><strong>in</strong></span> <span class='ocrx_word' id='word_1_108' title='bbox 553 1511 636 1578; x_wconf 87' lang='lat' dir='ltr'><strong>rubo</strong></span> <span class='ocrx_word' id='word_1_109' title='bbox 648 1511 726 1578; x_wconf 88' lang='lat' dir='ltr'><strong>etin</strong></span> <span class='ocrx_word' id='word_1_110' title='bbox 741 1509 865 1600; x_wconf 88' lang='lat' dir='ltr'><strong>judicic</strong></span> <span class='ocrx_word' id='word_1_111' title='bbox 877 1511 917 1576; x_wconf 88' lang='lat' dir='ltr'><strong>de</strong></span> <span class='ocrx_word' id='word_1_112' title='bbox 932 1509 1032 1578; x_wconf 80' lang='lat' dir='ltr'><strong>Sodo</strong></span> 
     </span>
     <span class='ocr_line' id='line_1_13' title="bbox 23 1617 1033 1712; baseline -0.006 -20"><span class='ocrx_word' id='word_1_113' title='bbox 23 1653 40 1692; x_wconf 88' lang='lat' dir='ltr'><strong>s</strong></span> <span class='ocrx_word' id='word_1_114' title='bbox 57 1627 160 1700; x_wconf 86' lang='lat' dir='ltr'><strong>facto,</strong></span> <span class='ocrx_word' id='word_1_115' title='bbox 177 1625 242 1712; x_wconf 82' lang='lat' dir='ltr'><strong>jum</strong></span> <span class='ocrx_word' id='word_1_116' title='bbox 254 1621 401 1712; x_wconf 90' lang='lat' dir='ltr'><strong>pluribus</strong></span> <span class='ocrx_word' id='word_1_117' title='bbox 416 1621 670 1688; x_wconf 86' lang='lat' dir='ltr'><strong>demonstratum</strong></span> <span class='ocrx_word' id='word_1_118' title='bbox 685 1633 744 1687; x_wconf 85' lang='lat' dir='ltr'><strong>est.</strong></span> <span class='ocrx_word' id='word_1_119' title='bbox 766 1617 958 1688; x_wconf 78' lang='lat' dir='ltr'><strong>Referebam</strong></span> <span class='ocrx_word' id='word_1_120' title='bbox 973 1644 1033 1687; x_wconf 90' lang='lat' dir='ltr'><strong>au-</strong></span> 
     </span>
     <span class='ocr_line' id='line_1_14' title="bbox 21 1729 1033 1822; baseline -0.004 -20"><span class='ocrx_word' id='word_1_121' title='bbox 21 1761 48 1802; x_wconf 88' lang='lat' dir='ltr'><strong>n</strong></span> <span class='ocrx_word' id='word_1_122' title='bbox 65 1737 187 1802; x_wconf 90' lang='lat' dir='ltr'><strong>iterum</strong></span> <span class='ocrx_word' id='word_1_123' title='bbox 206 1733 312 1802; x_wconf 85' lang='lat' dir='ltr'><strong>omnia</strong></span> <span class='ocrx_word' id='word_1_124' title='bbox 335 1757 405 1822; x_wconf 83' lang='lat' dir='ltr'><strong>quae</strong></span> <span class='ocrx_word' id='word_1_125' title='bbox 428 1732 517 1822; x_wconf 91' lang='lat' dir='ltr'><strong>prius</strong></span> <span class='ocrx_word' id='word_1_126' title='bbox 532 1755 571 1798; x_wconf 79' lang='lat' dir='ltr'><strong>ea</strong></span> <span class='ocrx_word' id='word_1_127' title='bbox 592 1729 704 1798; x_wconf 84' lang='lat' dir='ltr'><strong>Exodo</strong></span> <span class='ocrx_word' id='word_1_128' title='bbox 723 1729 889 1820; x_wconf 81' lang='lat' dir='ltr'><strong>descripsi,</strong></span> <span class='ocrx_word' id='word_1_129' title='bbox 906 1741 976 1800; x_wconf 88' lang='lat' dir='ltr'><strong>tum</strong></span> <span class='ocrx_word' id='word_1_130' title='bbox 992 1731 1033 1799; x_wconf 89' lang='lat' dir='ltr'><strong>de</strong></span> 
     </span>
     <span class='ocr_line' id='line_1_15' title="bbox 21 1839 1033 1934; baseline 0.001 -26"><span class='ocrx_word' id='word_1_131' title='bbox 21 1846 108 1910; x_wconf 69' lang='lat' dir='ltr'><strong>tione</strong></span> <span class='ocrx_word' id='word_1_132' title='bbox 125 1843 159 1910; x_wconf 92' lang='lat' dir='ltr'><strong>in</strong></span> <span class='ocrx_word' id='word_1_133' title='bbox 174 1844 256 1909; x_wconf 91' lang='lat' dir='ltr'><strong>rubo</strong></span> <span class='ocrx_word' id='word_1_134' title='bbox 277 1839 396 1918; x_wconf 88' lang='lat' dir='ltr'><strong>oblata,</strong></span> <span class='ocrx_word' id='word_1_135' title='bbox 414 1854 484 1907; x_wconf 90' lang='lat' dir='ltr'><strong>tum</strong></span> <span class='ocrx_word' id='word_1_136' title='bbox 500 1841 540 1906; x_wconf 89' lang='lat' dir='ltr'><strong>de</strong></span> <span class='ocrx_word' id='word_1_137' title='bbox 559 1839 706 1932; x_wconf 88' lang='lat' dir='ltr'><strong>imposita</strong></span> <span class='ocrx_word' id='word_1_138' title='bbox 727 1841 867 1908; x_wconf 89' lang='lat' dir='ltr'><strong>nominis</strong></span> <span class='ocrx_word' id='word_1_139' title='bbox 884 1841 964 1909; x_wconf 83' lang='lat' dir='ltr'><strong>lesu</strong></span> <span class='ocrx_word' id='word_1_140' title='bbox 980 1866 1033 1934; x_wconf 80' lang='lat' dir='ltr'><strong>ap</strong></span> 
     </span>
     <span class='ocr_line' id='line_1_16' title="bbox 21 1949 1032 2040; baseline 0.001 -22"><span class='ocrx_word' id='word_1_141' title='bbox 21 1953 160 2020; x_wconf 88' lang='lat' dir='ltr'><strong>llntioue</strong></span> <span class='ocrx_word' id='word_1_142' title='bbox 168 1977 177 2026; x_wconf 90' lang='lat'>;</span> <span class='ocrx_word' id='word_1_143' title='bbox 192 1964 326 2040; x_wconf 86' lang='lat' dir='ltr'><strong>tumque</strong></span> <span class='ocrx_word' id='word_1_144' title='bbox 345 1951 415 2018; x_wconf 84' lang='lat' dir='ltr'><strong>haec</strong></span> <span class='ocrx_word' id='word_1_145' title='bbox 429 1952 561 2040; x_wconf 88' lang='lat' dir='ltr'><strong>insuper</strong></span> <span class='ocrx_word' id='word_1_146' title='bbox 576 1949 706 2017; x_wconf 79' lang='lat' dir='ltr'><strong>addidi:</strong></span> <span class='ocrx_word' id='word_1_147' title='bbox 721 1951 768 2019; x_wconf 89' lang='lat' dir='ltr'><strong>Ne</strong></span> <span class='ocrx_word' id='word_1_148' title='bbox 778 1950 969 2018; x_wconf 52' lang='lat' dir='ltr'><strong>‚existimetis</strong></span> <span class='ocrx_word' id='word_1_149' title='bbox 980 1976 1032 2019; x_wconf 88' lang='lat' dir='ltr'><strong>me</strong></span> 
     </span>
     <span class='ocr_line' id='line_1_17' title="bbox 21 2059 1029 2154; baseline -0.001 -25"><span class='ocrx_word' id='word_1_150' title='bbox 21 2061 94 2129; x_wconf 89' lang='lat' dir='ltr'><strong>rbis</strong></span> <span class='ocrx_word' id='word_1_151' title='bbox 106 2059 358 2150; x_wconf 86' lang='lat' dir='ltr'><strong>superfluentem</strong></span> <span class='ocrx_word' id='word_1_152' title='bbox 373 2062 442 2129; x_wconf 64' lang='lat' dir='ltr'><strong>baec</strong></span> <span class='ocrx_word' id='word_1_153' title='bbox 453 2059 566 2152; x_wconf 79' lang='lat' dir='ltr'><strong>saepius</strong></span> <span class='ocrx_word' id='word_1_154' title='bbox 581 2061 713 2135; x_wconf 71' lang='lat' dir='ltr'><strong>iterares</strong></span> <span class='ocrx_word' id='word_1_155' title='bbox 729 2060 786 2128; x_wconf 85' lang='lat' dir='ltr'><strong>sod</strong></span> <span class='ocrx_word' id='word_1_156' title='bbox 803 2062 877 2154; x_wconf 90' lang='lat' dir='ltr'><strong>quia</strong></span> <span class='ocrx_word' id='word_1_157' title='bbox 893 2059 1029 2130; x_wconf 90' lang='lat' dir='ltr'><strong>nonnul-</strong></span> 
     </span>
     <span class='ocr_line' id='line_1_18' title="bbox 21 2169 1030 2261; baseline 0.002 -23"><span class='ocrx_word' id='word_1_158' title='bbox 21 2197 31 2238; x_wconf 81' lang='lat' dir='ltr'><strong>s</strong></span> <span class='ocrx_word' id='word_1_159' title='bbox 48 2171 151 2238; x_wconf 88' lang='lat' dir='ltr'><strong>etiam</strong></span> <span class='ocrx_word' id='word_1_160' title='bbox 166 2193 235 2238; x_wconf 86' lang='lat' dir='ltr'><strong>esse</strong></span> <span class='ocrx_word' id='word_1_161' title='bbox 249 2171 316 2238; x_wconf 86' lang='lat' dir='ltr'><strong>scio</strong></span> <span class='ocrx_word' id='word_1_162' title='bbox 328 2169 381 2258; x_wconf 83' lang='lat' dir='ltr'><strong>qui</strong></span> <span class='ocrx_word' id='word_1_163' title='bbox 400 2169 469 2238; x_wconf 81' lang='lat' dir='ltr'><strong>baec</strong></span> <span class='ocrx_word' id='word_1_164' title='bbox 484 2192 643 2261; x_wconf 88' lang='lat' dir='ltr'><strong>occupare</strong></span> <span class='ocrx_word' id='word_1_165' title='bbox 657 2169 768 2248; x_wconf 79' lang='lat' dir='ltr'><strong>velint,-</strong></span> <span class='ocrx_word' id='word_1_166' title='bbox 784 2193 824 2239; x_wconf 87' lang='lat' dir='ltr'><strong>ac</strong></span> <span class='ocrx_word' id='word_1_167' title='bbox 849 2171 956 2240; x_wconf 85' lang='lat' dir='ltr'><strong>dicere</strong></span> <span class='ocrx_word' id='word_1_168' title='bbox 970 2173 1030 2239; x_wconf 77' lang='lat' dir='ltr'><strong>vir</strong></span> 
     </span>
     <span class='ocr_line' id='line_1_19' title="bbox 21 2277 1031 2370; baseline 0.002 -22"><span class='ocrx_word' id='word_1_169' title='bbox 21 2295 91 2348; x_wconf 85' lang='lat' dir='ltr'><strong>tem</strong></span> <span class='ocrx_word' id='word_1_170' title='bbox 103 2278 203 2356; x_wconf 92' lang='lat' dir='ltr'><strong>illam,</strong></span> <span class='ocrx_word' id='word_1_171' title='bbox 217 2303 288 2370; x_wconf 77' lang='lat' dir='ltr'><strong>quos</strong></span> <span class='ocrx_word' id='word_1_172' title='bbox 299 2302 317 2345; x_wconf 86' lang='lat' dir='ltr'><strong>a</strong></span> <span class='ocrx_word' id='word_1_173' title='bbox 329 2277 423 2346; x_wconf 85' lang='lat' dir='ltr'><strong>Putre</strong></span> <span class='ocrx_word' id='word_1_174' title='bbox 435 2278 656 2347; x_wconf 86' lang='lat' dir='ltr'><strong>universorum</strong></span> <span class='ocrx_word' id='word_1_175' title='bbox 667 2279 745 2348; x_wconf 86' lang='lat' dir='ltr'><strong>blosi</strong></span> <span class='ocrx_word' id='word_1_176' title='bbox 761 2295 816 2348; x_wconf 85' lang='lat' dir='ltr'><strong>aut</strong></span> <span class='ocrx_word' id='word_1_177' title='bbox 827 2281 964 2351; x_wconf 76' lang='lat' dir='ltr'><strong>Abrabae</strong></span> <span class='ocrx_word' id='word_1_178' title='bbox 975 2295 1031 2350; x_wconf 87' lang='lat' dir='ltr'><strong>aut</strong></span> 
     </span>
     <span class='ocr_line' id='line_1_20' title="bbox 23 2387 1029 2484; baseline 0.001 -24"><span class='ocrx_word' id='word_1_179' title='bbox 23 2396 88 2460; x_wconf 89' lang='lat' dir='ltr'><strong>cob</strong></span> <span class='ocrx_word' id='word_1_180' title='bbox 98 2393 259 2482; x_wconf 92' lang='lat' dir='ltr'><strong>apparuit,</strong></span> <span class='ocrx_word' id='word_1_181' title='bbox 269 2387 426 2481; x_wconf 78' lang='lat' dir='ltr'><strong>Angelum</strong></span> <span class='ocrx_word' id='word_1_182' title='bbox 434 2389 540 2457; x_wconf 87' lang='lat' dir='ltr'><strong>vocari</strong></span> <span class='ocrx_word' id='word_1_183' title='bbox 551 2412 629 2457; x_wconf 90' lang='lat' dir='ltr'><strong>cum</strong></span> <span class='ocrx_word' id='word_1_184' title='bbox 639 2391 681 2457; x_wconf 88' lang='lat' dir='ltr'><strong>ad</strong></span> <span class='ocrx_word' id='word_1_185' title='bbox 692 2391 836 2461; x_wconf 89' lang='lat' dir='ltr'><strong>homines</strong></span> <span class='ocrx_word' id='word_1_186' title='bbox 847 2394 946 2470; x_wconf 80' lang='lat' dir='ltr'><strong>venit,</strong></span> <span class='ocrx_word' id='word_1_187' title='bbox 956 2396 1029 2484; x_wconf 84' lang='lat' dir='ltr'><strong>quia</strong></span> 
     </span>
    </p>
   </div>
   <div class='ocr_carea' id='block_1_3' title="bbox 22 2499 1129 2585">
    <p class='ocr_par' dir='ltr' id='par_1_4' title="bbox 22 2499 1129 2585">
     <span class='ocr_line' id='line_1_21' title="bbox 22 2499 1129 2585; baseline 0.012 -23"><span class='ocrx_word' id='word_1_188' title='bbox 22 2527 46 2568; x_wconf 63' lang='grc' dir='ltr'><strong>ει</strong></span> <span class='ocrx_word' id='word_1_189' title='bbox 62 2523 136 2567; x_wconf 86' lang='lat' dir='ltr'><strong>eom</strong></span> <span class='ocrx_word' id='word_1_190' title='bbox 151 2500 299 2568; x_wconf 85' lang='lat' dir='ltr'><strong>mandata</strong></span> <span class='ocrx_word' id='word_1_191' title='bbox 321 2501 421 2568; x_wconf 84' lang='lat' dir='ltr'><strong>Putris</strong></span> <span class='ocrx_word' id='word_1_192' title='bbox 440 2500 625 2568; x_wconf 88' lang='lat' dir='ltr'><strong>bominibus</strong></span> <span class='ocrx_word' id='word_1_193' title='bbox 644 2501 847 2580; x_wconf 67' lang='lat' dir='ltr'><strong>nuntiantun</strong></span> <span class='ocrx_word' id='word_1_194' title='bbox 873 2503 1029 2585; x_wconf 76' lang='lat' dir='ltr'><strong>Gloriam,</strong></span> <span class='ocrx_word' id='word_1_195' title='bbox 1126 2499 1129 2508; x_wconf 64' lang='grc'>’</span> 
     </span>
    </p>
   </div>
   <div class='ocr_carea' id='block_1_4' title="bbox 23 2611 1032 3916">
    <p class='ocr_par' dir='ltr' id='par_1_5' title="bbox 23 2611 1032 3916">
     <span class='ocr_line' id='line_1_22' title="bbox 23 2611 1026 2704; baseline 0.006 -28"><span class='ocrx_word' id='word_1_196' title='bbox 23 2613 63 2677; x_wconf 79' lang='lat' dir='ltr'><strong>rio</strong></span> <span class='ocrx_word' id='word_1_197' title='bbox 76 2633 135 2701; x_wconf 84' lang='lat' dir='ltr'><strong>per</strong></span> <span class='ocrx_word' id='word_1_198' title='bbox 146 2611 222 2690; x_wconf 82' lang='lat' dir='ltr'><strong>visa,</strong></span> <span class='ocrx_word' id='word_1_199' title='bbox 232 2635 302 2700; x_wconf 71' lang='lat' dir='ltr'><strong>quse</strong></span> <span class='ocrx_word' id='word_1_200' title='bbox 314 2611 463 2679; x_wconf 85' lang='lat' dir='ltr'><strong>sustineri</strong></span> <span class='ocrx_word' id='word_1_201' title='bbox 474 2635 539 2679; x_wconf 90' lang='lat' dir='ltr'><strong>non</strong></span> <span class='ocrx_word' id='word_1_202' title='bbox 549 2626 695 2702; x_wconf 83' lang='lat' dir='ltr'><strong>possunt,</strong></span> <span class='ocrx_word' id='word_1_203' title='bbox 708 2626 839 2704; x_wconf 82' lang='lat' dir='ltr'><strong>apparet</strong></span> <span class='ocrx_word' id='word_1_204' title='bbox 850 2613 1026 2690; x_wconf 75' lang='lat' dir='ltr'><strong>interdum:</strong></span> 
     </span>
     <span class='ocr_line' id='line_1_23' title="bbox 28 2721 1029 2819; baseline 0.005 -30"><span class='ocrx_word' id='word_1_205' title='bbox 28 2747 105 2790; x_wconf 89' lang='lat' dir='ltr'><strong>rum</strong></span> <span class='ocrx_word' id='word_1_206' title='bbox 121 2721 291 2814; x_wconf 88' lang='lat' dir='ltr'><strong>aliquando</strong></span> <span class='ocrx_word' id='word_1_207' title='bbox 301 2736 335 2792; x_wconf 93' lang='lat' dir='ltr'><strong>et</strong></span> <span class='ocrx_word' id='word_1_208' title='bbox 345 2726 530 2802; x_wconf 86' lang='lat' dir='ltr'><strong>Hominem,</strong></span> <span class='ocrx_word' id='word_1_209' title='bbox 545 2727 619 2815; x_wconf 88' lang='lat' dir='ltr'><strong>quin</strong></span> <span class='ocrx_word' id='word_1_210' title='bbox 632 2725 665 2792; x_wconf 90' lang='lat' dir='ltr'><strong>in</strong></span> <span class='ocrx_word' id='word_1_211' title='bbox 675 2725 835 2815; x_wconf 87' lang='lat' dir='ltr'><strong>ejusmodi</strong></span> <span class='ocrx_word' id='word_1_212' title='bbox 849 2725 959 2794; x_wconf 79' lang='lat' dir='ltr'><strong>formis</strong></span> <span class='ocrx_word' id='word_1_213' title='bbox 971 2752 1029 2819; x_wconf 88' lang='lat' dir='ltr'><strong>pro</strong></span> 
     </span>
     <span class='ocr_line' id='line_1_24' title="bbox 24 2832 1029 2934; baseline 0 -33"><span class='ocrx_word' id='word_1_214' title='bbox 24 2835 152 2901; x_wconf 83' lang='lat' dir='ltr'><strong>luntate</strong></span> <span class='ocrx_word' id='word_1_215' title='bbox 173 2833 274 2900; x_wconf 87' lang='lat' dir='ltr'><strong>Patris</strong></span> <span class='ocrx_word' id='word_1_216' title='bbox 292 2835 502 2924; x_wconf 84' lang='lat' dir='ltr'><strong>conspicitur;</strong></span> <span class='ocrx_word' id='word_1_217' title='bbox 525 2832 669 2901; x_wconf 85' lang='lat' dir='ltr'><strong>Verbum</strong></span> <span class='ocrx_word' id='word_1_218' title='bbox 694 2834 833 2924; x_wconf 88' lang='lat' dir='ltr'><strong>denique</strong></span> <span class='ocrx_word' id='word_1_219' title='bbox 855 2833 1029 2934; x_wconf 85' lang='lat' dir='ltr'><strong>appellant,</strong></span> 
     </span>
     <span class='ocr_line' id='line_1_25' title="bbox 24 2943 1030 3034; baseline 0.005 -25"><span class='ocrx_word' id='word_1_220' title='bbox 24 2946 64 3010; x_wconf 78' lang='lat' dir='ltr'><strong>rio</strong></span> <span class='ocrx_word' id='word_1_221' title='bbox 78 2943 179 3008; x_wconf 88' lang='lat' dir='ltr'><strong>Patris</strong></span> <span class='ocrx_word' id='word_1_222' title='bbox 195 2965 358 3010; x_wconf 84' lang='lat' dir='ltr'><strong>sermones</strong></span> <span class='ocrx_word' id='word_1_223' title='bbox 368 2943 410 3008; x_wconf 92' lang='lat' dir='ltr'><strong>ad</strong></span> <span class='ocrx_word' id='word_1_224' title='bbox 420 2943 567 3010; x_wconf 89' lang='lat' dir='ltr'><strong>homiues</strong></span> <span class='ocrx_word' id='word_1_225' title='bbox 581 2943 731 3034; x_wconf 83' lang='lat' dir='ltr'><strong>perferat.</strong></span> <span class='ocrx_word' id='word_1_226' title='bbox 747 2945 838 3012; x_wconf 88' lang='lat' dir='ltr'><strong>Hanc</strong></span> <span class='ocrx_word' id='word_1_227' title='bbox 850 2957 958 3011; x_wconf 89' lang='lat' dir='ltr'><strong>autem</strong></span> <span class='ocrx_word' id='word_1_228' title='bbox 970 2946 1030 3014; x_wconf 86' lang='lat' dir='ltr'><strong>vir·</strong></span> 
     </span>
     <span class='ocr_line' id='line_1_26' title="bbox 27 3051 1031 3145; baseline 0.006 -27"><span class='ocrx_word' id='word_1_229' title='bbox 27 3067 125 3120; x_wconf 87' lang='lat' dir='ltr'><strong>tema</strong></span> <span class='ocrx_word' id='word_1_230' title='bbox 141 3051 234 3119; x_wconf 85' lang='lat' dir='ltr'><strong>Patre</strong></span> <span class='ocrx_word' id='word_1_231' title='bbox 245 3053 388 3120; x_wconf 86' lang='lat' dir='ltr'><strong>abscindi</strong></span> <span class='ocrx_word' id='word_1_232' title='bbox 404 3066 460 3120; x_wconf 89' lang='lat' dir='ltr'><strong>aut</strong></span> <span class='ocrx_word' id='word_1_233' title='bbox 475 3053 613 3142; x_wconf 84' lang='lat' dir='ltr'><strong>separari</strong></span> <span class='ocrx_word' id='word_1_234' title='bbox 626 3077 691 3120; x_wconf 93' lang='lat' dir='ltr'><strong>non</strong></span> <span class='ocrx_word' id='word_1_235' title='bbox 703 3077 808 3143; x_wconf 87' lang='lat' dir='ltr'><strong>posse,</strong></span> <span class='ocrx_word' id='word_1_236' title='bbox 824 3057 1031 3145; x_wconf 77' lang='lat' dir='ltr'><strong>quemadmo</strong></span> 
     </span>
     <span class='ocr_line' id='line_1_27' title="bbox 25 3146 1030 3256; baseline 0.01 -30"><span class='ocrx_word' id='word_1_237' title='bbox 25 3185 75 3226; x_wconf 89' lang='grc' dir='ltr'>ιιιι</span> <span class='ocrx_word' id='word_1_238' title='bbox 95 3159 149 3226; x_wconf 83' lang='lat' dir='ltr'><strong>lux</strong></span> <span class='ocrx_word' id='word_1_239' title='bbox 168 3161 240 3227; x_wconf 89' lang='lat' dir='ltr'><strong>solis</strong></span> <span class='ocrx_word' id='word_1_240' title='bbox 256 3163 289 3228; x_wconf 92' lang='lat' dir='ltr'><strong>in</strong></span> <span class='ocrx_word' id='word_1_241' title='bbox 308 3175 392 3230; x_wconf 83' lang='lat' dir='ltr'><strong>tarra</strong></span> <span class='ocrx_word' id='word_1_242' title='bbox 409 3162 555 3230; x_wconf 86' lang='lat' dir='ltr'><strong>abscindi</strong></span> <span class='ocrx_word' id='word_1_243' title='bbox 575 3175 608 3230; x_wconf 89' lang='lat' dir='ltr'><strong>et</strong></span> <span class='ocrx_word' id='word_1_244' title='bbox 630 3164 768 3254; x_wconf 86' lang='lat' dir='ltr'><strong>separari</strong></span> <span class='ocrx_word' id='word_1_245' title='bbox 789 3146 903 3256; x_wconf 81' lang='lat' dir='ltr'><strong>nequit</strong></span> <span class='ocrx_word' id='word_1_246' title='bbox 923 3191 942 3234; x_wconf 90' lang='lat' dir='ltr'><strong>o</strong></span> <span class='ocrx_word' id='word_1_247' title='bbox 964 3169 1030 3238; x_wconf 84' lang='lat' dir='ltr'><strong>sole</strong></span> 
     </span>
     <span class='ocr_line' id='line_1_28' title="bbox 26 3265 1030 3349; baseline 0.014 -17"><span class='ocrx_word' id='word_1_248' title='bbox 26 3270 49 3334; x_wconf 80' lang='lat' dir='ltr'><strong>ri</strong></span> <span class='ocrx_word' id='word_1_249' title='bbox 66 3279 113 3332; x_wconf 86' lang='lat' dir='ltr'><strong>est</strong></span> <span class='ocrx_word' id='word_1_250' title='bbox 127 3266 159 3333; x_wconf 93' lang='lat' dir='ltr'><strong>in</strong></span> <span class='ocrx_word' id='word_1_251' title='bbox 175 3265 269 3344; x_wconf 82' lang='lat' dir='ltr'><strong>coelo,</strong></span> <span class='ocrx_word' id='word_1_252' title='bbox 282 3281 401 3336; x_wconf 87' lang='lat' dir='ltr'><strong>etcum</strong></span> <span class='ocrx_word' id='word_1_253' title='bbox 416 3270 463 3338; x_wconf 88' lang='lat' dir='ltr'><strong>sol</strong></span> <span class='ocrx_word' id='word_1_254' title='bbox 478 3271 646 3349; x_wconf 85' lang='lat' dir='ltr'><strong>occiderit,</strong></span> <span class='ocrx_word' id='word_1_255' title='bbox 659 3270 714 3338; x_wconf 85' lang='lat' dir='ltr'><strong>lux</strong></span> <span class='ocrx_word' id='word_1_256' title='bbox 725 3272 819 3340; x_wconf 89' lang='lat' dir='ltr'><strong>simul</strong></span> <span class='ocrx_word' id='word_1_257' title='bbox 830 3276 948 3344; x_wconf 89' lang='lat' dir='ltr'><strong>occidit</strong></span> <span class='ocrx_word' id='word_1_258' title='bbox 961 3300 969 3342; x_wconf 75' lang='grc' dir='ltr'><strong>ε</strong></span> <span class='ocrx_word' id='word_1_259' title='bbox 984 3278 1030 3346; x_wconf 89' lang='lat' dir='ltr'><strong>sic</strong></span> 
     </span>
     <span class='ocr_line' id='line_1_29' title="bbox 26 3376 1032 3476; baseline 0.01 -31"><span class='ocrx_word' id='word_1_260' title='bbox 26 3403 70 3445; x_wconf 79' lang='lat' dir='ltr'><strong>tm</strong></span> <span class='ocrx_word' id='word_1_261' title='bbox 84 3376 150 3443; x_wconf 86' lang='lat' dir='ltr'><strong>vult</strong></span> <span class='ocrx_word' id='word_1_262' title='bbox 164 3377 271 3455; x_wconf 86' lang='lat' dir='ltr'><strong>Pater,</strong></span> <span class='ocrx_word' id='word_1_263' title='bbox 283 3379 443 3469; x_wconf 87' lang='lat' dir='ltr'><strong>inquiunt,</strong></span> <span class='ocrx_word' id='word_1_264' title='bbox 459 3381 537 3450; x_wconf 84' lang='lat' dir='ltr'><strong>lucit</strong></span> <span class='ocrx_word' id='word_1_265' title='bbox 548 3396 584 3452; x_wconf 86' lang='lat' dir='ltr'><strong>ut</strong></span> <span class='ocrx_word' id='word_1_266' title='bbox 595 3382 694 3452; x_wconf 83' lang='lat' dir='ltr'><strong>virtus</strong></span> <span class='ocrx_word' id='word_1_267' title='bbox 706 3385 777 3473; x_wconf 87' lang='lat' dir='ltr'><strong>ejus</strong></span> <span class='ocrx_word' id='word_1_268' title='bbox 791 3385 948 3476; x_wconf 66' lang='lat' dir='ltr'><strong>prosiliat:</strong></span> <span class='ocrx_word' id='word_1_269' title='bbox 962 3411 1032 3454; x_wconf 90' lang='lat' dir='ltr'><strong>rur-</strong></span> 
     </span>
     <span class='ocr_line' id='line_1_30' title="bbox 30 3484 1031 3581; baseline 0.012 -26"><span class='ocrx_word' id='word_1_270' title='bbox 30 3512 45 3555; x_wconf 89' lang='lat' dir='ltr'><strong>s</strong></span> <span class='ocrx_word' id='word_1_271' title='bbox 62 3509 136 3553; x_wconf 88' lang='lat' dir='ltr'><strong>eum</strong></span> <span class='ocrx_word' id='word_1_272' title='bbox 147 3484 228 3564; x_wconf 86' lang='lat' dir='ltr'><strong>vult,</strong></span> <span class='ocrx_word' id='word_1_273' title='bbox 245 3485 332 3556; x_wconf 90' lang='lat' dir='ltr'><strong>illam</strong></span> <span class='ocrx_word' id='word_1_274' title='bbox 345 3487 386 3555; x_wconf 86' lang='lat' dir='ltr'><strong>od</strong></span> <span class='ocrx_word' id='word_1_275' title='bbox 401 3490 539 3581; x_wconf 83' lang='lat' dir='ltr'><strong>scipsum</strong></span> <span class='ocrx_word' id='word_1_276' title='bbox 555 3491 702 3578; x_wconf 72' lang='lat' dir='ltr'><strong>reflectit.</strong></span> <span class='ocrx_word' id='word_1_277' title='bbox 718 3494 841 3562; x_wconf 85' lang='lat' dir='ltr'><strong>Eodem</strong></span> <span class='ocrx_word' id='word_1_278' title='bbox 860 3497 957 3564; x_wconf 90' lang='lat' dir='ltr'><strong>modo</strong></span> <span class='ocrx_word' id='word_1_279' title='bbox 971 3522 1031 3568; x_wconf 79' lang='lat' dir='ltr'><strong>an-</strong></span> 
     </span>
     <span class='ocr_line' id='line_1_31' title="bbox 27 3597 1028 3696; baseline 0.019 -34"><span class='ocrx_word' id='word_1_280' title='bbox 27 3598 85 3665; x_wconf 69' lang='lat' dir='ltr'><strong>elos</strong></span> <span class='ocrx_word' id='word_1_281' title='bbox 100 3597 195 3663; x_wconf 87' lang='lat' dir='ltr'><strong>etiam</strong></span> <span class='ocrx_word' id='word_1_282' title='bbox 213 3600 254 3665; x_wconf 90' lang='lat' dir='ltr'><strong>ab</strong></span> <span class='ocrx_word' id='word_1_283' title='bbox 273 3623 313 3665; x_wconf 89' lang='lat' dir='ltr'><strong>eo</strong></span> <span class='ocrx_word' id='word_1_284' title='bbox 335 3599 405 3666; x_wconf 83' lang='lat' dir='ltr'><strong>lieri</strong></span> <span class='ocrx_word' id='word_1_285' title='bbox 424 3601 552 3669; x_wconf 80' lang='lat' dir='ltr'><strong>docent.</strong></span> <span class='ocrx_word' id='word_1_286' title='bbox 579 3602 645 3670; x_wconf 84' lang='lat' dir='ltr'><strong>Sed</strong></span> <span class='ocrx_word' id='word_1_287' title='bbox 661 3602 789 3694; x_wconf 76' lang='lat' dir='ltr'><strong>angelos</strong></span> <span class='ocrx_word' id='word_1_288' title='bbox 812 3605 942 3696; x_wconf 78' lang='lat' dir='ltr'><strong>quidem</strong></span> <span class='ocrx_word' id='word_1_289' title='bbox 960 3635 1028 3679; x_wconf 80' lang='lat' dir='ltr'><strong>csso</strong></span> 
     </span>
     <span class='ocr_line' id='line_1_32' title="bbox 27 3713 1027 3804; baseline 0.015 -30"><span class='ocrx_word' id='word_1_290' title='bbox 27 3735 31 3774; x_wconf 79' lang='lat' dir='ltr'><strong>t</strong></span> <span class='ocrx_word' id='word_1_291' title='bbox 56 3729 178 3796; x_wconf 86' lang='lat' dir='ltr'><strong>semper</strong></span> <span class='ocrx_word' id='word_1_292' title='bbox 195 3731 344 3788; x_wconf 88' lang='lat' dir='ltr'><strong>manere,</strong></span> <span class='ocrx_word' id='word_1_293' title='bbox 363 3735 467 3802; x_wconf 89' lang='lat' dir='ltr'><strong>neque</strong></span> <span class='ocrx_word' id='word_1_294' title='bbox 485 3713 518 3780; x_wconf 90' lang='lat' dir='ltr'><strong>in</strong></span> <span class='ocrx_word' id='word_1_295' title='bbox 536 3713 570 3780; x_wconf 94' lang='lat' dir='ltr'><strong>id</strong></span> <span class='ocrx_word' id='word_1_296' title='bbox 590 3737 629 3780; x_wconf 85' lang='lat' dir='ltr'><strong>ex</strong></span> <span class='ocrx_word' id='word_1_297' title='bbox 648 3738 712 3804; x_wconf 87' lang='lat' dir='ltr'><strong>quo</strong></span> <span class='ocrx_word' id='word_1_298' title='bbox 734 3715 866 3785; x_wconf 84' lang='lat' dir='ltr'><strong>extitere</strong></span> <span class='ocrx_word' id='word_1_299' title='bbox 887 3720 1027 3800; x_wconf 88' lang='lat' dir='ltr'><strong>dissolvi,</strong></span> 
     </span>
     <span class='ocr_line' id='line_1_33' title="bbox 28 3817 1028 3916; baseline 0.017 -34"><span class='ocrx_word' id='word_1_300' title='bbox 28 3829 244 3886; x_wconf 69' lang='lat' dir='ltr'><strong>tmonstratum</strong></span> <span class='ocrx_word' id='word_1_301' title='bbox 264 3833 321 3887; x_wconf 87' lang='lat' dir='ltr'><strong>est.</strong></span> <span class='ocrx_word' id='word_1_302' title='bbox 341 3817 432 3889; x_wconf 87' lang='lat' dir='ltr'><strong>Illam</strong></span> <span class='ocrx_word' id='word_1_303' title='bbox 457 3833 565 3892; x_wconf 87' lang='lat' dir='ltr'><strong>autem</strong></span> <span class='ocrx_word' id='word_1_304' title='bbox 581 3822 747 3904; x_wconf 83' lang='lat' dir='ltr'><strong>virtutem,</strong></span> <span class='ocrx_word' id='word_1_305' title='bbox 765 3851 862 3916; x_wconf 88' lang='lat' dir='ltr'><strong>quam</strong></span> <span class='ocrx_word' id='word_1_306' title='bbox 881 3831 1028 3898; x_wconf 85' lang='lat' dir='ltr'><strong>etDeum</strong></span> 
     </span>
    </p>
   </div>
   <div class='ocr_carea' id='block_1_5' title="bbox 28 3947 722 4022">
    <p class='ocr_par' dir='ltr' id='par_1_6' title="bbox 28 3947 722 4022">
     <span class='ocr_line' id='line_1_34' title="bbox 28 3947 722 4022; baseline 0.014 -24"><span class='ocrx_word' id='word_1_307' title='bbox 28 3947 34 3981; x_wconf 85' lang='lat'><strong>¹</strong></span> <span class='ocrx_word' id='word_1_308' title='bbox 46 3949 111 3998; x_wconf 84' lang='lat' dir='ltr'><strong>Gen.</strong></span> <span class='ocrx_word' id='word_1_309' title='bbox 125 3965 173 4012; x_wconf 82' lang='grc' dir='ltr'>ιιι,</span> <span class='ocrx_word' id='word_1_310' title='bbox 187 3951 223 4009; x_wconf 76' lang='lat' dir='ltr'><strong>al,</strong></span> <span class='ocrx_word' id='word_1_311' title='bbox 238 3977 269 3989; x_wconf 96' lang='lat'><em>-</em></span> <span class='ocrx_word' id='word_1_312' title='bbox 278 3949 289 3986; x_wconf 89' lang='lat'>²</span> <span class='ocrx_word' id='word_1_313' title='bbox 299 3951 365 4004; x_wconf 70' lang='lat' dir='ltr'><strong>reat.</strong></span> <span class='ocrx_word' id='word_1_314' title='bbox 378 3970 452 4015; x_wconf 80' lang='grc' dir='ltr'>ιιιιι,</span> <span class='ocrx_word' id='word_1_315' title='bbox 465 3971 489 4022; x_wconf 81' lang='lat'><strong>7.</strong></span> <span class='ocrx_word' id='word_1_316' title='bbox 500 3983 532 3996; x_wconf 90' lang='lat'>-</span> <span class='ocrx_word' id='word_1_317' title='bbox 541 3955 550 3990; x_wconf 80' lang='lat'>⁸</span> <span class='ocrx_word' id='word_1_318' title='bbox 560 3955 624 4010; x_wconf 77' lang='lat' dir='ltr'><strong>Pul.</strong></span> <span class='ocrx_word' id='word_1_319' title='bbox 635 3973 688 4018; x_wconf 82' lang='lat' dir='ltr'><strong>m,</strong></span> <span class='ocrx_word' id='word_1_320' title='bbox 699 3973 722 4008; x_wconf 90' lang='grc' dir='ltr'><strong>ι.</strong></span> 
     </span>
    </p>
   </div>
   <div class='ocr_carea' id='block_1_6' title="bbox 87 4055 873 4136">
    <p class='ocr_par' dir='ltr' id='par_1_7' title="bbox 87 4055 873 4136">
     <span class='ocr_line' id='line_1_35' title="bbox 87 4055 873 4136; baseline 0.015 -36"><span class='ocrx_word' id='word_1_321' title='bbox 87 4055 106 4100; x_wconf 87' lang='lat'><strong>1.</strong></span> <span class='ocrx_word' id='word_1_322' title='bbox 831 4069 873 4136; x_wconf 71' lang='lat'><strong>29</strong></span> 
     </span>
    </p>
   </div>
   <div class='ocr_carea' id='block_1_7' title="bbox 0 0 1327 4622">
    <p class='ocr_par' dir='ltr' id='par_1_8' title="bbox 0 0 1327 4622">
     <span class='ocr_line' id='line_1_36' title="bbox 0 0 1327 4622; baseline 0 0"><span class='ocrx_word' id='word_1_323' title='bbox 0 0 1327 4622; x_wconf 95' lang='lat' dir='ltr'><strong> </strong></span> 
     </span>
    </p>
   </div>
  </div>
 </body>
</html>
