2516 4636
400 343 522 388 coarat
546 344 696 390 narrans.
999 315 1058 406 591

6 453 150 518 habens
166 451 281 527 Adam,
304 451 390 540 virgo
408 462 515 517 tamen
533 450 638 519 adhuc
651 449 787 517 existens
812 451 847 538 (r
867 461 957 517 erant
978 449 1065 516 enim

6 590 31 644 Ιι
53 563 184 650 utrique
196 561 272 626 nudi
285 561 322 623 ἰιι
332 559 509 656 Paradiso,
519 572 551 626 et
563 583 627 626 non
638 556 949 634 confundebantur¹‚
961 579 1065 648 »quo-

5 673 129 756 niam,
146 669 241 760 paulo
256 679 329 736 ante
344 669 430 746 iacti,
447 691 511 735 non
530 667 725 735 intellectum
746 667 907 735 habebant
925 667 1065 734 filiorum

19 782 260 872 generationis;
273 783 438 871 oportebat
450 781 536 845 enim
548 775 616 846 illos
628 779 730 867 primo
742 775 935 855 adolescere,
948 777 1068 845 dehinc

5 893 75 980 ¹sic
85 889 322 980 multiplicari),
333 885 517 956 inobediens
530 889 625 965 sacta,
641 900 673 953 et
684 889 743 955 sibi
754 901 785 954 et
797 889 942 955 universo
957 887 1066 977 generi

4 1001 172 1066 humano
190 1023 283 1066 causa
300 999 381 1068 sacta
396 1011 443 1066 est
465 999 574 1065 mortis
591 1021 599 1062 ε
619 997 664 1064 sic
684 1009 716 1062 et
736 996 830 1062 Maria
846 998 966 1064 habens
983 1019 1067 1088 prae-

4 1195 6 1204 Ι
22 1108 225 1174 destinatum
241 1109 357 1188 virum,
369 1120 401 1174 et
419 1121 524 1174 tamon
536 1107 635 1197 virgo,
648 1105 810 1182 obediens,
823 1117 855 1173 et
870 1107 929 1173 sibi
949 1118 981 1173 et
999 1107 1068 1172 uni-

23 1241 123 1284 verso
134 1221 242 1308 generi
259 1220 398 1285 humano
414 1241 508 1286 causa
525 1219 606 1285 sacta
619 1229 667 1284 est
678 1216 797 1284 salutis.
812 1219 853 1284 Et
864 1229 993 1308 propter
1003 1219 1068 1286 hoc

4 1309 6 1317 Ι
24 1327 97 1394 Lex
111 1353 183 1395 eam
203 1354 273 1418 quae
296 1331 481 1419 desponsata
506 1315 574 1395 erat
589 1329 669 1406 viro,
692 1326 768 1395 iicet
786 1329 874 1419 virgo
889 1329 928 1395 sit
947 1329 1065 1406 adhuc,

3 1503 5 1516 ὲ
28 1461 165 1505 uxorem
181 1440 314 1528 ejusqui
330 1439 571 1528 desponsaverat
583 1437 708 1515 vocat²;
724 1462 796 1505 eam
814 1463 884 1527 que
902 1451 949 1505 est
965 1461 982 1503 a
1005 1439 1068 1505 Ma·

3 1531 5 1622 J
27 1549 77 1614 rin
98 1549 131 1613 in
154 1547 252 1614 Evam
275 1549 549 1618 rccirculationem
565 1547 745 1640 significans
767 1571 776 1614 t
800 1550 873 1637 quia
897 1573 961 1616 non
978 1549 1068 1616 alitor

3 1643 5 1652 ’
27 1657 120 1744 quod
136 1643 320 1747 colligatum
337 1671 385 1724 est
400 1657 587 1735 solveretur,
605 1659 663 1725 nisi
683 1660 758 1750 ipsae
779 1659 980 1750 compagines
999 1659 1071 1726 alli·

27 1767 166 1856 gationis
178 1767 384 1832 reflectantur
396 1781 568 1843 retrorsus3
586 1781 618 1833 ut
630 1769 740 1860 primae
752 1771 994 1858 conjunctiones
1007 1769 1068 1837 sol-

28 1888 148 1940 vantur
164 1900 222 1965 per
239 1877 405 1952 secundas,
427 1877 573 1944 secunde
591 1901 698 1946 rursus
723 1875 858 1946 liberent
877 1881 1004 1970 primas.
1027 1881 1068 1947 Et

1 1981 2 1986 ’
31 1984 139 2050 evcnit
152 1985 287 2073 primam
298 1987 427 2075 quidem
439 1987 658 2077 compaginem
673 2012 690 2052 a
707 1988 846 2054 secunda
868 1987 1067 2079 colligatione

32 2091 169 2170 aeirem,
182 2094 354 2161 secundam
366 2120 441 2162 vero
459 2095 692 2186 colligationem
707 2097 817 2186 primae
832 2097 995 2165 solutionis
1013 2099 1068 2165 hn-

30 2205 110 2268 bere
125 2201 244 2270 locum.
262 2205 303 2268 Et
326 2217 456 2292 propter
474 2204 537 2271 hoc
552 2206 708 2272 Dominus
720 2205 859 2281 dicebat,
871 2207 989 2294 primos
1001 2207 1069 2296 qui-

33 2313 108 2378 dom
116 2313 301 2379 novissimos
310 2311 446 2391 futuros,
459 2325 491 2380 et
504 2315 687 2381 novissimos
699 2315 842 2403 primos’.
858 2315 899 2381 Et
909 2315 1065 2408 Propheta

34 2435 142 2489 antem
154 2423 216 2489 hoo
228 2423 312 2489 idem
323 2423 490 2512 significat,
504 2423 612 2490 dicens
627 2448 635 2490 :
654 2449 667 2483 ι
681 2421 742 2490 Pro
760 2425 902 2512 patribus
915 2428 980 2492 nati
992 2439 1066 2494 sunt

35 2559 48 2592 ι
62 2530 118 2596 tihi
127 2529 207 2596 fitiit.
217 2529 445 2621 Primogenitns
452 2532 541 2596 enim
549 2529 785 2596 mortuorum⁵s
795 2545 888 2602 natas
896 2531 1063 2613 Dominus,

34 2652 67 2706 et
81 2641 114 2705 in
130 2641 233 2706 sinum
245 2661 336 2705 suum
349 2639 503 2726 recipiens
515 2639 662 2728 pristinos
675 2651 795 2729 patres,
805 2642 1001 2729 regeneravit
1010 2665 1065 2709 eos

33 2751 66 2816 in
81 2750 177 2816 vitam
188 2750 259 2825 Dei,
276 2751 341 2840 ipse
353 2749 478 2815 initium
490 2749 662 2814 viventium
675 2747 788 2825 sectus,
801 2749 951 2837 quoniam
960 2748 1064 2820 Adam

33 2861 157 2926 initium
169 2860 371 2926 morientium
385 2859 484 2924 iactus
496 2870 553 2922 est.
566 2857 700 2947 Propter
710 2857 774 2923 hoc
785 2868 817 2923 et
825 2857 926 2924 Lucas
938 2859 1064 2929 initium

35 2969 244 3058 generationis
263 2991 281 3032 a
297 2967 434 3032 Domino
454 2966 619 3042 inchoans,
637 2966 670 3032 in
690 2965 792 3031 Adam
807 2964 1064 3060 retulit,signis1-

36 3101 112 3144 cans
134 3075 284 3162 quoniam
304 3097 369 3139 non
389 3072 432 3140 illi
453 3074 552 3151 hunc,
571 3075 626 3140 sed
646 3074 700 3140 hio
716 3072 783 3141 illos
803 3075 835 3141 in
856 3075 1063 3168 Evangeiium

37 3189 107 3252 vitae
122 3184 326 3276 regeneravit.
346 3184 399 3251 Sic
414 3195 521 3250 autem
535 3197 567 3250 et
577 3183 652 3250 Evae
666 3183 885 3254 inobedientiae
898 3189 999 3255 nodus
1015 3214 1063 3258 so-

38 3293 190 3362 lutionem
205 3296 328 3386 accepit
343 3317 400 3383 per
415 3296 626 3362 obedientiam
646 3295 770 3363 Mariae:
792 3301 878 3387 quod
894 3301 979 3366 enim
997 3299 1062 3368 alli-

38 3405 119 3495 gavit
136 3405 223 3495 virgo
241 3405 306 3471 Eva
324 3429 382 3496 per
402 3404 667 3483 increduiitatem,
685 3406 747 3475 hoc
758 3409 845 3499 virgo
856 3409 952 3476 Maria
969 3409 1061 3478 solvit

39 3540 94 3608 per
106 3513 211 3582 iidem.

72 3662 152 3712 ¹Gen.
170 3681 198 3724 rr,
209 3663 248 3713 ιδ.
259 3663 308 3702 -2
319 3665 382 3715 Gen.
399 3683 437 3724 ιιι,
449 3665 474 3724 8,
490 3680 528 3730 17,
542 3683 580 3728 ro,
593 3683 632 3717 ss.
644 3693 673 3705 --
684 3666 694 3702 ⁸
705 3666 795 3718 Metth.
809 3683 861 3730 ιιι,
874 3667 914 3728 30,
926 3676 1002 3730 ctu,
1016 3668 1054 3720 16.

41 3779 69 3788 -
81 3749 88 3782 ⁶
100 3749 160 3800 Psoi.
174 3767 239 3810 ιιιι,
255 3769 263 3800 ι
268 3770 290 3818 7.
305 3781 335 3791 -—
346 3753 355 3786 5
365 3753 461 3804 Ceios».
474 3772 491 3814 ι,
507 3753 543 3803 ι8.
