<?xml version="1.0" encoding="UTF-8"?>
<!DOCTYPE html PUBLIC "-//W3C//DTD XHTML 1.0 Transitional//EN"
    "http://www.w3.org/TR/xhtml1/DTD/xhtml1-transitional.dtd">
<html xmlns="http://www.w3.org/1999/xhtml" xml:lang="en" lang="en">
 <head>
  <title>
</title>
<meta http-equiv="Content-Type" content="text/html;charset=utf-8" />
  <meta name='ocr-system' content='tesseract 3.04.00' />
  <meta name='ocr-capabilities' content='ocr_page ocr_carea ocr_par ocr_line ocrx_word'/>
</head>
<body>
  <div class='ocr_page' id='page_1' title='image "./collectioselect02guilgoog_0131.png"; bbox 0 0 2710 4662; ppageno 0'>
   <div class='ocr_carea' id='block_1_1' title="bbox 259 221 862 292">
    <p class='ocr_par' dir='ltr' id='par_1_1' title="bbox 259 221 862 292">
     <span class='ocr_line' id='line_1_1' title="bbox 259 221 862 292; baseline 0.008 -5"><span class='ocrx_word' id='word_1_1' title='bbox 259 221 318 288; x_wconf 77' lang='lat'><strong>116</strong></span> <span class='ocrx_word' id='word_1_2' title='bbox 680 246 862 292; x_wconf 74' lang='lat' dir='ltr'><strong>naarrermr</strong></span> 
     </span>
    </p>
   </div>
   <div class='ocr_carea' id='block_1_2' title="bbox 220 351 1309 2831">
    <p class='ocr_par' dir='ltr' id='par_1_2' title="bbox 220 351 1309 1861">
     <span class='ocr_line' id='line_1_2' title="bbox 255 351 1296 444; baseline 0.004 -28"><span class='ocrx_word' id='word_1_3' title='bbox 255 352 350 418; x_wconf 89' lang='lat' dir='ltr'><strong>modo</strong></span> <span class='ocrx_word' id='word_1_4' title='bbox 361 357 439 417; x_wconf 90' lang='lat' dir='ltr'><strong>eum</strong></span> <span class='ocrx_word' id='word_1_5' title='bbox 448 351 654 417; x_wconf 85' lang='lat' dir='ltr'><strong>ulcisceretur</strong></span> <span class='ocrx_word' id='word_1_6' title='bbox 661 375 719 440; x_wconf 92' lang='lat' dir='ltr'><strong>pro</strong></span> <span class='ocrx_word' id='word_1_7' title='bbox 731 355 864 430; x_wconf 89' lang='lat' dir='ltr'><strong>meritis,</strong></span> <span class='ocrx_word' id='word_1_8' title='bbox 878 367 1060 444; x_wconf 87' lang='lat' dir='ltr'><strong>etquenam</strong></span> <span class='ocrx_word' id='word_1_9' title='bbox 1073 355 1182 422; x_wconf 86' lang='lat' dir='ltr'><strong>modo</strong></span> <span class='ocrx_word' id='word_1_10' title='bbox 1193 377 1216 421; x_wconf 87' lang='lat' dir='ltr'><strong>e</strong></span> <span class='ocrx_word' id='word_1_11' title='bbox 1227 379 1296 444; x_wconf 79' lang='lat' dir='ltr'><strong>prs-</strong></span> 
     </span>
     <span class='ocr_line' id='line_1_3' title="bbox 254 449 1294 536; baseline 0.003 -8"><span class='ocrx_word' id='word_1_12' title='bbox 254 449 334 528; x_wconf 87' lang='lat' dir='ltr'><strong>senti</strong></span> <span class='ocrx_word' id='word_1_13' title='bbox 352 463 415 527; x_wconf 77' lang='lat' dir='ltr'><strong>rita</strong></span> <span class='ocrx_word' id='word_1_14' title='bbox 435 461 639 536; x_wconf 78' lang='lat' dir='ltr'><strong>subduceret,</strong></span> <span class='ocrx_word' id='word_1_15' title='bbox 660 461 770 527; x_wconf 78' lang='lat' dir='ltr'><strong>statuit</strong></span> <span class='ocrx_word' id='word_1_16' title='bbox 788 459 879 528; x_wconf 92' lang='lat' dir='ltr'><strong>illum</strong></span> <span class='ocrx_word' id='word_1_17' title='bbox 897 463 971 529; x_wconf 85' lang='lat' dir='ltr'><strong>ieris</strong></span> <span class='ocrx_word' id='word_1_18' title='bbox 987 465 1119 530; x_wconf 89' lang='lat' dir='ltr'><strong>tradere</strong></span> <span class='ocrx_word' id='word_1_19' title='bbox 1136 464 1294 531; x_wconf 84' lang='lat' dir='ltr'><strong>devoran-</strong></span> 
     </span>
     <span class='ocr_line' id='line_1_4' title="bbox 254 569 1291 647; baseline 0.004 -11"><span class='ocrx_word' id='word_1_20' title='bbox 254 572 343 647; x_wconf 90' lang='lat' dir='ltr'><strong>dum,</strong></span> <span class='ocrx_word' id='word_1_21' title='bbox 360 583 395 635; x_wconf 88' lang='lat' dir='ltr'><strong>ut</strong></span> <span class='ocrx_word' id='word_1_22' title='bbox 410 569 576 636; x_wconf 77' lang='lat' dir='ltr'><strong>dilaniatus</strong></span> <span class='ocrx_word' id='word_1_23' title='bbox 591 571 631 635; x_wconf 88' lang='lat' dir='ltr'><strong>ab</strong></span> <span class='ocrx_word' id='word_1_24' title='bbox 647 571 692 636; x_wconf 89' lang='lat' dir='ltr'><strong>eis</strong></span> <span class='ocrx_word' id='word_1_25' title='bbox 707 570 843 636; x_wconf 89' lang='lat' dir='ltr'><strong>Sanctus</strong></span> <span class='ocrx_word' id='word_1_26' title='bbox 858 573 1012 639; x_wconf 63' lang='lat' dir='ltr'><strong>interireta</strong></span> <span class='ocrx_word' id='word_1_27' title='bbox 1031 573 1130 641; x_wconf 82' lang='lat' dir='ltr'><strong>Visus</strong></span> <span class='ocrx_word' id='word_1_28' title='bbox 1147 589 1204 641; x_wconf 81' lang='lat' dir='ltr'><strong>est</strong></span> <span class='ocrx_word' id='word_1_29' title='bbox 1216 577 1291 640; x_wconf 88' lang='lat' dir='ltr'><strong>enin</strong></span> 
     </span>
     <span class='ocr_line' id='line_1_5' title="bbox 252 677 1289 769; baseline 0.007 -26"><span class='ocrx_word' id='word_1_30' title='bbox 252 679 433 767; x_wconf 85' lang='lat' dir='ltr'><strong>imperatori</strong></span> <span class='ocrx_word' id='word_1_31' title='bbox 448 678 501 743; x_wconf 85' lang='lat' dir='ltr'><strong>liic</strong></span> <span class='ocrx_word' id='word_1_32' title='bbox 515 678 626 743; x_wconf 90' lang='lat' dir='ltr'><strong>mortis</strong></span> <span class='ocrx_word' id='word_1_33' title='bbox 637 678 750 744; x_wconf 88' lang='lat' dir='ltr'><strong>modus</strong></span> <span class='ocrx_word' id='word_1_34' title='bbox 765 677 1082 769; x_wconf 81' lang='lat' dir='ltr'><strong>longegravissimus.</strong></span> <span class='ocrx_word' id='word_1_35' title='bbox 1106 681 1203 749; x_wconf 87' lang='lat' dir='ltr'><strong>Cum</strong></span> <span class='ocrx_word' id='word_1_36' title='bbox 1217 683 1289 751; x_wconf 81' lang='lat' dir='ltr'><strong>bane</strong></span> 
     </span>
     <span class='ocr_line' id='line_1_6' title="bbox 253 787 1289 880; baseline 0.004 -28"><span class='ocrx_word' id='word_1_37' title='bbox 253 812 320 853; x_wconf 90' lang='lat' dir='ltr'><strong>rem</strong></span> <span class='ocrx_word' id='word_1_38' title='bbox 339 787 555 877; x_wconf 78' lang='lat' dir='ltr'><strong>ergosenatui</strong></span> <span class='ocrx_word' id='word_1_39' title='bbox 575 807 668 852; x_wconf 90' lang='lat' dir='ltr'><strong>mano</strong></span> <span class='ocrx_word' id='word_1_40' title='bbox 689 789 967 866; x_wconf 74' lang='lat' dir='ltr'><strong>communicasset,</strong></span> <span class='ocrx_word' id='word_1_41' title='bbox 990 790 1049 879; x_wconf 90' lang='lat' dir='ltr'><strong>ipsi</strong></span> <span class='ocrx_word' id='word_1_42' title='bbox 1070 814 1214 880; x_wconf 83' lang='lat' dir='ltr'><strong>quoque</strong></span> <span class='ocrx_word' id='word_1_43' title='bbox 1231 795 1289 880; x_wconf 76' lang='lat' dir='ltr'><strong>ejus</strong></span> 
     </span>
     <span class='ocr_line' id='line_1_7' title="bbox 252 895 1288 986; baseline 0.005 -25"><span class='ocrx_word' id='word_1_44' title='bbox 252 897 381 985; x_wconf 90' lang='lat' dir='ltr'><strong>quidem</strong></span> <span class='ocrx_word' id='word_1_45' title='bbox 399 895 569 962; x_wconf 73' lang='lat' dir='ltr'><strong>laudarunt</strong></span> <span class='ocrx_word' id='word_1_46' title='bbox 587 895 797 986; x_wconf 86' lang='lat' dir='ltr'><strong>sententiam:</strong></span> <span class='ocrx_word' id='word_1_47' title='bbox 821 897 877 962; x_wconf 91' lang='lat' dir='ltr'><strong>sed</strong></span> <span class='ocrx_word' id='word_1_48' title='bbox 893 896 1142 975; x_wconf 87' lang='lat' dir='ltr'><strong>consuluerunt,</strong></span> <span class='ocrx_word' id='word_1_49' title='bbox 1166 923 1212 966; x_wconf 83' lang='lat' dir='ltr'><strong>ne</strong></span> <span class='ocrx_word' id='word_1_50' title='bbox 1229 899 1288 966; x_wconf 76' lang='lat' dir='ltr'><strong>bat</strong></span> 
     </span>
     <span class='ocr_line' id='line_1_8' title="bbox 251 1005 1287 1098; baseline 0.003 -27"><span class='ocrx_word' id='word_1_51' title='bbox 251 1007 359 1072; x_wconf 88' lang='lat' dir='ltr'><strong>bestiis</strong></span> <span class='ocrx_word' id='word_1_52' title='bbox 371 1006 510 1094; x_wconf 89' lang='lat' dir='ltr'><strong>objectio</strong></span> <span class='ocrx_word' id='word_1_53' title='bbox 521 1005 612 1072; x_wconf 89' lang='lat' dir='ltr'><strong>lier&#39;et</strong></span> <span class='ocrx_word' id='word_1_54' title='bbox 624 1005 816 1082; x_wconf 58' lang='lat' dir='ltr'><strong>Antiochiam</strong></span> <span class='ocrx_word' id='word_1_55' title='bbox 836 1031 889 1084; x_wconf 91' lang='lat' dir='ltr'><strong>ne,</strong></span> <span class='ocrx_word' id='word_1_56' title='bbox 902 1009 1042 1084; x_wconf 80' lang='lat' dir='ltr'><strong>aiebant,</strong></span> <span class='ocrx_word' id='word_1_57' title='bbox 1059 1010 1110 1076; x_wconf 85' lang='lat' dir='ltr'><strong>sic</strong></span> <span class='ocrx_word' id='word_1_58' title='bbox 1126 1011 1233 1098; x_wconf 73' lang='lat' dir='ltr'><strong>nugis</strong></span> <span class='ocrx_word' id='word_1_59' title='bbox 1243 1011 1287 1075; x_wconf 78' lang='lat' dir='ltr'><strong>de</strong></span> 
     </span>
     <span class='ocr_line' id='line_1_9' title="bbox 250 1111 1282 1213; baseline 0.007 -35"><span class='ocrx_word' id='word_1_60' title='bbox 250 1113 422 1179; x_wconf 87' lang='lat' dir='ltr'><strong>sideratum</strong></span> <span class='ocrx_word' id='word_1_61' title='bbox 433 1125 466 1178; x_wconf 89' lang='lat' dir='ltr'><strong>et</strong></span> <span class='ocrx_word' id='word_1_62' title='bbox 477 1111 648 1202; x_wconf 85' lang='lat' dir='ltr'><strong>gloriosum</strong></span> <span class='ocrx_word' id='word_1_63' title='bbox 660 1113 744 1203; x_wconf 91' lang='lat' dir='ltr'><strong>apud</strong></span> <span class='ocrx_word' id='word_1_64' title='bbox 756 1139 829 1180; x_wconf 89' lang='lat' dir='ltr'><strong>suos</strong></span> <span class='ocrx_word' id='word_1_65' title='bbox 837 1115 919 1182; x_wconf 86' lang='lat' dir='ltr'><strong>cives</strong></span> <span class='ocrx_word' id='word_1_66' title='bbox 931 1116 1106 1206; x_wconf 89' lang='lat' dir='ltr'><strong>reddamus</strong></span> <span class='ocrx_word' id='word_1_67' title='bbox 1114 1119 1282 1213; x_wconf 78' lang='lat' dir='ltr'><strong>ignatium,</strong></span> 
     </span>
     <span class='ocr_line' id='line_1_10' title="bbox 250 1221 1283 1311; baseline 0.003 -22"><span class='ocrx_word' id='word_1_68' title='bbox 250 1224 393 1311; x_wconf 80' lang='lat' dir='ltr'><strong>martyrii</strong></span> <span class='ocrx_word' id='word_1_69' title='bbox 407 1223 558 1288; x_wconf 91' lang='lat' dir='ltr'><strong>nimirum</strong></span> <span class='ocrx_word' id='word_1_70' title='bbox 572 1221 636 1289; x_wconf 86' lang='lat' dir='ltr'><strong>line</strong></span> <span class='ocrx_word' id='word_1_71' title='bbox 651 1248 670 1288; x_wconf 90' lang='lat' dir='ltr'><strong>e</strong></span> <span class='ocrx_word' id='word_1_72' title='bbox 684 1225 747 1290; x_wconf 88' lang='lat' dir='ltr'><strong>vita</strong></span> <span class='ocrx_word' id='word_1_73' title='bbox 762 1225 978 1292; x_wconf 77' lang='lat' dir='ltr'><strong>excedentem.</strong></span> <span class='ocrx_word' id='word_1_74' title='bbox 998 1226 1228 1305; x_wconf 79' lang='lat' dir='ltr'><strong>Quamobrem</strong></span> <span class='ocrx_word' id='word_1_75' title='bbox 1241 1226 1283 1292; x_wconf 90' lang='lat' dir='ltr'><strong>di-</strong></span> 
     </span>
     <span class='ocr_line' id='line_1_11' title="bbox 251 1332 1279 1420; baseline 0.006 -25"><span class='ocrx_word' id='word_1_76' title='bbox 251 1333 367 1396; x_wconf 89' lang='lat' dir='ltr'><strong>cebant</strong></span> <span class='ocrx_word' id='word_1_77' title='bbox 381 1341 528 1420; x_wconf 80' lang='lat' dir='ltr'><strong>oportere</strong></span> <span class='ocrx_word' id='word_1_78' title='bbox 543 1355 618 1400; x_wconf 89' lang='lat' dir='ltr'><strong>eum</strong></span> <span class='ocrx_word' id='word_1_79' title='bbox 632 1332 766 1402; x_wconf 87' lang='lat' dir='ltr'><strong>Romam</strong></span> <span class='ocrx_word' id='word_1_80' title='bbox 778 1334 893 1401; x_wconf 85' lang='lat' dir='ltr'><strong>abduci</strong></span> <span class='ocrx_word' id='word_1_81' title='bbox 905 1336 1061 1410; x_wconf 81' lang='lat' dir='ltr'><strong>vinctum,</strong></span> <span class='ocrx_word' id='word_1_82' title='bbox 1077 1348 1114 1401; x_wconf 88' lang='lat' dir='ltr'><strong>et</strong></span> <span class='ocrx_word' id='word_1_83' title='bbox 1130 1333 1201 1404; x_wconf 93' lang='lat' dir='ltr'><strong>illic</strong></span> <span class='ocrx_word' id='word_1_84' title='bbox 1211 1339 1279 1401; x_wconf 79' lang='lat' dir='ltr'><strong>tradi</strong></span> 
     </span>
     <span class='ocr_line' id='line_1_12' title="bbox 250 1441 1280 1534; baseline 0.003 -28"><span class='ocrx_word' id='word_1_85' title='bbox 250 1441 368 1508; x_wconf 85' lang='lat' dir='ltr'><strong>bestiis.</strong></span> <span class='ocrx_word' id='word_1_86' title='bbox 388 1441 441 1508; x_wconf 88' lang='lat' dir='ltr'><strong>Sic</strong></span> <span class='ocrx_word' id='word_1_87' title='bbox 455 1442 542 1508; x_wconf 90' lang='lat' dir='ltr'><strong>enim</strong></span> <span class='ocrx_word' id='word_1_88' title='bbox 557 1455 590 1508; x_wconf 89' lang='lat' dir='ltr'><strong>et</strong></span> <span class='ocrx_word' id='word_1_89' title='bbox 603 1442 782 1532; x_wconf 79' lang='lat' dir='ltr'><strong>prolixitate</strong></span> <span class='ocrx_word' id='word_1_90' title='bbox 797 1444 918 1510; x_wconf 87' lang='lat' dir='ltr'><strong>itineris</strong></span> <span class='ocrx_word' id='word_1_91' title='bbox 932 1445 1058 1534; x_wconf 79' lang='lat' dir='ltr'><strong>gravius</strong></span> <span class='ocrx_word' id='word_1_92' title='bbox 1073 1445 1202 1511; x_wconf 80' lang='lat' dir='ltr'><strong>subibit</strong></span> <span class='ocrx_word' id='word_1_93' title='bbox 1215 1469 1280 1533; x_wconf 81' lang='lat' dir='ltr'><strong>sup</strong></span> 
     </span>
     <span class='ocr_line' id='line_1_13' title="bbox 220 1543 1309 1644; baseline 0.007 -34"><span class='ocrx_word' id='word_1_94' title='bbox 220 1601 226 1610; x_wconf 86' lang='grc'><strong>.</strong></span> <span class='ocrx_word' id='word_1_95' title='bbox 250 1549 393 1642; x_wconf 77' lang='lat' dir='ltr'><strong>plinium,</strong></span> <span class='ocrx_word' id='word_1_96' title='bbox 411 1543 567 1641; x_wconf 83' lang='lat' dir='ltr'><strong>simulque</strong></span> <span class='ocrx_word' id='word_1_97' title='bbox 577 1551 728 1618; x_wconf 87' lang='lat' dir='ltr'><strong>Romanis</strong></span> <span class='ocrx_word' id='word_1_98' title='bbox 739 1553 884 1640; x_wconf 91' lang='lat' dir='ltr'><strong>quisnam</strong></span> <span class='ocrx_word' id='word_1_99' title='bbox 898 1554 938 1618; x_wconf 87' lang='lat' dir='ltr'><strong>sit</strong></span> <span class='ocrx_word' id='word_1_100' title='bbox 953 1553 1192 1644; x_wconf 80' lang='lat' dir='ltr'><strong>ignorantibus,</strong></span> <span class='ocrx_word' id='word_1_101' title='bbox 1206 1554 1277 1619; x_wconf 71' lang='lat' dir='ltr'><strong>ride</strong></span> <span class='ocrx_word' id='word_1_102' title='bbox 1306 1636 1309 1644; x_wconf 29' lang='grc' dir='ltr'><strong><em>Ι</em></strong></span> 
     </span>
     <span class='ocr_line' id='line_1_14' title="bbox 251 1659 1274 1750; baseline 0.002 -24"><span class='ocrx_word' id='word_1_103' title='bbox 251 1660 338 1726; x_wconf 88' lang='lat' dir='ltr'><strong>bitur</strong></span> <span class='ocrx_word' id='word_1_104' title='bbox 357 1683 425 1728; x_wconf 84' lang='lat' dir='ltr'><strong>esse</strong></span> <span class='ocrx_word' id='word_1_105' title='bbox 446 1667 629 1749; x_wconf 79' lang='lat' dir='ltr'><strong>peremptus</strong></span> <span class='ocrx_word' id='word_1_106' title='bbox 649 1673 799 1750; x_wconf 85' lang='lat' dir='ltr'><strong>tanquam</strong></span> <span class='ocrx_word' id='word_1_107' title='bbox 820 1686 902 1728; x_wconf 89' lang='lat' dir='ltr'><strong>unus</strong></span> <span class='ocrx_word' id='word_1_108' title='bbox 922 1685 962 1727; x_wconf 82' lang='lat' dir='ltr'><strong>ex</strong></span> <span class='ocrx_word' id='word_1_109' title='bbox 981 1659 1153 1739; x_wconf 83' lang='lat' dir='ltr'><strong>maleficis,</strong></span> <span class='ocrx_word' id='word_1_110' title='bbox 1173 1675 1205 1728; x_wconf 89' lang='lat' dir='ltr'><strong>et</strong></span> <span class='ocrx_word' id='word_1_111' title='bbox 1221 1683 1274 1728; x_wconf 82' lang='lat' dir='ltr'><strong>nec</strong></span> 
     </span>
     <span class='ocr_line' id='line_1_15' title="bbox 250 1768 1173 1861; baseline 0.002 -27"><span class='ocrx_word' id='word_1_112' title='bbox 250 1769 380 1835; x_wconf 91' lang='lat' dir='ltr'><strong>minima</strong></span> <span class='ocrx_word' id='word_1_113' title='bbox 396 1769 524 1858; x_wconf 90' lang='lat' dir='ltr'><strong>quidem</strong></span> <span class='ocrx_word' id='word_1_114' title='bbox 540 1771 601 1835; x_wconf 91' lang='lat' dir='ltr'><strong>erit</strong></span> <span class='ocrx_word' id='word_1_115' title='bbox 614 1783 721 1861; x_wconf 89' lang='lat' dir='ltr'><strong>postea</strong></span> <span class='ocrx_word' id='word_1_116' title='bbox 737 1773 807 1859; x_wconf 87' lang='lat' dir='ltr'><strong>ejus</strong></span> <span class='ocrx_word' id='word_1_117' title='bbox 823 1769 908 1860; x_wconf 92' lang='lat' dir='ltr'><strong>apud</strong></span> <span class='ocrx_word' id='word_1_118' title='bbox 922 1768 992 1835; x_wconf 89' lang='lat' dir='ltr'><strong>illos</strong></span> <span class='ocrx_word' id='word_1_119' title='bbox 1006 1772 1173 1838; x_wconf 84' lang='lat' dir='ltr'><strong>memoria.</strong></span> 
     </span>
    </p>

    <p class='ocr_par' dir='ltr' id='par_1_3' title="bbox 224 1875 1283 2831">
     <span class='ocr_line' id='line_1_16' title="bbox 294 1875 1272 1967; baseline 0.002 -27"><span class='ocrx_word' id='word_1_120' title='bbox 294 1875 352 1941; x_wconf 86' lang='lat' dir='ltr'><strong>lx.</strong></span> <span class='ocrx_word' id='word_1_121' title='bbox 378 1875 458 1942; x_wconf 88' lang='lat' dir='ltr'><strong>Cum</strong></span> <span class='ocrx_word' id='word_1_122' title='bbox 482 1877 545 1944; x_wconf 92' lang='lat' dir='ltr'><strong>hoc</strong></span> <span class='ocrx_word' id='word_1_123' title='bbox 562 1900 639 1965; x_wconf 76' lang='lat' dir='ltr'><strong>ergo</strong></span> <span class='ocrx_word' id='word_1_124' title='bbox 658 1878 840 1965; x_wconf 80' lang='lat' dir='ltr'><strong>placuisset,</strong></span> <span class='ocrx_word' id='word_1_125' title='bbox 862 1891 896 1943; x_wconf 90' lang='lat' dir='ltr'><strong>et</strong></span> <span class='ocrx_word' id='word_1_126' title='bbox 914 1878 947 1942; x_wconf 96' lang='lat' dir='ltr'><strong>in</strong></span> <span class='ocrx_word' id='word_1_127' title='bbox 967 1879 1072 1967; x_wconf 89' lang='lat' dir='ltr'><strong>ipsum</strong></span> <span class='ocrx_word' id='word_1_128' title='bbox 1092 1877 1160 1945; x_wconf 86' lang='lat' dir='ltr'><strong>lata</strong></span> <span class='ocrx_word' id='word_1_129' title='bbox 1177 1879 1272 1946; x_wconf 65' lang='lat' dir='ltr'><strong>nbat</strong></span> 
     </span>
     <span class='ocr_line' id='line_1_17' title="bbox 250 1982 1276 2074; baseline 0.002 -26"><span class='ocrx_word' id='word_1_130' title='bbox 250 1984 393 2070; x_wconf 89' lang='lat' dir='ltr'><strong>protinus</strong></span> <span class='ocrx_word' id='word_1_131' title='bbox 408 1984 575 2074; x_wconf 84' lang='lat' dir='ltr'><strong>sententie,</strong></span> <span class='ocrx_word' id='word_1_132' title='bbox 596 1983 768 2071; x_wconf 86' lang='lat' dir='ltr'><strong>imperator</strong></span> <span class='ocrx_word' id='word_1_133' title='bbox 783 1982 873 2048; x_wconf 91' lang='lat' dir='ltr'><strong>illum</strong></span> <span class='ocrx_word' id='word_1_134' title='bbox 888 2007 997 2049; x_wconf 91' lang='lat' dir='ltr'><strong>rursus</strong></span> <span class='ocrx_word' id='word_1_135' title='bbox 1011 1985 1163 2071; x_wconf 80' lang='lat' dir='ltr'><strong>producit</strong></span> <span class='ocrx_word' id='word_1_136' title='bbox 1178 2011 1197 2052; x_wconf 91' lang='lat' dir='ltr'><strong>e</strong></span> <span class='ocrx_word' id='word_1_137' title='bbox 1212 2009 1276 2052; x_wconf 72' lang='lat' dir='ltr'><strong>cus</strong></span> 
     </span>
     <span class='ocr_line' id='line_1_18' title="bbox 248 2089 1278 2183; baseline 0.003 -29"><span class='ocrx_word' id='word_1_138' title='bbox 248 2091 347 2165; x_wconf 89' lang='lat' dir='ltr'><strong>todia,</strong></span> <span class='ocrx_word' id='word_1_139' title='bbox 369 2090 432 2157; x_wconf 94' lang='lat' dir='ltr'><strong>hoc</strong></span> <span class='ocrx_word' id='word_1_140' title='bbox 453 2091 522 2178; x_wconf 90' lang='lat' dir='ltr'><strong>ejus</strong></span> <span class='ocrx_word' id='word_1_141' title='bbox 542 2103 740 2178; x_wconf 89' lang='lat' dir='ltr'><strong>postremum</strong></span> <span class='ocrx_word' id='word_1_142' title='bbox 762 2089 880 2156; x_wconf 81' lang='lat' dir='ltr'><strong>iaciens</strong></span> <span class='ocrx_word' id='word_1_143' title='bbox 901 2089 1088 2180; x_wconf 90' lang='lat' dir='ltr'><strong>periculum.</strong></span> <span class='ocrx_word' id='word_1_144' title='bbox 1112 2093 1158 2157; x_wconf 87' lang='lat' dir='ltr'><strong>Et</strong></span> <span class='ocrx_word' id='word_1_145' title='bbox 1177 2095 1278 2183; x_wconf 89' lang='lat' dir='ltr'><strong>primo</strong></span> 
     </span>
     <span class='ocr_line' id='line_1_19' title="bbox 249 2195 1282 2286; baseline 0.001 -24"><span class='ocrx_word' id='word_1_146' title='bbox 249 2196 379 2286; x_wconf 91' lang='lat' dir='ltr'><strong>quidem</strong></span> <span class='ocrx_word' id='word_1_147' title='bbox 393 2195 530 2262; x_wconf 91' lang='lat' dir='ltr'><strong>multum</strong></span> <span class='ocrx_word' id='word_1_148' title='bbox 541 2198 702 2262; x_wconf 93' lang='lat' dir='ltr'><strong>bonorum</strong></span> <span class='ocrx_word' id='word_1_149' title='bbox 716 2197 878 2285; x_wconf 85' lang='lat' dir='ltr'><strong>promissis</strong></span> <span class='ocrx_word' id='word_1_150' title='bbox 889 2195 1040 2267; x_wconf 75' lang='lat' dir='ltr'><strong>athletam</strong></span> <span class='ocrx_word' id='word_1_151' title='bbox 1054 2195 1230 2263; x_wconf 86' lang='lat' dir='ltr'><strong>deliniebat</strong></span> <span class='ocrx_word' id='word_1_152' title='bbox 1247 2223 1282 2263; x_wconf 87' lang='lat' dir='ltr'><strong>ac</strong></span> 
     </span>
     <span class='ocr_line' id='line_1_20' title="bbox 251 2297 1283 2395; baseline -0.004 -23"><span class='ocrx_word' id='word_1_153' title='bbox 251 2304 469 2374; x_wconf 86' lang='lat' dir='ltr'><strong>demulcebat:</strong></span> <span class='ocrx_word' id='word_1_154' title='bbox 479 2297 1176 2395; x_wconf 78' lang='lat' dir='ltr'><strong>deindeeliamrursusminismagisterritans.</strong></span> <span class='ocrx_word' id='word_1_155' title='bbox 1186 2303 1283 2370; x_wconf 88' lang='lat' dir='ltr'><strong>Post-</strong></span> 
     </span>
     <span class='ocr_line' id='line_1_21' title="bbox 249 2413 1280 2504; baseline -0.006 -22"><span class='ocrx_word' id='word_1_156' title='bbox 249 2439 345 2504; x_wconf 89' lang='lat' dir='ltr'><strong>quam</strong></span> <span class='ocrx_word' id='word_1_157' title='bbox 361 2429 468 2482; x_wconf 86' lang='lat' dir='ltr'><strong>autem</strong></span> <span class='ocrx_word' id='word_1_158' title='bbox 482 2437 557 2480; x_wconf 93' lang='lat' dir='ltr'><strong>eum</strong></span> <span class='ocrx_word' id='word_1_159' title='bbox 572 2413 650 2479; x_wconf 84' lang='lat' dir='ltr'><strong>vidit</strong></span> <span class='ocrx_word' id='word_1_160' title='bbox 665 2437 725 2480; x_wconf 89' lang='lat' dir='ltr'><strong>nec</strong></span> <span class='ocrx_word' id='word_1_161' title='bbox 740 2413 854 2480; x_wconf 89' lang='lat' dir='ltr'><strong>cedere</strong></span> <span class='ocrx_word' id='word_1_162' title='bbox 868 2415 1043 2502; x_wconf 89' lang='lat' dir='ltr'><strong>promissis,</strong></span> <span class='ocrx_word' id='word_1_163' title='bbox 1061 2435 1162 2500; x_wconf 87' lang='lat' dir='ltr'><strong>neque</strong></span> <span class='ocrx_word' id='word_1_164' title='bbox 1176 2415 1280 2480; x_wconf 85' lang='lat' dir='ltr'><strong>minas</strong></span> 
     </span>
     <span class='ocr_line' id='line_1_22' title="bbox 249 2519 1277 2610; baseline -0.002 -22"><span class='ocrx_word' id='word_1_165' title='bbox 249 2523 430 2598; x_wconf 82' lang='lat' dir='ltr'><strong>formidare,</strong></span> <span class='ocrx_word' id='word_1_166' title='bbox 451 2523 621 2610; x_wconf 87' lang='lat' dir='ltr'><strong>desperans</strong></span> <span class='ocrx_word' id='word_1_167' title='bbox 636 2523 766 2588; x_wconf 91' lang='lat' dir='ltr'><strong>omnino</strong></span> <span class='ocrx_word' id='word_1_168' title='bbox 783 2519 851 2586; x_wconf 85' lang='lat' dir='ltr'><strong>iore</strong></span> <span class='ocrx_word' id='word_1_169' title='bbox 866 2533 902 2585; x_wconf 91' lang='lat' dir='ltr'><strong>ut</strong></span> <span class='ocrx_word' id='word_1_170' title='bbox 917 2533 1106 2596; x_wconf 90' lang='lat' dir='ltr'><strong>mutaretur,</strong></span> <span class='ocrx_word' id='word_1_171' title='bbox 1127 2519 1171 2584; x_wconf 91' lang='lat' dir='ltr'><strong>ad</strong></span> <span class='ocrx_word' id='word_1_172' title='bbox 1185 2519 1277 2586; x_wconf 82' lang='lat' dir='ltr'><strong>effec-</strong></span> 
     </span>
     <span class='ocr_line' id='line_1_23' title="bbox 248 2629 1275 2718; baseline -0.005 -22"><span class='ocrx_word' id='word_1_173' title='bbox 248 2645 319 2698; x_wconf 89' lang='lat' dir='ltr'><strong>tum</strong></span> <span class='ocrx_word' id='word_1_174' title='bbox 338 2632 468 2698; x_wconf 82' lang='lat' dir='ltr'><strong>deduxit</strong></span> <span class='ocrx_word' id='word_1_175' title='bbox 486 2654 522 2696; x_wconf 90' lang='lat' dir='ltr'><strong>ea</strong></span> <span class='ocrx_word' id='word_1_176' title='bbox 541 2653 612 2718; x_wconf 74' lang='lat' dir='ltr'><strong>quae</strong></span> <span class='ocrx_word' id='word_1_177' title='bbox 632 2630 816 2696; x_wconf 87' lang='lat' dir='ltr'><strong>denuntiata</strong></span> <span class='ocrx_word' id='word_1_178' title='bbox 837 2629 983 2695; x_wconf 82' lang='lat' dir='ltr'><strong>fuerant:</strong></span> <span class='ocrx_word' id='word_1_179' title='bbox 1005 2641 1036 2694; x_wconf 89' lang='lat' dir='ltr'><strong>et</strong></span> <span class='ocrx_word' id='word_1_180' title='bbox 1052 2652 1129 2694; x_wconf 91' lang='lat' dir='ltr'><strong>cum</strong></span> <span class='ocrx_word' id='word_1_181' title='bbox 1143 2629 1275 2717; x_wconf 84' lang='lat' dir='ltr'><strong>jussisset</strong></span> 
     </span>
     <span class='ocr_line' id='line_1_24' title="bbox 224 2735 1274 2831; baseline -0.007 -25"><span class='ocrx_word' id='word_1_182' title='bbox 224 2766 226 2769; x_wconf 71' lang='grc'><strong>’</strong></span> <span class='ocrx_word' id='word_1_183' title='bbox 250 2743 407 2831; x_wconf 83' lang='lat' dir='ltr'><strong>prioribus</strong></span> <span class='ocrx_word' id='word_1_184' title='bbox 422 2742 563 2831; x_wconf 82' lang='lat' dir='ltr'><strong>graviora</strong></span> <span class='ocrx_word' id='word_1_185' title='bbox 579 2741 609 2804; x_wconf 93' lang='lat' dir='ltr'><strong>ei</strong></span> <span class='ocrx_word' id='word_1_186' title='bbox 624 2741 744 2829; x_wconf 93' lang='lat' dir='ltr'><strong>imponi</strong></span> <span class='ocrx_word' id='word_1_187' title='bbox 759 2736 897 2813; x_wconf 89' lang='lat' dir='ltr'><strong>vincula,</strong></span> <span class='ocrx_word' id='word_1_188' title='bbox 913 2737 1010 2805; x_wconf 90' lang='lat' dir='ltr'><strong>tradit</strong></span> <span class='ocrx_word' id='word_1_189' title='bbox 1025 2737 1154 2804; x_wconf 90' lang='lat' dir='ltr'><strong>cohorti</strong></span> <span class='ocrx_word' id='word_1_190' title='bbox 1169 2735 1274 2804; x_wconf 90' lang='lat' dir='ltr'><strong>milita-</strong></span> 
     </span>
    </p>
   </div>
   <div class='ocr_carea' id='block_1_3' title="bbox 138 2845 1275 2936">
    <p class='ocr_par' dir='ltr' id='par_1_4' title="bbox 138 2845 1275 2936">
     <span class='ocr_line' id='line_1_25' title="bbox 138 2845 1275 2936; baseline -0.007 -22"><span class='ocrx_word' id='word_1_191' title='bbox 138 2885 141 2893; x_wconf 66' lang='lat'>=</span> <span class='ocrx_word' id='word_1_192' title='bbox 250 2849 289 2923; x_wconf 91' lang='lat' dir='ltr'><strong>ri,</strong></span> <span class='ocrx_word' id='word_1_193' title='bbox 312 2851 344 2914; x_wconf 85' lang='lat' dir='ltr'><strong>&#39;et</strong></span> <span class='ocrx_word' id='word_1_194' title='bbox 364 2849 461 2914; x_wconf 90' lang='lat' dir='ltr'><strong>mittit</strong></span> <span class='ocrx_word' id='word_1_195' title='bbox 481 2847 627 2923; x_wconf 87' lang='lat' dir='ltr'><strong>Romam,</strong></span> <span class='ocrx_word' id='word_1_196' title='bbox 650 2848 851 2936; x_wconf 74' lang='lat' dir='ltr'><strong>precipiens,</strong></span> <span class='ocrx_word' id='word_1_197' title='bbox 871 2870 946 2913; x_wconf 91' lang='lat' dir='ltr'><strong>cum</strong></span> <span class='ocrx_word' id='word_1_198' title='bbox 965 2845 1145 2912; x_wconf 82' lang='lat' dir='ltr'><strong>advenisset</strong></span> <span class='ocrx_word' id='word_1_199' title='bbox 1164 2845 1275 2912; x_wconf 78' lang='lat' dir='ltr'><strong>civibus</strong></span> 
     </span>
    </p>
   </div>
   <div class='ocr_carea' id='block_1_4' title="bbox 249 2953 1285 3806">
    <p class='ocr_par' dir='ltr' id='par_1_5' title="bbox 249 2953 1280 3376">
     <span class='ocr_line' id='line_1_26' title="bbox 251 2953 1275 3044; baseline -0.004 -22"><span class='ocrx_word' id='word_1_200' title='bbox 251 2955 317 3022; x_wconf 89' lang='lat' dir='ltr'><strong>dies</strong></span> <span class='ocrx_word' id='word_1_201' title='bbox 345 2955 441 3021; x_wconf 82' lang='lat' dir='ltr'><strong>festus</strong></span> <span class='ocrx_word' id='word_1_202' title='bbox 467 2955 602 3044; x_wconf 85' lang='lat' dir='ltr'><strong>publicae</strong></span> <span class='ocrx_word' id='word_1_203' title='bbox 628 2955 820 3024; x_wconf 84' lang='lat' dir='ltr'><strong>celebritatis</strong></span> <span class='ocrx_word' id='word_1_204' title='bbox 843 2953 1055 3042; x_wconf 89' lang='lat' dir='ltr'><strong>ludorumque</strong></span> <span class='ocrx_word' id='word_1_205' title='bbox 1078 2953 1275 3020; x_wconf 88' lang='lat' dir='ltr'><strong>solemnium.</strong></span> 
     </span>
     <span class='ocr_line' id='line_1_27' title="bbox 251 3061 1279 3132; baseline -0.008 -2"><span class='ocrx_word' id='word_1_206' title='bbox 251 3085 325 3130; x_wconf 86' lang='lat' dir='ltr'><strong>eum</strong></span> <span class='ocrx_word' id='word_1_207' title='bbox 340 3062 422 3129; x_wconf 89' lang='lat' dir='ltr'><strong>tradi</strong></span> <span class='ocrx_word' id='word_1_208' title='bbox 437 3065 545 3130; x_wconf 88' lang='lat' dir='ltr'><strong>bestiis</strong></span> <span class='ocrx_word' id='word_1_209' title='bbox 557 3064 597 3130; x_wconf 91' lang='lat' dir='ltr'><strong>ad</strong></span> <span class='ocrx_word' id='word_1_210' title='bbox 613 3087 818 3132; x_wconf 87' lang='lat' dir='ltr'><strong>communem</strong></span> <span class='ocrx_word' id='word_1_211' title='bbox 832 3065 947 3130; x_wconf 91' lang='lat' dir='ltr'><strong>theatri</strong></span> <span class='ocrx_word' id='word_1_212' title='bbox 964 3061 1232 3130; x_wconf 82' lang='lat' dir='ltr'><strong>delectationem:</strong></span> <span class='ocrx_word' id='word_1_213' title='bbox 1247 3073 1279 3124; x_wconf 88' lang='lat' dir='ltr'><strong>ut</strong></span> 
     </span>
     <span class='ocr_line' id='line_1_28' title="bbox 250 3167 1280 3262; baseline -0.008 -22"><span class='ocrx_word' id='word_1_214' title='bbox 250 3173 477 3240; x_wconf 84' lang='lat' dir='ltr'><strong>convenienter</strong></span> <span class='ocrx_word' id='word_1_215' title='bbox 489 3173 520 3238; x_wconf 88' lang='lat' dir='ltr'><strong>&#39;ei</strong></span> <span class='ocrx_word' id='word_1_216' title='bbox 536 3174 622 3262; x_wconf 91' lang='lat' dir='ltr'><strong>quod</strong></span> <span class='ocrx_word' id='word_1_217' title='bbox 633 3174 711 3241; x_wconf 78' lang='lat' dir='ltr'><strong>dixit</strong></span> <span class='ocrx_word' id='word_1_218' title='bbox 726 3174 850 3240; x_wconf 81' lang='lat' dir='ltr'><strong>divinus</strong></span> <span class='ocrx_word' id='word_1_219' title='bbox 864 3171 993 3247; x_wconf 86' lang='lat' dir='ltr'><strong>Paulus,</strong></span> <span class='ocrx_word' id='word_1_220' title='bbox 1010 3171 1077 3262; x_wconf 86' lang='lat' dir='ltr'><strong>ipse</strong></span> <span class='ocrx_word' id='word_1_221' title='bbox 1092 3195 1222 3260; x_wconf 88' lang='lat' dir='ltr'><strong>quoque</strong></span> <span class='ocrx_word' id='word_1_222' title='bbox 1233 3167 1280 3234; x_wconf 81' lang='lat' dir='ltr'><strong>be</strong></span> 
     </span>
     <span class='ocr_line' id='line_1_29' title="bbox 249 3280 1179 3376; baseline -0.004 -27"><span class='ocrx_word' id='word_1_223' title='bbox 249 3298 297 3352; x_wconf 88' lang='lat' dir='ltr'><strong>ret</strong></span> <span class='ocrx_word' id='word_1_224' title='bbox 311 3283 532 3376; x_wconf 76' lang='lat' dir='ltr'><strong>spectaculum</strong></span> <span class='ocrx_word' id='word_1_225' title='bbox 545 3285 685 3360; x_wconf 78' lang='lat' dir='ltr'><strong>mundo,</strong></span> <span class='ocrx_word' id='word_1_226' title='bbox 705 3299 735 3349; x_wconf 81' lang='lat' dir='ltr'><strong>et</strong></span> <span class='ocrx_word' id='word_1_227' title='bbox 750 3284 890 3374; x_wconf 79' lang='lat' dir='ltr'><strong>angelis,</strong></span> <span class='ocrx_word' id='word_1_228' title='bbox 908 3298 939 3347; x_wconf 85' lang='lat' dir='ltr'><strong>et</strong></span> <span class='ocrx_word' id='word_1_229' title='bbox 953 3280 1146 3348; x_wconf 78' lang='lat' dir='ltr'><strong>horninibus</strong></span> <span class='ocrx_word' id='word_1_230' title='bbox 1155 3281 1179 3345; x_wconf 80' lang='lat'><strong>¹.</strong></span> 
     </span>
    </p>

    <p class='ocr_par' dir='ltr' id='par_1_6' title="bbox 249 3389 1285 3806">
     <span class='ocr_line' id='line_1_30' title="bbox 293 3389 1280 3485; baseline -0.004 -25"><span class='ocrx_word' id='word_1_231' title='bbox 293 3393 335 3460; x_wconf 90' lang='lat' dir='ltr'><strong>X.</strong></span> <span class='ocrx_word' id='word_1_232' title='bbox 350 3393 554 3485; x_wconf 79' lang='lat' dir='ltr'><strong>Martyrergo</strong></span> <span class='ocrx_word' id='word_1_233' title='bbox 564 3418 638 3460; x_wconf 92' lang='lat' dir='ltr'><strong>cum</strong></span> <span class='ocrx_word' id='word_1_234' title='bbox 648 3391 792 3458; x_wconf 90' lang='lat' dir='ltr'><strong>ultimam</strong></span> <span class='ocrx_word' id='word_1_235' title='bbox 801 3389 887 3456; x_wconf 87' lang='lat' dir='ltr'><strong>illem</strong></span> <span class='ocrx_word' id='word_1_236' title='bbox 895 3389 1068 3478; x_wconf 83' lang='lat' dir='ltr'><strong>accepisset</strong></span> <span class='ocrx_word' id='word_1_237' title='bbox 1080 3389 1280 3456; x_wconf 83' lang='lat' dir='ltr'><strong>sententiam.</strong></span> 
     </span>
     <span class='ocr_line' id='line_1_31' title="bbox 249 3497 1285 3590; baseline -0.006 -22"><span class='ocrx_word' id='word_1_238' title='bbox 249 3501 379 3586; x_wconf 86' lang='lat' dir='ltr'><strong>Deoque</strong></span> <span class='ocrx_word' id='word_1_239' title='bbox 391 3499 529 3567; x_wconf 88' lang='lat' dir='ltr'><strong>clamore</strong></span> <span class='ocrx_word' id='word_1_240' title='bbox 542 3523 670 3590; x_wconf 82' lang='lat' dir='ltr'><strong>magno,</strong></span> <span class='ocrx_word' id='word_1_241' title='bbox 683 3510 720 3565; x_wconf 91' lang='lat' dir='ltr'><strong>ut</strong></span> <span class='ocrx_word' id='word_1_242' title='bbox 732 3511 982 3566; x_wconf 89' lang='lat' dir='ltr'><strong>consentaneum</strong></span> <span class='ocrx_word' id='word_1_243' title='bbox 995 3508 1076 3572; x_wconf 90' lang='lat' dir='ltr'><strong>erat,</strong></span> <span class='ocrx_word' id='word_1_244' title='bbox 1089 3497 1209 3586; x_wconf 83' lang='lat' dir='ltr'><strong>egisset</strong></span> <span class='ocrx_word' id='word_1_245' title='bbox 1220 3518 1285 3586; x_wconf 78' lang='lat' dir='ltr'><strong>gra·</strong></span> 
     </span>
     <span class='ocr_line' id='line_1_32' title="bbox 250 3603 1283 3697; baseline -0.006 -28"><span class='ocrx_word' id='word_1_246' title='bbox 250 3607 321 3682; x_wconf 87' lang='lat' dir='ltr'><strong>tias,</strong></span> <span class='ocrx_word' id='word_1_247' title='bbox 335 3629 409 3672; x_wconf 92' lang='lat' dir='ltr'><strong>cum</strong></span> <span class='ocrx_word' id='word_1_248' title='bbox 418 3630 531 3697; x_wconf 82' lang='lat' dir='ltr'><strong>magna</strong></span> <span class='ocrx_word' id='word_1_249' title='bbox 541 3610 702 3697; x_wconf 84' lang='lat' dir='ltr'><strong>voluptate</strong></span> <span class='ocrx_word' id='word_1_250' title='bbox 714 3620 746 3673; x_wconf 92' lang='lat' dir='ltr'><strong>et</strong></span> <span class='ocrx_word' id='word_1_251' title='bbox 759 3606 865 3674; x_wconf 86' lang='lat' dir='ltr'><strong>laetitia</strong></span> <span class='ocrx_word' id='word_1_252' title='bbox 878 3607 937 3673; x_wconf 85' lang='lat' dir='ltr'><strong>sibi</strong></span> <span class='ocrx_word' id='word_1_253' title='bbox 945 3603 1080 3695; x_wconf 88' lang='lat' dir='ltr'><strong>imponit</strong></span> <span class='ocrx_word' id='word_1_254' title='bbox 1091 3604 1231 3672; x_wconf 82' lang='lat' dir='ltr'><strong>vincula.</strong></span> <span class='ocrx_word' id='word_1_255' title='bbox 1247 3605 1283 3668; x_wconf 85' lang='lat' dir='ltr'><strong>Et</strong></span> 
     </span>
     <span class='ocr_line' id='line_1_33' title="bbox 250 3712 1281 3806; baseline -0.007 -27"><span class='ocrx_word' id='word_1_256' title='bbox 250 3712 1281 3806; x_wconf 78' lang='lat' dir='ltr'><strong>imperatorquidemegrediturcontraPersascumsuoexercitu:</strong></span> 
     </span>
    </p>
   </div>
   <div class='ocr_carea' id='block_1_5' title="bbox 284 3841 475 3922">
    <p class='ocr_par' dir='ltr' id='par_1_7' title="bbox 284 3841 475 3922">
     <span class='ocr_line' id='line_1_34' title="bbox 284 3841 475 3922; baseline 0 -30"><span class='ocrx_word' id='word_1_257' title='bbox 284 3841 293 3877; x_wconf 80' lang='lat'>¹</span> <span class='ocrx_word' id='word_1_258' title='bbox 309 3857 318 3892; x_wconf 87' lang='grc' dir='ltr'><strong>ι</strong></span> <span class='ocrx_word' id='word_1_259' title='bbox 332 3841 389 3922; x_wconf 76' lang='lat' dir='ltr'><strong>Gor.</strong></span> <span class='ocrx_word' id='word_1_260' title='bbox 404 3855 439 3901; x_wconf 77' lang='lat' dir='ltr'><strong>rr,</strong></span> <span class='ocrx_word' id='word_1_261' title='bbox 451 3859 475 3907; x_wconf 75' lang='grc' dir='ltr'><strong>ι).</strong></span> 
     </span>
    </p>
   </div>
   <div class='ocr_carea' id='block_1_6' title="bbox 0 0 1360 4662">
    <p class='ocr_par' dir='ltr' id='par_1_8' title="bbox 0 0 1360 4662">
     <span class='ocr_line' id='line_1_35' title="bbox 0 0 1360 4662; baseline 0 0"><span class='ocrx_word' id='word_1_262' title='bbox 0 0 1360 4662; x_wconf 95' lang='lat' dir='ltr'><strong> </strong></span> 
     </span>
    </p>
   </div>
  </div>
 </body>
</html>
