2646 4628
418 285 539 328 coorta
562 283 708 328 llAEllESES·
1009 277 1069 340 229

57 388 88 452 in
106 389 242 454 secunda
260 412 309 455 res
328 391 409 454 iuter
424 401 571 477 utrasque
586 389 706 455 mediae.
729 387 831 452 Prima
847 384 973 473 triginta
993 381 1069 448 AEo-

54 515 144 570 num,
164 519 298 583 quorum
317 498 497 585 quindecim
516 496 646 564 masculi
665 509 697 562 et
715 495 847 562 totidem
865 485 1001 568 seminae,
1023 513 1070 556 se·

53 604 133 668 riem
158 605 296 680 exhibet,
322 605 354 670 in
380 605 477 671 varias
502 604 598 670 veluti
624 606 733 692 stirpes
762 605 903 677 divisam,
934 623 1069 688 quarum

54 711 197 775 omnium
216 723 309 799 caput
328 712 367 776 sit
386 735 466 776 unus
481 711 580 792 Deus,
599 710 769 785 invisibilis,
787 712 1006 798 sempiternus,
1023 711 1069 778 in-

53 818 176 903 genitus
194 831 226 882 et
245 818 579 906 incomprehensibilis,
599 841 693 904 quem
707 817 896 893 Proarcheu,
917 819 1069 908 Propat07

53 947 102 998 ra,
124 937 156 988 et
173 927 312 1012 Bython,
332 949 387 991 seu
404 927 542 1014 primum
557 925 761 1012 Principium,
780 925 917 1011 primum
931 925 1068 1001 Patrem,

54 1045 87 1096 et
108 1033 355 1100 Profunditatem
376 1037 545 1107 vocatone
575 1035 627 1099 cui
650 1032 792 1120 conjugis
817 1031 887 1096 loco
908 1034 1069 1098 sociabant

52 1143 220 1218 Ennoeam,
236 1167 291 1209 seu
307 1143 546 1232 Cogitationem,
563 1167 657 1230 quam
672 1143 766 1207 etiam
782 1141 875 1229 Sigen
891 1155 922 1204 et
935 1142 1069 1216 Charin,

54 1248 222 1314 Silentium
236 1261 267 1316 et
283 1251 421 1317 Gratiam
436 1253 670 1340 nuncupabant.
688 1251 762 1314 Haec
777 1260 950 1335 susceptos
965 1248 1069 1335 Bytho

55 1357 173 1420 semine
186 1358 310 1445 gravida
321 1358 427 1446 genuit
439 1358 522 1432 Nun,
534 1359 566 1422 id
578 1369 637 1432 est,
649 1358 798 1430 Mentem,
813 1355 1025 1443 Unigenitum,
1038 1368 1072 1426 et

54 1463 180 1530 Patrem
197 1477 229 1529 et
246 1465 437 1554 Principium
454 1466 608 1539 omnium,
627 1477 659 1530 et
677 1487 739 1530 una
757 1485 831 1530 eum
846 1485 884 1527 eo
900 1461 1069 1536 Alethium,

54 1572 117 1636 hoc
130 1585 189 1649 est,
204 1571 384 1638 Veritatem.
404 1575 479 1638 Hoec
494 1573 664 1661 primigena
678 1571 883 1658 quaternitas,
900 1570 989 1634 radix
1002 1591 1072 1634 om-

55 1680 153 1750 nium.
168 1683 226 1748 Ex
247 1681 307 1746 hac
325 1681 429 1769 erupit
448 1678 544 1744 altera
566 1665 676 1752 tetras,
698 1677 775 1765 Legi
796 1689 828 1741 et
849 1675 942 1752 Zoes,
965 1677 1073 1753 idest,

55 1787 151 1853 Verbi
171 1799 203 1852 et
218 1786 310 1862 Vitae,
328 1799 361 1851 et
375 1787 529 1874 Anthropi
545 1809 599 1850 seu
615 1784 769 1859 Hominis,
790 1807 828 1850 nc
842 1783 989 1850 Ecclesiae
1006 1808 1014 1849 ε
1035 1809 1074 1850 cx

1 1941 2 1950 κ
56 1895 224 1983 Unigenito
241 1893 368 1982 quidem
386 1893 527 1961 Verbum
544 1905 576 1958 et
594 1891 678 1967 Vita,
699 1915 737 1958 ex
756 1892 804 1960 his
824 1915 897 1958 vcro
919 1894 1022 1960 Homo
1040 1905 1073 1960 et

56 2000 195 2066 Ecclesia
201 2025 211 2074 3
234 1996 424 2088 quamquam
441 2000 492 2066 alii
509 2002 548 2066 uh
568 2001 734 2089 Unigenito
750 2001 887 2088 primum
904 2001 1073 2074 Hominem

56 2123 88 2175 et
99 2108 283 2186 Ecclesiam,
300 2121 368 2174 tum
381 2110 420 2174 ah
432 2109 565 2176 Homine
581 2119 613 2173 et
623 2105 762 2173 Ecclesia
774 2101 915 2174 Verlium
925 2121 958 2173 et
969 2107 1073 2175 Vitam

57 2215 241 2280 derivarent.
260 2216 308 2280 Ex
323 2227 455 2302 utraque
471 2214 592 2279 tetrade
609 2212 750 2303 ogdoada
768 2213 959 2290 conflabant,
978 2239 1073 2302 quam

56 2337 88 2390 et
103 2326 202 2412 ipsam
212 2325 417 2414 primigenam
429 2324 582 2413 ogdoada,
592 2323 781 2389 ¹radiccm'et
792 2324 998 2389 substantiam
1005 2349 1072 2398 om-

56 2435 143 2498 nium
156 2434 312 2499 dicebant.
335 2433 384 2498 Uti
395 2434 479 2499 enim
495 2435 594 2522 prima
610 2413 706 2498 tetras
720 2431 890 2498 secundam
906 2433 1071 2510 effuderat,

56 2543 102 2607 sic
120 2544 255 2608 secunda
275 2544 392 2610 caeteris
409 2544 555 2631 deinceps
575 2542 728 2609 lEonihus
746 2554 852 2608 ortum
867 2544 1073 2630 praehuit.·Et

55 2651 131 2717 hinc
148 2651 248 2740 Logos
269 2664 432 2740 postremae
456 2664 562 2740 caput,
585 2651 700 2717 «Pater
722 2653 864 2716 omnium
886 2674 996 2715 corum
1019 2651 1072 2738 qui

55 2787 68 2820 a
83 2771 152 2844 post
167 2783 199 2824 se
213 2759 309 2824 saturi
324 2771 438 2835 essent,
456 2771 487 2825 et
503 2759 627 2824 initium
642 2770 673 2822 et
688 2758 834 2822 formatio
850 2759 986 2822 universi
1001 2756 1072 2822 Plc-

55 2867 234 2932 »romutiss
255 2869 434 2933 vocabatur.
465 2868 492 2933 A
516 2867 601 2954 Lego
629 2866 782 2952 siquidem
804 2863 967 2954 pullulavit
993 2889 1076 2940 nova,

56 2973 313 3050 AEonum'decas,
329 2976 462 3062 Bythias
477 2973 621 3040 videlicet
636 2987 668 3039 et
681 2973 782 3048 lllixis,
801 2973 951 3062 Ageratos
968 2986 1000 3040 et
1014 2976 1074 3042 He·
1155 3024 1160 3032 ·
1179 2981 1182 2988 '

56 3082 154 3157 nosis,
169 3079 351 3170 Autophyes
366 3095 399 3147 et
413 3083 555 3157 Hedonc,
570 3081 720 3148 Acinetus
731 3093 762 3148 et
777 3082 952 3170 Syncrasis,
967 3084 1074 3150 Mono-

57 3211 152 3279 genes
169 3202 202 3254 et
219 3189 351 3257 Macaria
369 3214 377 3254 ε
399 3194 437 3258 ah
454 3192 587 3256 llomine
606 3203 637 3256 ct
652 3191 791 3257 Ecclesia
812 3192 958 3268 dcdecas,
979 3194 1075 3259 Para-

58 3299 158 3366 cletus
169 3311 201 3365 et
211 3299 314 3373 Pistis,
330 3300 468 3366 Patricos
483 3313 514 3365 ot
529 3300 627 3390 Elpis,
643 3301 789 3368 Metricos
801 3314 833 3366 et
844 3302 963 3391 Agape,
977 3303 1074 3371 AEnus

58 3420 91 3474 ct
101 3408 239 3496 Synesis,
251 3407 484 3475 Ecclesiasticos
494 3422 525 3474 et
535 3409 729 3487 Macariotes,
742 3409 889 3482 Theletus
899 3424 931 3476 et
942 3411 1057 3501 Sophia
1062 3439 1074 3487 a

60 3516 192 3581 totidem
203 3517 329 3580 nomina
340 3515 461 3592 Graeca,
478 3541 612 3604 quorum
622 3517 793 3606 significata
805 3519 904 3585 doctis
920 3519 1016 3592 facilc,
1025 3545 1078 3610 pa·

61 3637 138 3690 tent.
159 3626 198 3690 lli
213 3626 338 3714 triginta
354 3627 469 3693 AEones
484 3629 562 3693 adeo
578 3629 751 3702 decantati;
770 3629 832 3694 hoc
849 3629 1078 3697 Valentiniano-

62 3759 134 3800 rum
145 3735 287 3802 Pleroma
299 3739 330 3803 in
342 3740 401 3804 tria
415 3739 498 3804 velut
509 3742 631 3828 agmina
647 3740 793 3817 divisum,
810 3741 840 3806 in
854 3743 1005 3830 ogdoada,
1022 3745 1077 3808 dc-

64 3843 140 3913 cada
152 3857 184 3911 et
196 3845 368 3924 dodocada,
385 3871 518 3936 quorum
530 3849 615 3938 prius
628 3849 762 3918 ducebat
774 3851 895 3937 Bythos
906 3875 978 3918 cum
991 3851 1074 3938 Sige,
