2688 4626
464 253 617 296 sroaonra
641 253 745 295 rurus.
895 305 896 308 Ἴ
1059 227 1116 293 251

89 361 163 426 siut.
182 361 262 441 Qus
277 362 409 450 quidam
425 384 487 426 una
502 383 553 425 res
568 372 630 435 ost,
641 381 738 448 quam
750 359 783 424 in
795 357 939 425 oriminis
949 358 1021 425 loeo
1033 359 1122 424 nobis

86 469 231 556 objicere
246 471 390 558 possitis,
409 471 497 558 quod
510 492 577 536 non
592 469 723 534 oosdom
740 484 779 532 ao
798 491 852 532 vos
869 467 1015 556 colamus
1037 465 1135 539 deos),

87 601 151 642 nee
170 579 303 644 mortuis
320 577 471 644 libamina
482 591 514 643 et
529 577 701 642 nidoresot
716 599 849 642 coronas
866 577 1057 666 imaginihus
1075 597 1126 664 ap-

87 686 169 774 poni
177 687 286 753 solitas
295 701 329 754 at
336 688 478 754 victimas
487 686 667 752 offeramus.
680 687 742 774 Ipsi
754 685 840 750 enim
850 707 899 750 res
912 685 1042 750 easdem
1053 683 1125 747 alibi

90 795 186 870 deos,
195 795 453 880 alibiseras,slihi
466 797 607 864 victimas
620 795 775 883 leffl'timas
785 817 855 859 essa
866 803 1017 860 accurate
1026 792 1123 858 scitis.
1167 843 1175 851 .

139 903 245 970 XXV.
259 904 420 981 Secundo,
431 903 515 993 quod
525 927 564 972 ex
574 904 660 970 omni
676 903 843 968 hominum
854 909 970 991 genere
982 899 1036 991 qui
1048 899 1125 966 olim

91 1013 260 1080 Bacchum
274 1015 415 1097 Semelm
429 1015 542 1091 filium,
557 1027 590 1081 et
604 1015 732 1080 Latona
744 1011 935 1113 Apollipem,
952 1013 1006 1102 qui
1027 1011 1124 1076 etiam

90 1134 186 1212 turpe
201 1123 289 1190 dictu
304 1136 353 1189 est
369 1147 439 1212 quae
456 1137 489 1190 et
501 1137 618 1214 quauta
633 1121 850 1190 masculorum
862 1146 970 1189 amore
981 1122 1126 1211 designa-

91 1230 207 1308 verint,
222 1231 276 1318 qui
294 1231 516 1322 Proserpinam
535 1246 568 1298 at
583 1231 754 1306 Veneram,
772 1243 869 1298 oestro
888 1243 1017 1319 propter
1036 1231 1125 1298 Ado-

91 1339 199 1404 nidem
219 1341 405 1418 concitatas,
430 1363 567 1429 quarum
584 1339 681 1415 etism
700 1341 850 1429 mysteria
872 1337 1051 1414 celebratis,
1071 1319 1125 1403 ait

89 1447 308 1537 AEsenlapium
322 1448 484 1516 eutalium
495 1437 635 1536 ali'quem
645 1471 759 1515 eorum
771 1471 851 1536 quos
862 1445 1029 1536 appellant·
1038 1447 1126 1520 deos,

90 1556 355 1633 nolebamus‚eos
367 1559 511 1647 quamvis
522 1570 627 1623 morte
642 1558 803 1646 proposita
816 1579 873 1644 per
891 1551 1003 1621 Jasum
1018 1553 1128 1619 Chris-

89 1680 163 1731 tum
177 1665 421 1739 oontomsimus,
436 1687 558 1752 nosque
577 1664 718 1752 ingenito
735 1675 769 1729 ot
784 1661 994 1752 perpessionis
1008 1663 1128 1749 experti

90 1773 352 1840 consecravimus
366 1773 449 1847 Deo,
462 1795 558 1859 quom
570 1773 727 1859 nequead
742 1771 902 1859 Antiopen
917 1768 1031 1835 aliasve
1042 1769 1129 1834 simi-

4 1899 5 1902 ’
92 1883 157 1957 ias,
174 1883 331 1971 nequead
342 1883 563 1970 Ganymedem
574 1895 671 1948 oestro
681 1882 820 1948 libidinis
834 1881 999 1947 incitatum
1009 1880 1130 1945 venisse

96 1991 275 2066 credimus,
289 2014 348 2056 neo
360 1989 492 2056 vinculis
505 1991 646 2056 solutum
661 1989 776 2055 auxilio
790 1989 872 2055 illius
884 1989 1061 2056 Centimani
1072 2011 1130 2078 per

94 2101 279 2188 Tethydem
296 2101 477 2190 impetrato,
491 2125 593 2190 nequo
610 2099 650 2166 ob
666 2101 729 2167 hoo
747 2099 940 2166 heneficium
959 2097 1128 2165 sollicitum

92 2211 205 2284 fuisse,
221 2223 257 2274 ut
267 2209 413 2300 piurimis
425 2210 542 2276 Graecis
558 2209 696 2299 Achilles
708 2221 840 2300 propter
851 2211 1023 2276 Briseidem
1035 2208 1128 2300 polli-

90 2342 167 2386 cem
178 2319 351 2407 perniciem
363 2319 499 2387 afferret.
515 2319 641 2386 Miseret
653 2343 710 2384 nos
721 2343 833 2398 eorum
844 2319 897 2408 qui
910 2319 968 2384 ista
976 2319 1127 2392 eredunt,

93 2429 273 2516 horumque
287 2441 434 2492 auctores
448 2451 517 2492 esso
530 2428 689 2493 daemones
701 2429 857 2494 novimus.
1074 2517 1076 2524 X

140 2539 258 2606 XXVI.
270 2539 390 2615 Tertio,
403 2552 475 2628 post
488 2539 604 2604 Christi
617 2541 650 2608 in
662 2538 780 2605 eoetum
791 2527 958 2605 ascensum
970 2541 1131 2605 daemones

93 2649 253 2716 immisere
265 2649 409 2714 homines
420 2649 589 2737 quosdam,
599 2650 654 2734 qui
666 2672 700 2714 so
711 2649 787 2713 deos
798 2672 868 2714 esse
879 2650 1023 2713 dioeront
1034 2673 1041 2712 :
1052 2671 1132 2736 quos

93 2781 160 2823 non
176 2759 271 2823 modo
286 2782 351 2824 non
363 2758 508 2823 insectati
521 2758 609 2832 ostis,
622 2757 786 2822 sedetiam
799 2757 928 2822 auxistis
944 2754 1129 2822 honoribus.

92 2865 260 2930 Simonem
272 2865 444 2952 quemdam
457 2865 693 2930 samaritanum
708 2889 726 2930 e
739 2865 810 2930 vieo
827 2865 953 2929 Gittum
964 2864 1065 2941 dIcto,
1077 2867 1131 2954 qni

95 2955 157 3037 suis
175 2970 308 3036 Claudio
323 2972 460 3046 Cessare,
479 2995 554 3058 aum
574 2973 696 3061 magica
717 2971 883 3048 miracula,
901 2973 1081 3042 damonum
1099 2977 1133 3041 in
1170 3015 1176 3022 ,

97 3102 141 3142 eo
156 3080 355 3166 operantium
369 3091 451 3154 arte,
473 3079 506 3146 in
526 3081 612 3168 rogia
627 3093 729 3146 vestra
747 3083 826 3145 urbe
844 3071 953 3146 Romae
969 3082 1133 3158 edidisset,

102 3185 192 3252 Deus
206 3187 399 3252 existimatus
413 3200 474 3262 est,
490 3201 523 3252 et
538 3189 670 3263 avobis,
684 3202 836 3278 tanquam
846 3190 946 3265 Deus,
958 3203 1062 3255 statua
1075 3190 1136 3255 ho-

101 3307 252 3370 noratus,
268 3317 338 3382 quae
351 3307 453 3360 statua
467 3309 572 3363 ereata
584 3311 631 3362 est
642 3300 676 3364 in
687 3297 789 3368 insula
802 3297 951 3364 Tiberina
962 3299 1047 3364 inter
1057 3299 1135 3364 duos

100 3415 234 3495 pontes,
259 3405 381 3472 habens
404 3405 486 3471 hanc
508 3407 683 3472 Romanam
710 3408 978 3496 inscriptionem:
1006 3408 1136 3474 Simoni

101 3517 170 3582 Deo
184 3531 308 3582 saneto.
329 3515 426 3581 Hune
441 3513 629 3580 Samaritani
647 3539 730 3604 pane
745 3509 854 3583 omdes
869 3529 902 3581 et
919 3539 957 3582 ex
980 3517 1045 3584 aliis
1061 3543 1133 3610 gen-

101 3626 184 3720 tibus
196 3623 344 3695 nonnulli
355 3625 497 3716 primum
509 3627 612 3692 Deum
624 3649 693 3692 esse
704 3625 1049 3720 confitentur,eumque
1060 3631 1135 3697 ado-

101 3748 173 3801 rant
185 3759 194 3800 ε
208 3735 412 3802 auliatenam
425 3737 612 3825 qnamdam,
625 3761 779 3826 quereum
790 3739 851 3805 hoc
864 3751 1004 3831 tempore
1016 3743 1133 3830 ubique
1157 3743 1167 3754 ”

103 3856 255 3910 assentatu
275 3857 335 3922 est,
352 3869 428 3916 cum
447 3859 539 3912 antea
560 3847 591 3912 in
615 3845 758 3938 lupanari
776 3851 973 3937 prostitisset,
998 3853 1135 3941 primam
