2808 4688
247 217 269 293 A
595 230 932 282 smmmammmn

244 345 465 414 »exilierunt
490 345 527 425 in
552 337 677 410 turbas
697 339 892 409 clamantes
912 352 949 408 et
969 337 1153 412 dicentes:
1179 323 1289 432 Viri,

245 485 262 520 r
273 450 364 550 quid
382 449 520 521 facitis?
538 464 573 519 et
591 472 657 518 nos
674 449 845 520 mortales
862 471 1003 534 sumus,
1022 447 1154 520 similes
1172 451 1289 522 vobis

246 558 453 642 »homines,
474 557 725 636 annuntiantes
740 553 843 624 vobis
858 551 904 623 ab
921 553 979 624 his
996 556 1098 624 vanis
1113 560 1283 628 converti

244 661 319 732 »ad
349 668 466 733 Deum
496 665 631 746 vivum,
658 663 723 756 qui
758 657 843 729 fecit
868 659 1002 729 coelum
1034 676 1071 730 et
1096 675 1287 732 terram.»

245 768 340 864 (xrv,
365 765 563 855 11,12,'13
592 780 628 836 et
657 764 732 860 14.)
752 769 837 833 Mox
858 779 980 836 autem
1005 779 1149 836 mutatae
1176 792 1285 838 men·

245 892 316 960 tes3
337 875 521 945 concitatae
537 897 556 943 a
571 878 589 942 J
592 871 702 942 udaeis
714 869 985 942 debacchantur
1000 876 1153 961 Gentes3
1168 873 1283 946 obru-

247 999 359 1080 toque
393 978 574 1079 lapidibus
605 978 732 1064 Paulo,
758 981 816 1046 vix
843 991 997 1072 uterque
1029 978 1124 1050 salva
1156 986 1282 1054 anima

247 1084 413 1157 evadunt.
432 1079 507 1156 Nec
526 1080 609 1152 ideo
630 1079 676 1152 ab
695 1079 880 1177 Evangelii
900 1081 1152 1177 predicatione
1170 1082 1283 1156 desis·
1392 1154 1396 1171 ,

247 1208 350 1281 tunt3
366 1191 429 1263 sed
446 1214 528 1260 cum
542 1189 662 1260 Derbe
680 1188 859 1285 populum
877 1185 1100 1276 docuissent,
1117 1196 1281 1264 «reversi
1393 1234 1399 1279 2

247 1312 361 1369 »sunt
368 1320 442 1394 per
458 1294 601 1366 easdem
616 1300 768 1367 civitates
785 1291 1041 1365 confirmantes
1054 1301 1190 1368 animas
1208 1297 1280 1369 dis.-

248 1433 266 1468 2
280 1403 485 1501 cipulorum
499 1417 535 1472 et
547 1401 777 1472 exhortantes
790 1414 832 1470 ut
844 1416 1098 1497 permanerent
1110 1404 1147 1470 in
1162 1399 1250 1490 lide,
1263 1433 1281 1466 a

248 1508 554 1606 Antiochiamque
588 1513 694 1604 Syriae
723 1509 852 1580 urbem
888 1513 1126 1606 repetierunt,
1150 1512 1278 1582 «unde

246 1615 418 1689 »fuerant
432 1618 555 1689 traditi
570 1622 688 1714 gratiae
705 1623 812 1689 Dei.»
829 1617 943 1713 (Ibid.
961 1643 1023 1704 2ο,
1039 1645 1078 1689 2ι
1098 1635 1135 1690 et
1150 1620 1228 1718 25.)

294 1729 363 1797 Hic
384 1726 534 1798 celebris
553 1742 677 1798 exorta
702 1729 854 1822 quaestio
878 1724 922 1796 de
942 1726 1030 1822 legis
1048 1731 1212 1799 Mosaicae
1233 1733 1279 1799 ri-

249 1833 362 1921 tibus,
381 1858 539 1932 quorum
559 1839 808 1906 necessitatem
826 1831 1115 1904 «descendentes
1133 1836 1300 1931 quidam,

249 1977 266 2013 »
280 1946 324 2016 de
338 1942 459 2014 Judaea
472 1941 661 2014 docebant.
675 1973 691 2006 r>
707 1942 776 2013 Sed
796 1973 812 2006 «
825 1941 919 2013 facta
934 1942 1110 2013 seditione
1124 1969 1199 2016 non
1216 1950 1280 2015 mi·
1401 2033 1402 2038 ἵ

249 2053 376 2123 »nima
399 2049 510 2120 Paulo
536 2065 572 2120 et
598 2049 767 2121 Barnabae
793 2049 964 2120 adversus
984 2050 1080 2138 illos,
1104 2067 1279 2124 statutum

247 2191 264 2225 a
277 2173 331 2230 est
344 2171 385 2228 ut
402 2163 470 2254 apsi
484 2155 529 2227 ad
550 2158 742 2254 Apostolos
756 2155 1029 2228 ascenderent.»
1042 2163 1120 2251 (xv,
1140 2184 1153 2227 1
1171 2173 1209 2228 et
1222 2159 1277 2253 2.)

248 2266 337 2354 Qui,
357 2287 468 2334 «cum
492 2265 674 2333 venissent
697 2262 999 2358 Hierosolymam,
1021 2265 1131 2332 tacuit
1155 2266 1275 2332 omnis

249 2369 474 2440 »multitudo
491 2367 643 2440 audiens
659 2369 739 2438 illos
757 2384 945 2439 narrantes
960 2375 1094 2466 quanta
1109 2373 1206 2440 Deus
1224 2365 1274 2439 le·

249 2477 384 2545 scisset
396 2477 497 2571 signa
511 2488 546 2544 et
558 2475 722 2573 prodigia
732 2479 768 2545 in
782 2475 951 2572 gentibus
967 2501 1032 2571 per
1046 2501 1144 2546 eos.»
1161 2475 1276 2569 (Ibid.

141 2583 151 2602 “
254 2578 338 2673 ι2.)
379 2575 535 2663 Deinde,
573 2593 791 2676 congregato
823 2580 987 2676 Apostoli
1023 2579 1279 2676 Hierosolymis

251 2682 408 2779 generali
428 2681 599 2768 concilio,
617 2684 828 2755 confirmata
847 2683 948 2754 Pauli
963 2699 999 2756 et
1013 2685 1182 2756 Barnabae
1196 2684 1278 2756 doc·

251 2793 361 2870 trina,
383 2791 683 2890 remiserunteos
699 2790 948 2877 Antiochiam,
971 2821 988 2856 a
1000 2791 1198 2862 scribentes
1216 2815 1280 2887 per

252 2926 268 2960 >1
280 2921 407 2967 manus
426 2920 571 2984 eorum,
592 2923 638 2969 ne
662 2898 953 2996 inquietarentur
974 2916 1113 2997 gentes,
1128 2929 1144 2964 a
1162 2897 1278 2993 (Ibid.

255 3029 298 3101 19
330 3018 366 3073 et
393 3003 459 3100 23)
487 3005 749 3102 laudantesque
775 3031 837 3100 eos
864 3021 1038 3103 tanquam
1061 3006 1188 3078 fideles
1213 3009 1279 3078 Dei

250 3114 447 3198 ministros,
460 3141 477 3178 ι(
488 3115 552 3209 qui
566 3113 791 3185 tradiderunt
805 3116 941 3185 animas
957 3138 1039 3186 suas
1052 3139 1121 3211 pro
1131 3111 1278 3184 nomine

251 3221 427 3288 »Domini
446 3221 559 3290 nostri
579 3225 663 3291 Jesu
683 3219 854 3290 Christi.»
871 3219 990 3316 (Ibid.
1006 3221 1086 3316 26.)

301 3321 395 3392 Cum
410 3346 533 3392 rursus
546 3320 757 3420 aliquandiu
769 3352 786 3388 α
798 3323 974 3394 demorati
992 3322 1144 3394 luissent
1155 3327 1280 3394 Antio·

251 3458 268 3492 »
281 3429 385 3517 chiae,
405 3430 575 3502 docentes
601 3445 638 3500 et
657 3429 940 3527 evangelizantes
961 3455 1045 3504 cnm
1069 3432 1146 3514 aliis
1169 3430 1277 3529 pluri-

252 3567 269 3602 »
280 3535 350 3607 bus
366 3535 518 3608 verbum
535 3541 699 3626 Domini,
712 3569 728 3604 a
743 3542 935 3638 proposuit
946 3540 1117 3612 Barnabae
1129 3537 1280 3624 Paulus,

255 3671 271 3706 a
283 3656 325 3713 ut
337 3657 555 3713 revertentes
568 3647 700 3715 iterum
714 3648 900 3718 visitarent
913 3646 1040 3718 fratres
1054 3644 1190 3742 quibus
1203 3668 1282 3714 ver·

255 3776 273 3814 n
286 3746 375 3817 bum
387 3748 534 3818 Domini
548 3747 869 3843 praedicaverant.»
885 3751 998 3848 (Ibid.
1015 3751 1079 3837 35,
1092 3751 1173 3846 36.)
1187 3726 1280 3821 Sub·

256 3864 334 3923 orta
351 3874 437 3923 vero
455 3849 655 3924 Barnabam
679 3857 773 3926 inter
797 3871 833 3926 et
850 3856 1005 3934 Paulum
1027 3857 1281 3942 contentione,
