2688 4626
365 260 406 302 sn
429 259 553 302 suecos
578 259 789 303 cononrrrro.
987 231 995 244 ‘
1034 233 1093 318 rsrp

29 361 98 424 isso
120 363 269 430 dicant.
295 367 379 432 Fieri
402 367 490 432 enim
508 390 575 432 non
594 378 697 454 potest
716 377 751 430 ut
770 365 826 453 qui
847 376 914 430 tam
934 386 1044 452 magne
1064 371 1096 430 et

30 467 130 535 ivina
151 491 173 537 a
191 475 325 562 peritis
339 497 405 542 non
420 476 615 552 didicerunt,
632 497 668 540 ea
685 485 740 540 aut
755 473 856 540 sciant
867 473 939 561 ipsi,
954 472 1098 540 antelios

26 591 109 642 rete
127 580 289 650 valeant
309 585 454 651 edocere.
472 585 597 650 Deinde
612 607 686 649 vero
701 607 813 650 eorum
832 605 961 670 quoque
976 581 1101 670 opinio-

24 709 71 750 ,es
90 692 265 776 expendi
289 694 426 758 arbitror
440 703 595 781 oportere.
611 691 799 758 Videbimus
813 691 898 754 enim
910 713 951 754 un
968 712 1032 756 non
1044 689 1099 756 ho

25 817 93 856 um
113 796 237 864 etium
260 811 398 888 uterque
418 821 491 866 cum
506 798 604 864 altero
623 819 764 888 pugnare
784 798 938 864 videatur.
958 797 1054 875 Quod
1071 799 1097 863 si

23 925 55 964 re
76 903 152 968 lios
165 907 320 992 quidem
335 911 415 974 inter
429 933 462 974 se
476 909 655 974 consentire
667 908 854 998 reperimus,
868 929 933 973 non
951 907 1094 983 dillicile,

20 1011 189 1088 rbitror,
210 1016 287 1080 erit
302 1041 411 1082 eorum
423 1041 548 1106 qnoque
560 1016 793 1106 ignorationem
805 1015 970 1082 mnniseste
984 999 1096 1104 depre-

22 1122 191 1186 rendere.
218 1123 323 1191 Plato
340 1128 445 1215 igitur,
463 1139 613 1216 tanquam
627 1151 646 1192 e
658 1127 801 1216 supernis
817 1125 1044 1203 descendisset,
1060 1138 1093 1191 et

19 1253 90 1314 puae
116 1231 155 1296 in
184 1231 285 1298 coelo
309 1245 384 1300 sunt
405 1247 552 1302 accurate
579 1235 684 1301 omnia
712 1233 874 1301 didicisset
895 1245 928 1299 et
950 1233 1091 1308 vidisset,

20 1361 198 1402 ruminum
217 1339 335 1406 Deum
350 1343 381 1407 in
405 1343 496 1430 ignea
511 1344 686 1409 substantio
699 1365 768 1407 esse
783 1341 891 1406 dicit&
908 1341 1092 1408 Aristoteles
1181 1431 1184 1440 q

19 1457 135 1512 autem
151 1449 192 1514 in
211 1449 320 1526 libro,
333 1474 429 1540 quem
446 1453 572 1542 scripsit
586 1453 627 1517 ud
644 1451 862 1518 Alexandrum
872 1447 1092 1524 Macedonem,

19 1557 162 1623 brevem
189 1560 378 1646 quamdam
404 1559 613 1649 philosophiae
637 1581 702 1625 suae
729 1559 888 1624 rationem
914 1578 1093 1646 exponens,
1166 1562 1171 1578 ‘

20 1662 114 1730 clare
139 1677 180 1732 et
203 1677 326 1754 aperte
346 1666 487 1733 Platonis
509 1668 623 1733 evertit
647 1666 855 1742 sententiam,
878 1685 917 1731 ac
936 1665 1041 1730 Deum
1061 1664 1094 1728 in

20 1773 123 1859 ignea
144 1777 343 1841 substantia
360 1787 444 1840 esset
457 1789 568 1863 negat3
588 1776 643 1840 sed
658 1777 806 1862 quintum
826 1773 985 1862 quoddnm
996 1773 1095 1839 aethe-

25 1905 132 1945 reum
155 1893 194 1947 et
216 1883 427 1950 immutabile
442 1885 595 1972 ellingens
610 1908 743 1973 corpus,
759 1883 792 1947 in
809 1907 848 1951 eo
861 1885 964 1973 ipsum
979 1884 1094 1948 versari

26 1994 257 2076 pronuntiat.
279 1993 335 2060 Sic
352 1995 469 2084 quippe
483 1995 593 2061 scribit
611 2019 619 2060 ι
638 1996 732 2062 «Non
749 2007 784 2060 ut
798 1991 927 2083 qnidam
946 1995 1029 2060 circu
1044 2015 1093 2060 res

27 2125 41 2156 r
58 2099 197 2166 divinas
215 2101 411 2168 hallucinati
417 2105 520 2170 Deum
532 2103 564 2168 in
576 2104 666 2192 ignea
675 2105 849 2169 substantia
860 2125 927 2169 esse
935 2101 1054 2170 dicunt.
1069 2127 1085 2166 r

27 2207 163 2274 Deinde
181 2212 284 2297 quasi
298 2211 362 2278 boc
378 2213 410 2277 in
424 2210 588 2278 Platonem
604 2211 775 2278 maledicto
790 2235 902 2302 parum
920 2223 1090 2279 contentus

32 2327 131 2393 esset,
151 2317 253 2384 illum
270 2321 370 2386 etiam
387 2322 426 2386 nb
441 2344 480 2384 eo
495 2321 635 2408 ejectum
651 2322 789 2396 civitate,
804 2333 838 2386 ut
857 2322 1045 2388 mendacem
1057 2330 1091 2386 et

40 2427 173 2492 tertium
187 2430 340 2496 veritatis
360 2427 534 2516 imaginum
553 2428 613 2514 (ita
632 2431 718 2495 enim
733 2428 870 2519 appellnt
889 2428 1000 2518 Plato)
1017 2425 1091 2493 imi-

44 2545 180 2604 tatorem
203 2541 402 2613 Homerum,
419 2539 459 2603 ad
473 2562 523 2612 ea,
539 2561 611 2627 quse
626 2528 666 2604 db
683 2560 818 2628 corpore
837 2539 975 2606 {ethereo
999 2537 1089 2612 dicit,

43 2642 299 2715 demonstrande
325 2659 440 2712 testem
466 2647 609 2713 advocat.
634 2647 753 2714 Scribit
773 2649 860 2712 enim
881 2669 889 2710 ε
908 2673 923 2706 ι
939 2646 989 2713 Ad
1004 2646 1092 2710 hunc

43 2781 54 2810 ι
69 2776 146 2844 ergo
165 2757 308 2825 moduni
321 2769 354 2824 et
367 2759 524 2825 llomerus
540 2757 607 2822 nit:

46 2851 180 2954 »Jupiter
188 2881 315 2939 sortitus
323 2877 462 2967 estlatum
471 2877 575 2937 coelum
584 2877 613 2936 in
625 2877 732 2936 retbere
740 2891 769 2937 et
776 2877 912 2935 nubibus.
920 2903 931 2928 a
940 2881 976 2936 Il.
985 2891 1015 2950 ο,
1026 2897 1090 2954 ¹92·

44 2984 82 3050 ln
106 3011 176 3072 quo
199 2990 335 3078 quidem
358 3009 397 3054 ex
418 2990 549 3055 llomeri
568 2990 750 3056 testimonio
773 2989 994 3056 auctoritatem
1021 2991 1091 3078 opi-

46 3094 142 3158 nioni
153 3119 221 3162 suae
237 3121 397 3164 arcessere
407 3084 563 3164 conatur:
583 3098 719 3166 sednon
736 3099 833 3174 videt,
849 3101 874 3165 si
890 3098 1043 3174 Homero,
1056 3107 1093 3166 ut

50 3223 172 3266 rerum
187 3227 206 3268 a
224 3229 258 3270 se
274 3207 336 3270 dici
351 3206 558 3283 demonstret,
574 3219 653 3275 teste
666 3221 787 3285 utatur,
801 3210 946 3275 futurum
959 3220 993 3274 ut
1009 3209 1093 3274 mul-

53 3323 92 3375 tm
113 3312 221 3399 ipsius
244 3312 407 3404 opiniones
421 3339 484 3382 non
501 3341 582 3382 verae
595 3341 662 3384 esse
679 3316 854 3385 videantur.
872 3317 988 3384 'l’hnles
1010 3317 1095 3384 enim

54 3417 214 3498 blilesius,
233 3425 287 3512 qui
303 3424 425 3513 primus
439 3426 524 3512 apud
539 3451 593 3492 eos
607 3427 823 3518 philosophari
838 3427 948 3516 cepit,
965 3449 1038 3492 anso
1053 3427 1092 3494 nb

58 3551 93 3590 eo
107 3543 242 3620 occepta
259 3534 378 3621 primas
391 3534 462 3622 ejus
475 3525 687 3625 de'principiis
699 3537 862 3624 opiniones
874 3547 999 3603 evertet.
1013 3535 1090 3605 Nam
1191 3621 1194 3626 1

63 3657 133 3702 curn
148 3639 335 3708 Aristoteles
347 3641 452 3709 Deum
468 3654 501 3708 et
516 3644 681 3710 materiam
698 3645 840 3712 omnium
858 3647 1008 3738 principia
1023 3673 1091 3715 esse

63 3743 154 3822 dicat,
168 3753 405 3842 antiquissimus
418 3753 563 3820 omnium
575 3755 660 3844 apud
677 3780 731 3822 eos
741 3755 1000 3847 pbilosophorum
1009 3757 1090 3826 Tha-

97 3865 104 3896 ¹
116 3865 185 3918 Falso
198 3871 295 3922 l’latoni
308 3874 429 3923 tribuitur
441 3874 574 3924 buccolica
586 3877 668 3930 Deum
683 3879 815 3927 sententio.
