2586 4642
399 399 522 443 aoarsa
546 397 696 442 ananam.
1001 371 1063 465 517

22 545 24 554 ·
47 495 124 568 XV.
150 497 197 565 Et
220 499 350 594 reliqua
371 503 477 572 omnia
498 509 708 594 qoaeeomq'ue
728 527 786 594 per
805 514 926 572 tantam
950 505 1065 572 teriam

31 609 189 697 cripturae
215 611 511 684 demonstravimus
531 613 705 704 Prophetas
733 613 865 692 dixisse,
895 612 1068 704 spiritualia

27 741 82 785 ere
91 719 151 808 qui
164 733 219 788 est
234 721 515 814 interpretabitur,
522 725 772 814 unumquodque
783 746 897 790 eorum
904 747 975 813 qun
983 724 1067 792 diota

25 837 97 904 unt,
110 827 147 896 in
160 853 270 920 quem
284 831 407 900 dietam
418 832 459 899 sit
470 831 687 900 characterem
699 832 911 923 dispositionis
922 833 1065 912 Domini,

25 937 227 1028 tintrgrum
238 962 360 1031 eorpus
372 942 476 1032 operis
487 939 560 1010 Filii
571 942 630 1010 Dei
641 943 827 1018 ostendens3
842 965 968 1034 semper
978 967 1069 1012 eum-
1086 1032 1089 1042 Ι

19 1047 82 1112 lem
105 1047 224 1116 Deum
246 1050 370 1127 scians,
395 1062 430 1116 et
451 1073 577 1140 semper
597 1050 748 1118 eumdem
765 1049 908 1120 Verbum
930 1052 993 1120 llei'
1011 1074 1069 1122 eo·

19 1179 189 1244 ;noseens,
214 1159 345 1228 etiamsi
363 1181 451 1228 nuno
465 1159 557 1227 nobis
572 1158 789 1228 manifestatus
805 1172 869 1237 ests
889 1174 922 1229 et
941 1185 1069 1253 semper

19 1266 169 1336 sumdem
198 1267 363 1360 Spiritum
382 1269 442 1338 Dei
460 1291 674 1360 cognossem,
692 1271 815 1338 etiamsi
837 1271 874 1338 in*
892 1273 1069 1340 novissimis

18 1378 226 1468 emporibus
243 1403 327 1448 nove
341 1378 461 1448 effusus
475 1393 524 1448 est
537 1381 571 1447 in
587 1403 659 1458 nos,
674 1393 708 1446 ot
726 1405 744 1448 a
760 1381 942 1450 conditione
957 1383 1068 1452 mundi

18 1513 118 1579 isque
139 1489 191 1556 ad
211 1489 316 1558 finem
335 1490 367 1558 in
389 1489 494 1579 ipsum
519 1489 699 1558 humanum
717 1512 817 1580 genua
841 1515 849 1556 τ
870 1515 911 1558 ex
930 1515 994 1580 quo
1015 1493 1070 1582 qui

17 1599 160 1668 eredunt
174 1601 265 1678 Deo,
281 1613 315 1668 et
334 1613 512 1690 sequuntur
526 1599 671 1670 Verbum
689 1602 772 1692 ejus,
793 1602 975 1692 percipiunt
998 1625 1069 1672 eam

17 1733 85 1800 quae
102 1723 158 1778 est
174 1712 223 1780 ah
240 1733 280 1778 ao
294 1708 439 1777 salutem.
459 1709 524 1790 Qui
538 1731 614 1778 vero
628 1711 806 1778 abscedant
820 1713 861 1779 ah
877 1734 930 1788 eo,
942 1723 975 1780 et
989 1735 1070 1781 eon-

16 1833 177 1890 temnunt
195 1831 360 1912 prerepto
373 1820 458 1908 ojus,
473 1830 505 1885 et
519 1841 576 1909 per
592 1841 687 1908 opera
709 1843 765 1888 sua
785 1821 979 1888 inhonorant
996 1845 1072 1890 eum

15 1932 73 2020 qui
98 1955 136 1998 se
153 1931 250 2009 lecit,
264 1929 468 1997 attentantis
483 1951 540 1996 sua
560 1927 783 2019 blasphemant
796 1954 871 1999 eum
887 1933 942 2020 qui
956 1957 990 2000 se
1004 1932 1075 2012 alit,

16 2043 245 2130 justissimum
264 2041 416 2108 advorsus
436 2061 470 2105 se
491 2049 680 2106 ooaeersant
701 2039 869 2128 judicium.
894 2039 956 2110 llis
977 2043 1074 2133 igitur

19 2157 196 2224 examinat
216 2177 341 2231 omnes,
362 2153 430 2244 ipse
452 2174 528 2220 vero
553 2151 719 2220 anomine
734 2153 949 2229 examinatore
971 2179 1074 2246 nequo

21 2264 161 2332 Patrem
181 2285 278 2331 suum
290 2260 528 2352 blasphemans,
547 2282 651 2350 neque
667 2259 887 2350 dispositiones
905 2264 974 2353 ejus
989 2262 1074 2332 irus-

23 2385 133 2454 trans,
147 2397 255 2463 neque
265 2372 375 2441 Patres
384 2391 551 2447 aerumna,
560 2391 664 2458 neque
675 2368 849 2460 Prophetas
859 2371 1073 2452 exhonorans,

24 2495 84 2551 aut
108 2487 153 2554 ab
175 2483 237 2551 alio
252 2483 321 2552 Deo
338 2481 448 2548 dioens
463 2501 530 2558 eos,
546 2491 601 2548 sut
616 2481 733 2550 iterum
748 2504 787 2549 ex
803 2481 864 2550 alia
878 2496 912 2552 et
926 2483 985 2552 alia
1002 2487 1076 2554 sub·

27 2597 152 2665 stantia
166 2595 264 2664 luisse
279 2591 478 2685 prophetias.

380 2809 532 2880 CAPUT
560 2807 729 2876 XXXIV.

29 2997 184 3058 Adversus
197 2999 392 3070 Marcomons,
402 2996 438 3056 ad
448 3017 504 3056 raso
513 3008 539 3054 et
547 2993 640 3054 udan
654 2995 717 3054 Dra
728 2991 883 3071 Prophetas
893 2997 1030 3057 semisses
1039 3019 1078 3058 aa·

77 3117 110 3154 ιο
121 3095 230 3173 prodat,
241 3095 318 3170 qaod
325 3115 506 3169 pronamque
516 3093 551 3152 de
561 3091 684 3166 carae
694 3094 762 3152 novi
770 3093 935 3156 Testamenti
943 3097 1074 3172 libertate,

78 3193 224 3280 acfiatara
238 3196 380 3256 taram
394 3195 564 3254 rmooatiom
572 3192 775 3272 praesamant,
789 3197 819 3254 r'n
829 3217 917 3256 raama
933 3197 1075 3262 Chrr'stam

78 3309 308 3372 arsamosata
319 3293 430 3371 riaplcta
440 3293 617 3366 meamea,
630 3314 678 3353 aea
691 3291 818 3354 halam
828 3300 994 3358 corvadam.

81 3478 107 3546 Ι.
127 3476 276 3544 Dicemus
290 3488 399 3544 satem
420 3475 571 3542 adversus
593 3497 705 3542 omnes
721 3472 899 3549 heredeos,
915 3485 948 3540 et
969 3474 1073 3564 primo

39 3587 169 3679 quidem
184 3587 333 3654 adsersus
349 3609 403 3653 eos
421 3586 475 3676 qui
493 3597 568 3653 sunt
586 3607 603 3651 a
620 3583 793 3661 llareione,
805 3593 839 3650 et
852 3583 1002 3650 adversus
1019 3607 1075 3652 eos

39 3701 96 3792 qui
107 3711 180 3766 sunt
191 3695 308 3764 similes
318 3695 390 3775 illis,
403 3699 444 3764 ab
460 3695 559 3764 altero
570 3695 639 3764 Deo
651 3695 792 3764 dieentes
802 3715 871 3761 essa
881 3691 1078 3784 Prophetas

41 3808 149 3899 Legite
164 3804 345 3898 diligentius
360 3806 394 3873 id
412 3805 499 3896 quod
513 3807 554 3873 ab
569 3801 728 3896 Apostolis
742 3815 791 3872 est
801 3801 1008 3895 Evangeliam
1018 3827 1074 3872 no·

42 3919 91 3986 his
104 3918 272 3996 datumst
286 3917 381 4009 legite
393 3915 573 4008 diligentius
582 3914 770 4006 Prophetas,
783 3926 815 3981 et
829 3914 994 3982 invenietis
1006 3915 1074 3980 uni·

45 4029 352 4107 remeationem,
368 4039 402 4098 et
416 4049 546 4098 omnem
559 4027 754 4106 doctrinam,
764 4037 797 4094 et
808 4047 937 4094 omnem
954 4023 1074 4116 passio-
