2616 4620
116 541 121 548 ι
190 291 793 514 ΗΕΒΜΜΕ,

236 637 484 707 PHILOSOPHI
506 635 746 712 summust.

32 869 635 981 PHILOSOPHORUM
669 874 952 980 IRRISIO.

76 1121 117 1165 ΒΧ
131 1121 429 1168 lllTBhPhE'l'thOllB
445 1121 615 1168 mllfflal!
631 1119 750 1168 ⁸11th
765 1119 909 1168 Phuhlhll!

352 1219 438 1265 uocts
453 1221 636 1266 sussum.

274 1426 720 1480 ψ

30 1642 46 1706 1.
69 1638 198 1706 Bassus
214 1641 383 1732 Apostolus
396 1641 512 1708 Paulus
528 1641 713 1716 Corinthiis,
733 1638 789 1727 qui
803 1638 892 1727 juxta
907 1635 1009 1702 Laco*

31 1771 86 1816 am
96 1747 252 1816 Graeciam
263 1751 420 1828 habitant,
437 1750 591 1827 scribens,
609 1747 729 1824 dilecti,
745 1747 791 1812 sic
801 1745 1003 1836 pronuntiat:

30 1857 154 1930 pientia
172 1859 293 1923 mundi
313 1858 414 1945 hujus
434 1859 525 1946 apud
544 1857 654 1924 Deum
673 1855 816 1937 stultitia
833 1869 900 1929 cst,-
923 1853 1010 1918 haud

30 1975 96 2028 ster
111 1964 156 2030 rei
171 1964 334 2030 veritatem
348 1963 507 2054 loquutus.
525 1963 659 2032 Videtur
670 1962 755 2029 enim
766 1961 844 2027 mihi
861 1962 900 2027 ah
916 1983 1009 2050 ange-

31 2095 86 2138 um
102 2073 277 2142 delectione
295 2074 488 2164 principium
507 2075 688 2165 accepisse:
708 2093 806 2160 quum
821 2073 862 2137 oh
880 2093 1008 2138 causam

30 2205 40 2248 s
58 2183 163 2249 verbis
180 2205 241 2250 nec
259 2184 423 2250 sententiis
442 2196 651 2250 consentanea
673 2182 757 2248 inter
776 2201 810 2246 se
827 2177 1007 2268 philosophi

29 2305 141 2368 .erunt,·
155 2293 230 2360 :lum
243 2293 388 2384 dogmata
400 2307 571 2383 exponunt.
590 2291 671 2360 Nam
686 2313 798 2356 eorum
813 2287 865 2355 alii
881 2288 1005 2365 dicunt,

33 2424 123 2466 mum
137 2401 243 2490 ignem
253 2425 335 2479 esse,
353 2413 388 2468 ut
399 2403 622 2469 Democritus:
639 2399 692 2466 alii
703 2422 821 2476 aerem,
836 2409 871 2464 ut
882 2397 1002 2464 Stoici:

27 2521 200 2588 mentem,
221 2511 272 2578 alii
287 2513 472 2588 motionem,
489 2523 525 2577 ut
539 2507 716 2577 Heraclitus
733 2530 741 2572 :
763 2505 815 2572 alii
832 2505 1007 2572 exhalatio-

25 2643 66 2694 m,
93 2618 145 2685 alii
167 2622 231 2687 rim
251 2645 269 2686 a
291 2621 446 2689 sideribus
467 2632 732 2711 promanantem:
759 2617 811 2683 alii
834 2617 1006 2700 numerum

24 2725 126 2792 avendi
148 2728 176 2794 vi
196 2728 376 2817 praeditum,
394 2741 429 2796 ut
447 2729 639 2818 Pythagoras
657 2751 665 2793 :
686 2725 738 2792 alii
756 2748 871 2814 aquam
890 2725 1008 2816 genita,

22 2859 53 2910 n,
71 2848 107 2900 ut
118 2837 267 2925 Hippon:
286 2837 338 2904 alii
352 2838 547 2905 elementum
561 2840 600 2903 ah
616 2835 793 2909 elementis,
810 2831 862 2896 alii
878 2833 1007 2898 harmo-

21 2967 76 3018 rm,
93 2956 128 3012 ut
143 2945 344 3012 Dinarchus:
363 2945 415 3012 alii
431 2945 629 3034 sanguinem,
641 2955 678 3007 ut
694 2941 831 3008 Critias:
847 2938 898 3005 alii
915 2940 1008 3028 spiri-

20 3075 62 3125 m,
80 3051 132 3116 alii
148 3054 315 3129 unitatem,
332 3066 367 3119 ut
377 3054 594 3142 Pythagoras:
611 3062 644 3117 ct
658 3051 754 3141 prisci
769 3049 900 3114 diversa.
919 3049 1008 3129 Quot

30 3160 80 3224 his
92 3163 271 3227 sentcntiael
290 3161 648 3252 Quotphilosophorum
658 3172 691 3225 ct
703 3159 915 3249 sophistarum
926 3183 1006 3226 con·

20 3267 181 3332 edentium
205 3271 304 3359 magis
325 3292 421 3359 quam
449 3270 614 3337 veritatem
641 3267 884 3345 invenientium,
916 3289 1007 3355 argu·
1081 3327 1083 3331 .

20 3377 208 3442 nutationes!
331 3394 338 3406 ·

22 3485 61 3550 ll.
87 3484 207 3552 Verum
226 3499 306 3566 esto,
329 3488 368 3554 de
389 3491 492 3556 anima
514 3489 597 3556 inter
617 3511 650 3553 se
676 3487 889 3552 dissentiant:
913 3495 945 3550 at
967 3483 1006 3548 de

20 3595 101 3660 eteris
125 3596 298 3663 concordes
322 3599 614 3687 pronuntiaverunt.
644 3595 740 3682 Atqui
762 3593 839 3660 elius
861 3591 1006 3683 volupta-

20 3725 46 3766 m
61 3705 130 3791 ejus
145 3706 278 3783 honum.
295 3705 374 3774 alius
385 3706 518 3782 malum,
536 3705 614 3772 elius
629 3727 756 3771 rursum
771 3702 1006 3770 mediumihter

20 3833 103 3876 urum
117 3824 150 3878 et
160 3814 279 3880 malum
290 3813 436 3905 appellat.
456 3815 534 3903 Ejus
548 3837 644 3904 porro
655 3826 801 3879 naturam
812 3809 863 3877 alii
879 3813 1006 3878 immor·

20 3917 98 3996 lem,
121 3922 359 3992 alii'mortalem
380 3949 448 3992 esse
470 3926 571 4000 aiunt,
594 3923 646 3993 alii
669 3924 708 3988 ad
729 3945 862 4012 parvum
883 3920 1011 4009 aliquod

72 4051 105 4092 1¹·
828 4035 867 4110 14
