2616 4620
256 258 261 266 ’
355 285 394 326 xo
420 281 620 336 auroxrcrrr,
645 283 706 325 cra.
734 283 767 325 u.
1011 265 1065 340 ¹4¹

47 393 219 456 admodum
240 391 335 480 igitur
357 393 389 456 iu
407 391 456 457 his
478 390 626 456 omnibus
641 389 800 478 potentior
813 401 861 454 est
875 389 961 454 Deus
976 413 1072 478 quam

48 503 157 576 homo,
173 503 215 567 ita
230 501 326 568 etiam
343 503 374 567 in
389 525 427 566 oo
443 501 529 588 quod
544 524 583 566 ex
597 499 694 566 nihilo
709 501 865 589 producat
876 511 908 566 ot
918 500 1072 588 produxe-

47 616 89 678 rit
104 635 312 701 quaecumque
328 611 437 687 voluit,
453 625 486 676 et
497 635 560 700 quo
573 608 670 676 voluit
681 611 786 675 modo.
879 683 883 692 A

39 751 44 758 ·
93 722 132 788 V.
146 723 273 787 Discors
288 721 382 809 igitur
397 721 480 786 inter
499 719 700 808 philosophos
715 732 748 784 et
761 721 928 808 scriptores
943 731 1071 784 senten-

48 835 114 896 tia:
131 855 204 898 nam
216 855 290 898 cum
305 831 374 898 baec
392 830 571 920 philosophi
590 830 736 906 dixerint,
753 817 827 897 ecco
844 831 901 896 tibi
916 820 1072 896 Homerus

49 940 109 1006 alia
125 941 306 1031 aggreditur
326 941 374 1005 via
394 964 458 1005 non
481 939 582 1004 solum
599 939 722 1014 mundi,
746 940 801 1004 sed
821 942 916 1006 etiam
939 942 1071 1006 deorum

50 1062 157 1115 ortum
172 1049 329 1137 explicare
337 1073 347 1121 ;
363 1048 406 1112 ait
420 1048 504 1112 enim
520 1045 657 1112 alicubi:

132 1199 336 1272 Oceanumque
351 1195 471 1253 deorum
485 1193 623 1271 originem
639 1205 667 1251 et
680 1203 800 1250 matrem
815 1191 928 1271 Thetyn

129 1299 174 1354 Ex
184 1316 241 1373 quo
253 1315 351 1353 omncs
362 1295 440 1352 fluvii
452 1305 480 1352 et
492 1294 657 1352 universnm
670 1313 758 1352 mare.
807 1295 894 1351 Iliad.
908 1305 935 1366 Ξ,
947 1311 1012 1352 nor.

54 1449 133 1526 Qum
156 1471 229 1512 oum
245 1446 335 1520 dicit,
353 1468 417 1510 non
433 1444 499 1530 jam
512 1443 615 1508 Deum
631 1444 721 1509 nobis
736 1443 874 1510 exhibet.
895 1441 974 1522 Quis
988 1444 1072 1509 enirn

52 1556 152 1621 noscit
167 1553 329 1620 Oceanum
341 1575 455 1640 aquam
467 1551 557 1616 ossei
570 1551 666 1630 Quod
678 1551 701 1616 si
714 1574 808 1640 aqna,
820 1576 884 1619 nou
901 1553 966 1639 jam
977 1552 1072 1618 Deus.

52 1664 138 1729 Deus
153 1687 239 1738 vero,
256 1663 281 1726 si
297 1662 439 1727 omnium
450 1673 575 1726 creator
587 1673 647 1735 ost,
661 1673 696 1724 ut
707 1684 815 1727 revera
827 1673 887 1737 est,
902 1684 991 1750 aqum
1006 1686 1076 1750 pro-

52 1773 136 1838 fecto
148 1784 180 1836 et
191 1773 326 1836 marium
338 1781 462 1836 creator
474 1781 530 1834 est.
546 1769 616 1858 lpse
628 1769 723 1834 etiam
735 1771 887 1835 Hesiodus
899 1794 963 1836 non
974 1769 1076 1836 solum

55 1885 187 1949 deorum
202 1895 320 1956 ortum,
338 1881 393 1945 sed
409 1881 505 1967 ipsius
520 1879 615 1945 etiam
630 1880 740 1944 mundi
756 1882 909 1969 exposuit.
924 1865 971 1948 Ac
982 1905 1077 1947 mun-

56 1992 133 2055 dum
144 1990 272 2077 quidem
287 2001 429 2054 creatum
444 2011 519 2054 cum
535 1989 665 2064 diceret,
679 2012 742 2054 non
759 1989 854 2056 valuit
869 1990 974 2058 dicere
985 2015 1003 2056 a
1014 2015 1077 2080 quo

55 2111 179 2165 creatus
203 2098 293 2164 lorct.
326 2099 408 2162 Deos
430 2110 582 2186 praeterea
607 2100 729 2164 vocarit
753 2099 925 2164 Saturnum
945 2101 1076 2189 ejusque

55 2210 156 2276 filium
170 2209 294 2284 dorem,
312 2209 494 2298 Neptunum
514 2219 547 2272 et
566 2206 744 2283 Plutonem,
766 2231 844 2295 quos
859 2209 980 2274 mundo
1000 2219 1076 2274 natu

56 2321 191 2386 minores
207 2317 392 2383 invenimus.
409 2317 521 2383 Narrat
531 2317 627 2380 etiam
639 2315 812 2380 Saturnum
827 2317 934 2382 adore
949 2318 1076 2406 proprio

56 2428 120 2493 filio
136 2427 337 2494 debellatum.
358 2426 411 2492 Sic
429 2425 573 2490 enimait
590 2447 597 2488 :

135 2587 256 2641 Strenue
267 2581 344 2639 victo
355 2589 438 2658 patre
449 2583 584 2648 Saturno,
595 2577 670 2636 bene
681 2587 805 2636 attamen
817 2578 927 2656 singula

134 2682 258 2741 AEterois
269 2680 415 2738 ordinavit
427 2677 537 2757 iegibus
551 2690 580 2736 et
593 2676 740 2744 distribuit
754 2678 886 2736 bonores.

662 2780 783 2835 Hasron.
801 2778 939 2854 Theogon.
953 2786 1000 2850 74.

55 2933 165 2996 Postea
186 2930 279 2994 insert
300 2929 386 2994 lovis
414 2926 551 2993 {iliarum
574 2927 924 3002 commemorationem,
949 2951 1025 3016 quas
1047 2943 1079 2995 et

52 3038 158 3101 illusas
172 3036 321 3125 appellat,
334 3037 434 3122 iisque
452 3029 581 3121 supplex
597 3033 767 3110 invenitur,
781 3035 901 3102 discere
915 3037 1012 3103 exeis
1027 3063 1079 3104 vo-

54 3145 122 3208 lons
134 3143 291 3231 quomodo
308 3143 390 3207 lacta
407 3141 468 3207 sint
481 3139 596 3205 omnia.
614 3141 666 3206 Ait
676 3143 783 3208 enim:

137 3288 249 3345 Solvere
262 3286 326 3344 llliae
339 3287 428 3360 Jovis,
440 3287 507 3344 date
520 3286 671 3346 amabilem
683 3290 862 3349 cantilenam.

137 3385 288 3446 Celebrate
301 3385 505 3444 immortalium
519 3406 631 3446 sacram
645 3409 733 3466 genus
743 3411 855 3470 semper
869 3393 1059 3465 existentium,

137 3485 196 3558 Qui
209 3484 309 3543 tellure
322 3487 455 3563 prognati
469 3498 535 3543 sunt
549 3499 578 3544 et
593 3486 665 3544 coelo
677 3488 800 3559 stellato,

136 3587 284 3664 Nocteque
295 3585 459 3664 caliginosa,
473 3607 544 3665 quos
555 3587 622 3648 item
635 3590 724 3648 salsus
736 3593 856 3651 nutrivit
868 3603 981 3672 pontus.

136 3685 230 3744 Dicite
244 3699 276 3746 ut
289 3687 415 3766 primum
429 3689 477 3748 Dii
491 3703 519 3748 et
534 3702 611 3748 terra
625 3694 684 3750 nati
700 3693 764 3763 sint,

136 3791 173 3846 Et
186 3785 301 3846 flumina
315 3801 344 3848 et
355 3801 461 3868 pontus
473 3791 628 3850 immensus
641 3805 712 3850 resto
726 3793 847 3862 fervens,

138 3888 278 3962 Astraque
291 3887 426 3967 fulgentia
438 3903 466 3948 et
480 3889 582 3950 coelum
595 3891 683 3951 latum
698 3911 830 3971 superne,
