2648 4598
60 191 143 334 s,
198 191 272 333 r.
324 189 413 336 u.
464 179 1046 368 ramatum,

323 493 510 561 EPISCOPI
532 495 799 574 ANTIOCHENL

2 887 3 894 ψ
101 757 104 762 ·
198 729 316 842 An
358 731 929 856 aurearoma

404 1013 728 1060 '‘w-

350 1247 520 1336 LIBER
549 1248 780 1338 PRIMUS.

2 1525 6 1551 r
92 1492 121 1556 1.
135 1491 253 1558 Lerina
265 1493 392 1580 quidem
409 1493 513 1585 lingua
529 1519 568 1562 ac
582 1497 707 1585 elegans
724 1494 820 1560 dictio
835 1490 1074 1565 delectationem

2 1634 3 1646 κ
40 1597 185 1668 afferunt
202 1622 238 1664 ae
253 1598 378 1665 laudem
394 1603 434 1667 ad
450 1604 578 1668 inanem
594 1601 726 1692 gloriam
745 1601 866 1667 miseris
879 1597 1073 1672 bominibus,

2 1760 6 1786 =
43 1708 105 1800 qui
119 1719 257 1772 mentem
269 1723 451 1798 corruptam
462 1724 587 1799 gerunt.
603 1711 750 1778 Veritatis
761 1723 867 1775 autem
879 1720 999 1774 amator
1010 1729 1073 1772 non

43 1816 180 1880 ducitur
201 1818 398 1883 sermonibus
413 1819 539 1894 fucatis,
556 1820 611 1885 sed
626 1821 763 1885 sermoni
783 1841 861 1907 opus
875 1817 1072 1904 adjunctum,

2 2007 4 2018 ,
45 1922 213 2008 quodnam
228 1935 260 1994 et
274 1923 365 2014 quale
379 1925 430 2000 sit,
445 1927 583 2020 inquirit.
602 1927 761 2005 Quoniam
774 1925 869 2015 igitur
882 1949 946 2000 me,
959 1925 1073 1996 amice,

2 2097 3 2100 Ἴ
44 2029 203 2096 obtudisti
223 2030 368 2096 inanibus
390 2033 600 2110 sermonibus,
617 2034 692 2098 deos
713 2046 783 2098 tuos
803 2032 978 2105 venditans,
994 2029 1073 2120 iapi-

2 2125 3 2128 ¹
44 2140 126 2202 deos
138 2151 170 2202 et
180 2137 311 2227 ligneos,
329 2141 441 2206 ductos
455 2153 487 2205 et
498 2142 595 2218 susos,
610 2141 700 2208 fictos
716 2155 747 2211 et
762 2143 876 2230 pictos,
893 2142 946 2230 qui
960 2164 1021 2206 nee
1031 2141 1074 2204 ri·

44 2249 127 2312 dent
147 2270 207 2313 nee
228 2249 359 2314 audiunt
380 2250 472 2334 (sunt
488 2251 573 2316 enim
590 2251 742 2338 imagines
758 2233 791 2312 et
809 2231 909 2344 opera
923 2270 1074 2313 manuum

45 2355 214 2420 bominum
225 2358 252 2444 ),
272 2379 385 2444 meque
403 2369 554 2446 praeterea
572 2357 787 2422 Christianum
802 2357 880 2422 dieis
898 2359 986 2450 quasi
1004 2380 1074 2421 ma-

44 2461 117 2527 ium
132 2485 247 2528 nomen
263 2462 433 2537 serentem
448 2465 595 2552 equidem
610 2465 765 2531 confiteor
780 2488 831 2529 me
846 2488 913 2530 esse
926 2465 1074 2530 Christia-

45 2593 140 2645 num,
160 2583 192 2635 et
206 2583 330 2660 gratum
346 2571 424 2639 iliud
437 2573 504 2638 Deo
520 2595 637 2638 nomen
653 2573 732 2650 sero,
754 2596 882 2662 sperans
897 2597 949 2640 me
964 2572 1073 2637 utilem

45 2704 116 2745 esse
130 2679 207 2745 Deo.
227 2681 334 2769 Neque
350 2683 447 2757 enim,
469 2695 503 2747 ut
519 2693 553 2747 tu
568 2683 726 2747 existimes
746 2681 915 2748 molestum
931 2704 998 2745 esse
1015 2705 1074 2745 no-

45 2811 123 2855 men
138 2788 207 2863 Dei,
226 2789 267 2864 ita
281 2813 315 2853 se
330 2814 379 2854 res
395 2791 506 2862 babet;
527 2790 584 2855 sed
599 2791 729 2855 fortasse
745 2789 817 2876 quia
833 2787 939 2856 adhue
955 2785 1072 2864 inutilis

46 2918 82 2959 es
95 2896 176 2965 Deo,
192 2895 311 2960 ideirco
327 2897 370 2960 ita
385 2897 425 2960 de
439 2897 508 2962 Deo
524 2897 632 2972 sentin

93 3003 135 3065 11.
154 3001 216 3066 Sed
232 3004 257 3065 si
273 3004 358 3069 dieas
372 3027 379 3068 :
394 3003 534 3070 Ostende
547 3005 625 3069 mihi
637 3005 740 3070 Deum
755 3015 862 3080 tuum;
878 3005 980 3076 dicam
991 3005 1047 3084 tibi
1062 3030 1069 3069 :

49 3109 191 3173 Ostende
206 3111 284 3176 mibi
299 3111 460 3180 bominem
476 3125 580 3188 tuum,
596 3126 628 3178 et
644 3137 701 3202 ego
718 3113 775 3177 tibi
792 3114 957 3178 ostendam
970 3114 1073 3189 Deum

48 3240 167 3283 meum.
191 3217 327 3282 Proinde
348 3219 478 3284 ostende
498 3243 538 3286 an
560 3218 644 3285 oculi
666 3218 780 3286 mentis
802 3231 863 3285 tuae
886 3221 1023 3298 rideant,
1043 3233 1074 3283 et

50 3350 141 3392 aures
156 3326 259 3392 cordis
274 3327 320 3392 tui
335 3328 473 3393 audiant.
491 3329 769 3407 Quemadmodum
785 3330 883 3404 enim,
899 3330 952 3417 qui
969 3329 1074 3393 vident

49 3435 148 3503 oculis
168 3438 321 3525 eorporis,
344 3437 520 3526 percipiunt
540 3462 609 3526 quae
629 3439 661 3503 in
683 3437 742 3502 bac
761 3438 823 3502 vita
846 3423 971 3500 terrena
998 3457 1071 3522 per-

51 3558 196 3634 aguntur,
212 3569 250 3612 ac
267 3569 303 3611 ea
319 3570 388 3634 quae
403 3547 484 3612 inter
504 3569 537 3611 se
556 3545 704 3612 differunt
724 3545 899 3634 explorant,
917 3542 1020 3609 iucem
1038 3555 1070 3606 et

52 3655 206 3728 tenebras,
223 3653 330 3726 album
347 3667 378 3719 et
393 3655 530 3749 nigrum,
544 3653 685 3728 deforme
700 3666 732 3717 et
744 3654 927 3726 somnosum,
946 3651 1072 3717 concin-

51 3787 125 3837 num
140 3776 172 3826 et
188 3765 426 3839 inconcinnum,
444 3778 514 3853 apte
539 3766 715 3830 dimensum
740 3776 771 3828 ot
794 3764 912 3850 inepte,
934 3761 1075 3850 partibus
