2616 4620
307 203 364 279 148
645 223 668 262 s.
696 222 723 263 r.
750 223 779 264 n.
807 223 976 266 runormm

299 353 368 418 quae
383 340 429 394 est
449 330 480 394 in
499 351 550 403 eo,
567 351 604 394 ac
626 341 770 394 sanetum
786 327 928 398 Verbum
950 333 1034 420 ejus,
1052 331 1125 420 quod
1138 333 1160 398 oi
1172 358 1232 420 eor·¹

299 439 396 505 adeat.
421 439 501 504 lliuc
521 461 577 525 per
597 436 797 505 Salomonem
820 442 1014 530 pmphetam
1029 443 1071 506 sie
1083 443 1168 505 latur:
1182 445 1235 505 «tu

298 561 513 638 »praepararet
530 547 659 624 celum,
677 572 738 614 una
753 549 881 616 aderam
897 553 945 624 ei;
969 565 1085 616 etcum
1098 551 1231 616 lirmalaor·

297 685 309 718 ι
326 655 528 721 fundamenta
545 667 648 730 terrae,
667 677 753 720 eram
770 679 844 720 cum
859 679 899 720 eo
915 655 1226 744 disponens¹.1llose2

297 777 361 830 tem
374 763 427 852 qui
446 761 552 827 multis
568 763 656 829 annis
671 775 744 828 oute
755 762 963 830 Salomonem
981 764 1054 838 suit,
1066 763 1110 828 rel
1124 765 1228 852 potiuslr

297 877 373 940 bum
388 873 446 938 Dei
462 873 503 936 ita
515 895 572 960 per
588 895 660 936 eum
673 870 757 936 velut
768 895 825 960 per
837 871 1089 936 instrumentum
1097 869 1231 958 loquiturn.¹

296 981 477 1071 »principio
489 979 607 1046 creavit
622 981 706 1044 Deus
723 977 839 1045 eoelum
856 991 888 1044 et
906 993 1042 1044 terram.
1058 1007 1070 1040 ι
1085 979 1173 1043 Primo
1185 981 1228 1066 pria.

295 1090 383 1181 pium
401 1101 433 1154 at
451 1088 644 1155 creationem
663 1087 847 1162 nominavit,
865 1088 985 1152 deinde
1004 1088 1104 1176 ipsum
1121 1087 1231 1172 Daune:

296 1201 433 1267 ‹licavitt
452 1199 652 1287 nequeenim
666 1197 770 1264 sasest
787 1211 906 1264 temere
925 1212 957 1264 et
977 1198 1041 1264 levi
1058 1199 1095 1264 da
1111 1197 1234 1263 nunu-

292 1307 458 1399 appellare.
484 1306 672 1372 providebat
694 1306 779 1370 enim
798 1306 899 1371 divina
920 1306 1086 1395 Sapientia
1109 1306 1217 1370 suturun.

292 1416 435 1484 nonnulli
457 1428 661 1505 ungerentur,
685 1437 723 1480 ac
747 1415 985 1482 mollitudinem
1016 1417 1141 1481 deornm
1157 1437 1233 1496 naua

291 1529 479 1594 exstantium
491 1527 701 1593 nominarent·
716 1527 815 1614 Igitur
824 1539 857 1592 ut
870 1551 961 1594 verua
974 1528 1062 1594 Deus
1074 1551 1109 1592 ex
1119 1525 1229 1614 operiln'„

291 1636 497 1726 telligeretur‚
511 1657 648 1722 eumque
661 1649 820 1702 constaret
832 1638 862 1702 in
875 1637 987 1704 Verbo
1003 1661 1063 1702 suo
1078 1635 1174 1703 coelun
1185 1646 1218 1696 etl

291 1771 359 1814 ram
373 1757 406 1810 ot
419 1769 488 1832 quae
501 1745 532 1810 in
544 1745 589 1810 eis
602 1757 674 1810 suut
687 1767 821 1820 creasse,
834 1746 993 1834 seriptum
1004 1758 1074 1812 est:
1092 1771 1104 1803 ι
1117 1741 1221 1830 Ιηρτὶικὶῑ.

292 1856 437 1922 »creavit
451 1854 536 1921 Deus
553 1852 670 1918 eoelum
686 1864 718 1918 et
737 1871 864 1918 terram
888 1855 1046 1921 »Deinde
1066 1865 1217 1942 postqumt

291 1964 370 2030 ravit
382 1987 491 2029 eorum
506 1962 711 2036 creationem,
724 1961 770 2028 sic
783 1985 841 2028 nos
852 1963 968 2028 edocet
981 1986 990 2027 :
1004 1962 1122 2028 «Terra
1131 1971 1221 2022 auteur

290 2102 302 2134 ι
319 2071 480 2138 invisibilia
497 2085 529 2137 et
548 2071 767 2158 incomposita,
789 2084 822 2136 et
839 2073 981 2136 tenebrae
1000 2095 1094 2160 super
1109 2070 1224 2154 abyssum

289 2213 302 2245 ι
315 2182 449 2271 Spiritus
464 2181 522 2248 Dei
538 2178 793 2269 superferebatur
803 2203 898 2269 super
910 2205 1021 2269 aquas.
1037 2210 1050 2244 ι
1063 2181 1132 2246 Her
1144 2173 1225 2264 igituru-

288 2293 331 2356 tio
345 2291 437 2356 donet
449 2291 553 2356 diviua
565 2289 740 2377 Scriptura,
753 2290 915 2356 materiam
931 2314 973 2356 ex
986 2314 1050 2378 qun
1066 2281 1222 2356 mundmllt

288 2401 361 2466 lecit
376 2409 407 2464 ot
424 2399 580 2473 condidit,
593 2397 828 2487 quodammodo
839 2398 984 2466 indicans
997 2423 1067 2464 rem
1084 2407 1220 2464 cremam

289 2521 398 2597 utpote
413 2533 430 2573 a
447 2509 514 2573 Deo
530 2506 657 2573 laetam.

327 2609 387 2680 xl.
412 2615 542 2681 Initium
564 2625 671 2678 autem
687 2613 843 2680 condendi
868 2640 886 2680 a
909 2615 982 2682 lune
1000 2617 1054 2688 fin
1075 2615 1099 2678 si
1123 2607 1208 2699 qula&

286 2749 356 2815 qum
368 2724 548 2792 conduntur
558 2736 591 2788 at
607 2736 761 2788 ornantur
776 2722 829 2790 lux
843 2726 992 2792 ostendit.
1009 2727 1113 2805 Quare
1126 2703 1215 2784 dicit-¹ll

284 2835 390 2900 »dixit
405 2836 489 2900 Deus
510 2857 518 2898 :
540 2833 609 2897 Fiat
629 2831 695 2908 lux,
711 2847 744 2898 et
757 2833 839 2900 sueta
858 2848 904 2900 est
924 2834 978 2901 lux
985 2862 995 2910 ς
1017 2848 1049 2900 et
1067 2833 1132 2900 vidit
1146 2815 1214 2892 llta‘l·

283 2967 381 3010 »cem
392 2944 463 3032 quia
479 2943 562 3009 bona
579 2954 639 3017 est,
656 2971 669 3002 ι
687 2944 770 3008 hona
786 2942 905 3009 scilicet
920 2942 1044 3011 homini
1059 2943 1139 3008 lacta.
1149 2963 1157 2993 ι
1167 2924 1216 2996 llll

284 3054 412 3119 »crevit
439 3053 525 3118 Dens
550 3051 634 3116 inter
658 3049 764 3118 lucem
791 3062 822 3118 et
849 3055 1008 3130 tenebras,
1030 3066 1062 3118 et
1082 3037 1213 3116 ronuta

284 3158 415 3226 »lucem
431 3159 529 3234 diem,
549 3170 581 3223 et
595 3160 742 3223 tenebras
764 3159 886 3224 vocavit
908 3175 1047 3228 noctem.
1070 3157 1215 3226 Erucium

283 3291 439 3358 »vespero
458 3279 490 3332 et
509 3265 694 3332 factumest
715 3290 807 3332 mano
826 3269 891 3334 dies
914 3294 1006 3336 unus.
1033 3273 1069 3338 Et
1089 3263 1148 3331 dixit
1162 3257 1213 3320 Dru*

282 3409 294 3440 ι
310 3381 380 3446 Fiat
395 3378 629 3444 firmamentum
646 3379 678 3442 in
695 3379 800 3442 medio
816 3401 918 3466 aquae,
934 3393 966 3446 et
982 3382 1022 3447 sit
1038 3381 1176 3447 discernens
1183 3363 1217 3422 iu·

281 3518 293 3549 ι
308 3511 423 3578 aquam
437 3500 469 3553 et
484 3509 610 3575 aquam.
629 3487 669 3552 Et
684 3487 804 3553 lactum
818 3500 867 3554 est
881 3489 935 3554 sio.
955 3491 995 3555 Et
1014 3490 1081 3557 lecit
1093 3487 1155 3551 neus
1165 3473 1214 3538 tna

281 3637 350 3700 philo
362 3637 443 3694 licuit,
455 3636 499 3700 qui
510 3637 585 3686 etiam
604 3638 628 3683 in
642 3635 701 3683 lltro
712 3635 733 3695 1,
745 3653 770 3684 n.
784 3651 830 3695 vu,
844 3635 956 3686 Verbum
974 3647 1001 3688 et
1015 3632 1149 3702 Saplrntltm
1160 3612 1208 3688 lili

279 3719 305 3758 et
317 3710 438 3772 Spiritum
451 3709 597 3772 distinguit;
611 3717 635 3756 at
648 3711 672 3756 in
684 3709 731 3758 hoo
742 3708 831 3758 itidem
843 3711 897 3760 loco
909 3711 976 3760 Deua
987 3711 1089 3761 Verbum
1098 3693 1211 3754 „uncam”

280 3784 374 3848 pientia
384 3799 426 3830 sua
437 3785 551 3848 genuisse
563 3785 666 3834 dicitur.
680 3783 734 3831 l'id.
746 3785 806 3848 iusr.
823 3801 846 3833 n.
861 3801 891 3833 xv
901 3793 924 3834 ct
937 3803 1008 3834 auru.

314 3856 323 3891 ¹
335 3857 407 3907 Prot.
420 3873 472 3905 νιιι.
