2640 4622
238 309 390 353 ursaceus
413 307 475 352 cru
498 309 660 352 rauracus
683 279 797 352 sunno.
965 290 1028 368 445

26 427 69 482 et
83 415 247 482 handus
263 437 333 482 mea
348 415 444 481 Israel
454 416 475 480 ¹.
491 444 505 477 ι
520 416 601 481 Cum
615 415 712 502 igitur
724 416 810 480 De'us
825 415 913 481 hunc
926 439 1031 505 popu-

25 531 75 586 'um
89 520 255 586 benedicat
266 531 298 584 et
310 516 458 584 Israelem
470 531 574 594 vocet,
587 540 624 584 ac
636 517 853 584 haereditatem
865 543 954 584 suam
963 543 1031 585 esse

23 625 137 700 damen
157 626 317 715 quomodo
331 625 550 712 paenitentiam
566 649 629 689 non
644 625 746 713 agitis,
762 637 794 690 et
807 627 892 712 quod
908 627 1030 713 vosipsi

22 733 183 821 decipiatis,
192 734 280 820 quasi
292 731 349 798 soli
360 732 456 797 Israei
466 733 586 807 essetis,
595 735 720 820 etquod
730 735 933 801 benedictum
945 737 1031 802 hunc
1089 729 1097 738 ’

21 841 69 906 )εἰ
79 838 230 928 populum
241 838 466 905 exsecremini?
479 838 650 926 Postquam
661 840 746 904 enim
757 840 798 904 ad
808 841 983 907 Jerusalem
998 855 1031 907 et

20 947 51 1012 id
68 971 120 1012 eas
134 969 205 1035 quae
220 946 302 1013 circa
318 943 403 1010 illam
415 953 491 1010 sunt
505 946 660 1033 regiones,
677 945 824 1033 loquutus
836 961 895 1024 est,
908 951 953 1015 sic
963 973 1031 1014 rur-

19 1079 80 1120 iam
97 1053 238 1119 addidit:
262 1055 326 1119 «Et
342 1055 500 1140 generabo
518 1075 612 1141 super
630 1075 685 1117 vos
702 1054 857 1130 homines,
877 1056 1030 1144 populum

18 1197 19 1210 κ
35 1183 142 1226 meum
162 1158 278 1225 israelz
297 1170 330 1225 et
344 1159 524 1224 haereditate
534 1161 741 1248 possidebunt
758 1185 824 1236 vos,
840 1164 970 1227 eteritis
986 1165 1030 1230 eis

17 1265 67 1331 rin
87 1266 341 1353 possessionem:
365 1277 399 1330 et
418 1288 483 1331 non
503 1264 638 1330 addetur
651 1267 739 1332 robis
761 1265 843 1332 ultra
865 1280 899 1332 ut
913 1265 1030 1356 absque

16 1411 18 1430 ·
35 1375 141 1440 liberis
155 1397 209 1440 ros
225 1375 381 1441 iaciant.»
799 1373 807 1382 '

51 1481 134 1560 Quid
150 1482 256 1570 igitur,
273 1481 374 1567 inquit
389 1479 532 1568 Trypho,
548 1503 604 1546 vos
619 1480 715 1546 lsrael
729 1481 815 1558 estis,
836 1504 875 1547 ac
890 1481 930 1546 de
945 1482 1031 1548 vobis

13 1611 75 1654 raec
90 1589 187 1654 dicit?
679 1601 681 1606 '

49 1697 238 1784 Siquidem,
255 1697 377 1762 aiebam
393 1695 450 1770 illi,
467 1718 532 1762 non
548 1697 588 1760 dc
606 1696 654 1761 his
670 1697 734 1783 jam
746 1697 971 1773 disseruissem,
987 1697 1031 1762 id-

11 1830 69 1893 que
87 1806 242 1894 pluribus,
260 1805 438 1870 dubitarem
455 1817 564 1870 utrum
580 1805 613 1868 id
632 1806 735 1870 minus
752 1804 928 1894 intelligens
940 1807 1033 1872 inter-

10 1914 182 2000 rogaverim
204 1912 260 1977 sed
274 1913 347 2000 quia
363 1913 586 1999 huncquoque
602 1914 820 1999 questionem,
836 1925 868 1977 et
886 1936 959 1978 cum
975 1914 1031 1976 de-

9 2021 239 2086 monstratione
253 2032 286 2084 ct
301 2043 375 2112 cum
391 2019 569 2098 assensione
585 2018 810 2095 conclusimus,
826 2043 890 2086 non
904 2032 936 2084 te
950 2021 1033 2085 exis-

7 2128 88 2191 timo
103 2127 246 2214 ignorare
262 2147 331 2210 quar
342 2125 411 2210 jam
426 2124 509 2188 dicta
524 2135 610 2198 sunt,
630 2136 685 2188 aut
700 2147 807 2189 rursus
822 2126 1030 2191 contentionis

6 2234 113 2299 studio
132 2230 307 2319 indulgere,
328 2230 384 2294 sed
401 2251 572 2316 provocare
593 2243 626 2293 ut
644 2229 693 2294 bis
708 2231 957 2318 quoqueea'dem
973 2231 1031 2296 de-

6 2353 193 2406 monstrem.
216 2339 298 2403 Tum
318 2335 373 2403 ilio
392 2336 556 2402 oculorum
578 2348 659 2402 nutu
678 2338 877 2414 assentiente,
896 2339 1027 2414 Rursus,

6 2451 142 2523 aiebam,
162 2450 195 2512 in
212 2447 315 2521 Esaia,
333 2447 357 2510 si
375 2445 503 2511 auribus
520 2445 683 2512 audientes
701 2446 827 2522 auditis,
846 2448 886 2512 de
903 2447 1029 2511 Christo

6 2559 92 2622 Deus
111 2557 143 2620 in
162 2553 307 2643 parabola
328 2552 471 2641 loquens,
492 2551 592 2620 Jacob
611 2553 701 2620 iilum
717 2567 750 2619 et
765 2556 862 2620 Israel
880 2556 1025 2645 appellat.

6 2665 60 2730 Sic
72 2674 177 2728 autem
189 2663 253 2728 ait:
271 2662 395 2729 «Jacob
408 2685 515 2727 servus
526 2684 629 2738 meus,
641 2663 809 2750 suscipiam
820 2687 894 2728 eum
907 2687 915 2726 :
934 2663 1028 2730 lsrael

6 2805 14 2836 ι
31 2766 151 2839 electus
162 2795 263 2846 meus,
280 2761 558 2860 ponam'spiritum
571 2793 681 2838 meum
692 2795 885 2860 supereum,
902 2772 1029 2859 etjudi-

6 2912 14 2944 ι
32 2882 119 2946 cium
134 2881 279 2969 gentmus
293 2879 442 2967 proferet.
461 2879 531 2945 Non
548 2878 732 2953 contendet,
750 2902 853 2964 neque
868 2879 1027 2953 clamabit,

6 3011 137 3076 »neque
154 2988 261 3053 audiet
277 2987 443 3074 quisquam
458 2987 490 3051 in
508 2985 618 3074 plateis
636 3009 747 3053 rocem
762 2987 852 3073 ejus:
871 2984 1028 3052 calamum

6 3127 19 3158 ι
35 3095 210 3160 contritum
225 3116 291 3159 non
308 3094 495 3181 conminget,
515 3105 547 3156 ct
557 3091 657 3158 linum
670 3093 826 3182 fumigans
839 3117 904 3158 non
916 3095 1029 3160 exstin-

6 3212 133 3289 ‚guetz
153 3200 208 3264 sed
224 3201 256 3264 in
269 3199 401 3265 'veritae
418 3198 556 3289 proferet
573 3199 751 3286 judicium:
770 3201 899 3288 recipiet
915 3213 947 3266 et
965 3223 1029 3267 non

6 3341 20 3372 ι
35 3310 211 3397 frangetur,
229 3308 332 3373 donec
347 3320 443 3396 ponat
460 3309 492 3373 in
512 3321 594 3374 terra
610 3307 774 3396 judicium.
796 3311 836 3373 Et
854 3309 1031 3374 innomine

6 3453 19 3484 ι
36 3421 107 3508 ejus
124 3430 233 3508 gentes
249 3419 420 3507 sperabunt
428 3417 450 3482 ².
465 3445 479 3480 r
497 3418 776 3499 Quemadmodum
797 3420 898 3509 igitur
910 3422 948 3486 ab
969 3443 1031 3485 uno

6 3527 63 3593 illo
78 3525 192 3602 Jacob,
208 3525 262 3613 qui
278 3536 310 3590 ct
321 3523 416 3590 lsrael
427 3526 666 3614 cognominatus
677 3539 735 3602 est,
749 3551 843 3592 omne
854 3551 952 3617 genus
963 3551 1032 3593 ves-

6 3649 96 3702 trum
109 3634 210 3702 Jacob
223 3645 256 3699 et
270 3632 366 3700 lsrael
383 3645 602 3709 vocatumests
621 3636 666 3702 sic
679 3647 711 3710 ct
724 3659 781 3701 nos
797 3637 836 3701 ab
851 3659 889 3702 co
904 3637 959 3724 qui
974 3660 1031 3703 nos

6 3745 42 3810 in
53 3742 122 3808 Deo
133 3743 241 3831 genuit
253 3741 392 3819 Christo,
405 3755 439 3808 ut
450 3741 553 3810 Jacob
563 3754 595 3810 ct
605 3743 712 3820 lsrael,
726 3757 757 3811 et
767 3744 849 3811 Juda
859 3757 891 3810 et
900 3745 1031 3833 Josepb,

42 3870 128 3920 ¹Eui.
140 3883 190 3932 xix,
205 3871 243 3930 nd.
257 3870 307 3910 -²
318 3872 383 3922 litui.
397 3889 457 3930 asir,
473 3889 493 3921 ι.
