2684 4638
280 283 340 349 a7r
607 287 721 334 sincrr
746 287 862 338 rasnnr
885 293 946 338 ιιι.
972 293 985 336 ι

321 389 383 458 Alii
398 402 505 458 autem
517 413 626 485 rursus
639 391 718 460 Cain
730 418 748 460 a
760 398 923 485 superiore
934 400 1176 493 principalitate
1191 407 1317 486 dicnnt;

274 514 308 568 et
325 501 422 578 Esaii,
446 512 478 566 et
498 501 594 580 (lore,
617 513 650 568 et
668 502 862 585 sodomitas,
886 521 919 575 et
937 533 1049 579 omnes
1067 513 1148 582 tales
1167 533 1319 608 cognatos

164 615 171 628 ‘
274 634 347 678 suos
359 609 569 686 confitentum
587 622 620 676 et
635 623 766 701 propter
780 613 843 681 hoc
858 639 875 680 a
891 615 1011 688 factore
1027 619 1253 712 impugnatos,
1271 653 1320 694 ne.

274 719 394 786 minem
408 741 447 785 ex
460 716 505 784 eis
526 716 609 784 male
623 731 783 808 acceptos.
803 721 922 812 Sophia
937 727 1022 794 enim
1040 727 1123 796 illud
1139 736 1233 826 quod
1248 761 1318 826 pro-

273 828 381 918 prium
394 851 434 894 ex
447 850 485 894 ea
500 839 581 906 eret,
597 828 775 917 abripiebat
790 854 830 896 err
840 833 885 898 eis
899 833 941 898 ad
955 838 1176 928 semetipsam.
1196 846 1240 910 Et
1254 847 1315 914 bec

273 934 391 1004 ludam
409 937 607 1025 proditorem
625 935 792 1027 diligenter
807 943 992 1031 cognovisse
1011 945 1141 1026 dicunt,
1164 964 1201 1020 et
1219 954 1314 1022 solum

273 1069 339 1134 prae
361 1045 486 1112 ceteris
503 1059 749 1136 cognoscentem
769 1049 948 1128 veritatem,
971 1053 1146 1142 perfecisse
1168 1063 1313 1148 proditio

273 1154 322 1222 nis
339 1153 547 1244 mysterium:
566 1178 731 1245 perquem
743 1169 913 1228 etterrene
927 1173 961 1228 et
976 1162 1119 1232 celestis
1136 1172 1253 1238 omnin
1264 1174 1313 1239 die

272 1266 374 1334 soluta
394 1265 515 1331 dicunt.
536 1265 579 1332 Et
597 1263 822 1334 confictionem
840 1267 977 1340 efferunt
995 1273 1209 1365 hujusmodi,
1231 1283 1310 1350 Judz

271 1372 477 1463 Evangelium
492 1371 570 1440 illud
585 1387 744 1442 vocantes.

316 1483 390 1551 Jam
401 1497 508 1552 autem
520 1496 552 1550 ct
566 1484 600 1550 in
611 1507 804 1576 unoquoque
818 1503 1026 1578 peccatorum
1037 1507 1071 1561 et
1081 1499 1241 1588 turpium
1251 1527 1306 1593 ope
1337 1527 1338 1530 ¹

270 1595 430 1664 rationum
438 1592 596 1684 Angelum
607 1595 771 1674 adsistere,
782 1610 816 1664 et
825 1613 1009 1689 operantem
1019 1607 1137 1674 audire
1148 1613 1304 1680 andedam

270 1718 303 1774 et
314 1707 549 1774 immunditiam
563 1705 691 1786 inferre,
708 1707 743 1773 id
754 1711 841 1798 quod
851 1711 933 1778 inest
946 1715 975 1779 ei
988 1719 1189 1805 operationi,
1208 1725 1303 1816 Angeli
1337 1709 1338 1712 Ἴ

270 1817 399 1884 nomine
410 1816 534 1884 dicere:
548 1815 657 1893 «O'tu,
668 1817 801 1908 Angelc,
812 1822 929 1889 abutor
938 1846 1034 1914 opere
1044 1836 1103 1894 tuo
1119 1851 1130 1894 ε
1150 1829 1183 1896 0
1202 1846 1252 1910 tu,
1265 1835 1300 1901 ilb

136 1985 160 1988 .-
269 1927 451 2002 »Potestne
467 1924 599 2016 perficio
615 1937 703 1994 tuam
718 1930 945 2018 operationem.
961 1962 974 1997 ι
989 1934 1030 2000 Et
1045 1936 1110 2004 hoc
1127 1963 1205 2008 esse
1221 1946 1299 2011 seim

268 2033 544 2125 comperfectum,
557 2034 625 2100 sine
636 2035 750 2103 timore
763 2038 796 2104 in
807 2038 884 2108 tales
895 2043 983 2110 abire
996 2047 1225 2136 operationes,
1240 2079 1298 2144 qus

270 2167 311 2210 ne
322 2142 487 2211 nominare
498 2141 544 2208 sus
555 2154 604 2209 est
618 2143 757 2231 quidem.

736 2346 826 2436 sx.

580 2541 748 2590 concursio
764 2547 846 2590 mnnr
863 2523 979 2592 rn1u1¹.

308 2689 462 2760 Atalibns
476 2692 643 2768 matribus,
659 2705 691 2759 et
706 2694 862 2783 patribus,
878 2709 911 2762 et
927 2697 1053 2786 proavis
1068 2721 1121 2764 eos
1138 2699 1195 2787 qni
1215 2725 1238 2768 a
1249 2702 1294 2770 Vs

262 2803 383 2871 lentino
398 2804 473 2880 sint,
491 2803 572 2869 sicut
588 2804 664 2893 ipsae
681 2806 844 2871 seutentiae
859 2819 891 2872 et
910 2808 1026 2898 regule
1042 2809 1298 2886 ostendentem,

261 2914 476 2982 necessarium
495 2914 555 2979 luit
573 2914 738 2981 manifeste
755 2933 903 3006 arguere,
922 2918 1005 2987 etin
1022 2921 1169 2988 medinm
1190 2923 1297 2992 all'crre

261 3024 408 3115 dogmata
426 3025 581 3114 ipsorum,
600 3025 626 3090 si
643 3026 698 3113 qui
715 3025 796 3091 forte
810 3049 850 3092 cx
864 3027 902 3092 iis
915 3028 1139 3118 poenitentium
1157 3047 1299 3124 egentes.
1337 3059 1338 3086 ι

258 3148 292 3203 et
305 3144 524 3204 convertentes
539 3135 581 3200 ad
596 3159 697 3202 unum
712 3135 816 3204 solum
830 3138 1042 3214 conditorem,
1065 3149 1099 3206 et
1113 3141 1228 3211 Deum
1244 3146 1301 3212 sac·

259 3257 362 3312 torem
373 3242 597 3320 universitatis,
614 3242 725 3310 salvari
740 3244 861 3335 possint
875 3267 882 3309 :
901 3245 1015 3336 reliqui
1030 3259 1140 3316 autem
1154 3273 1226 3318 non
1238 3254 1300 3342 jam
1337 3229 1338 3242 ἵ

258 3353 483 3422 abstrahentur
493 3373 511 3416 a
523 3375 631 3441 prave,
644 3354 733 3442 quasi
745 3355 919 3432 verisimili,
936 3359 1080 3425 suasione
1092 3382 1227 3438 eorum,
1241 3387 1301 3453 pu-

256 3477 360 3532 tentes
375 3463 478 3551 majus
492 3473 525 3526 et
540 3459 659 3550 aliquid
674 3460 767 3529 altius
782 3466 823 3530 ab
837 3464 874 3531 iis
886 3465 1020 3533 scituros
1035 3489 1069 3534 se
1084 3471 1297 3557 mysteriumr

256 3575 313 3640 sed
327 3597 345 3640 a
358 3573 450 3640 nobis
461 3572 543 3639 bene
555 3571 711 3642 discentes
726 3597 796 3662 quae
807 3575 847 3642 ab
859 3572 920 3642 illis
930 3573 1013 3642 male
1024 3575 1199 3656 docentur,
1219 3581 1300 3648 deri-

255 3683 351 3750 deant
366 3681 495 3772 quidem
519 3679 697 3750 doctrinam
711 3705 836 3760 eorum.
849 3681 983 3752 ,illorum
997 3696 1107 3752 autom
1121 3687 1299 3756 miserean-

254 3802 308 3861 tur
326 3792 381 3879 qui
397 3791 504 3859 adhuc
518 3791 552 3858 in
566 3791 616 3860 his
631 3802 696 3864 tam
711 3792 895 3866 miserrimls
912 3806 945 3862 et
959 3793 1163 3866 instabilibus
1178 3797 1299 3867 sabulis

284 3922 294 3956 ¹
305 3922 367 3988 Cap.
381 3939 449 3983 mr,
462 3939 489 3973 ιι.
501 3923 515 3970 3
528 3922 586 3982 etl.
