2640 4622
299 267 448 312 olltocus
472 265 533 311 cuti
557 265 719 310 rntrnous
741 265 854 307 tunso.
1027 247 1088 328 4⁰7

23 363 26 440 i
68 374 127 438 sibi
143 371 225 438 molo
241 373 368 438 evcnirc
383 369 459 438 vult.
480 371 643 458 lgiturqui
658 371 837 458 proximum
854 369 966 458 diligit,
981 371 1092 434 codem

67 480 111 544 illi
128 503 166 546 uc
182 481 247 567 ipsc
263 479 322 543 sibi
338 477 520 566 precabitur
533 472 572 540 ¹oc
586 475 721 540 novabit.
740 475 903 544 Proximus
919 489 1024 542 sutem
1039 477 1095 540 hou

66 589 160 652 minis
183 610 248 653 non
269 587 348 652 nlius
365 597 428 660 cst,
449 607 546 673 quum
567 581 643 648 illud
666 581 819 650 similibus
839 586 1092 674 perpessionjbus

66 691 242 758 obnoxium
266 703 299 754 ct
321 691 443 756 rationo
460 686 629 774 prsuditum
649 686 777 760 ommol,
797 687 912 750 bomo.
944 687 1091 752 lliloriom

67 801 163 885 igitur
186 799 351 862 distributa
372 795 457 860 omni
477 794 608 881 justitio,
631 795 662 858 in
682 795 784 858 Duum
802 807 834 858 ct
853 793 1008 870 homines,
1025 797 1092 882 qui-

66 925 218 989 cumque,
227 903 270 968 uit
282 901 456 990 Scriptura,
466 899 565 988 diligit
577 899 749 965 Dominum
756 899 858 964 Deum
870 923 908 964 ox
919 902 1091 967 totocorde

65 1022 98 1074 ot
113 1033 152 1075 cx
166 1010 238 1073 totis
254 1009 383 1083 viribus,
400 1018 431 1072 ot
446 1007 626 1096 proximum
643 1019 678 1070 ut
694 1006 844 1094 scipsum,
861 1007 886 1071 is
902 1030 973 1072 vcro
988 1009 1091 1095 justus

65 1118 169 1182 luerit.
190 1115 252 1182 Vos
267 1129 374 1180 sutem
386 1138 487 1202 nequo
503 1115 534 1180 in
546 1115 661 1189 Dounn
679 1137 782 1202 nequo
795 1115 827 1178 in
841 1113 1024 1202 Prophetas,
1038 1141 1090 1180 ne·

64 1247 126 1310 quo
148 1225 180 1288 in
202 1225 406 1310 vosmetipsos
428 1245 568 1288 amorem
592 1244 730 1310 unquam
752 1233 807 1284 out
827 1221 1011 1286 charitatum
1033 1222 1089 1286 do-

64 1332 216 1407 clnrostis,
233 1333 288 1398 scd
302 1356 438 1420 sempor,
456 1343 490 1396 ut
506 1329 707 1395 manifestum
723 1341 783 1405 ost,
800 1342 832 1394 ct
848 1328 1088 1396 simulacrorum

62 1440 201 1505 cultores
222 1454 254 1504 ot
275 1441 432 1527 justorum
455 1437 673 1504 interfectores
694 1461 748 1502 vos
770 1423 965 1525 praebuistisc
991 1437 1033 1502 ito
1054 1453 1088 1502 ut

62 1547 121 1633 ipsi
133 1547 230 1612 otium
241 1548 369 1612 Christo
379 1569 492 1613 monus
504 1545 685 1621 intuleritis,
702 1558 795 1633 utque
810 1545 965 1612 hactonus
982 1547 1013 1612 in
1025 1571 1088 1614 vcs-

62 1667 109 1719 tro
132 1656 341 1742 permancatis
361 1655 513 1744 nequitis,
529 1655 604 1720 diris
624 1656 718 1719 ctiam
732 1677 787 1718 cos
803 1665 930 1744 ugentes
946 1656 1087 1742 quicum

63 1783 160 1848 quom
182 1762 395 1836 crucifixistis,
421 1761 583 1828 Christum
606 1783 673 1826 esso
697 1761 921 1825 domonstrunt.
948 1761 997 1826 Ad
1018 1755 1103 1826 huc

60 1871 159 1934 eitam
180 1868 283 1944 illum,
300 1881 338 1932 ut
356 1870 415 1934 Dci
434 1869 597 1936 inimicum
615 1881 648 1932 ct
666 1867 882 1944 maledictum,
906 1869 938 1934 in
957 1893 1093 1935 crucum,

60 1989 171 2040 actum
186 1999 253 2041 csso
271 1976 429 2041 conamini
444 1975 676 2048 demonstrsm3
699 1975 784 2062 quod
802 2000 876 2041 sone
893 1975 985 2042 alicui
1000 1999 1018 2042 o
1034 1999 1086 2040 rs-

61 2084 147 2146 tionc
163 2083 259 2148 animi
274 2083 368 2147 vestri
380 2106 459 2170 opus
473 2095 530 2148 est.
551 2084 630 2149 Nom
641 2105 716 2148 cum
731 2106 769 2147 ox
784 2083 878 2170 signis
894 2107 912 2148 u
928 2082 1012 2148 lloso
1023 2084 1085 2148 iuc-

60 2191 99 2254 tis
118 2187 310 2276 intelligendi
330 2189 453 2278 copiam
473 2190 613 2255 hubcotis
637 2213 712 2255 oum
730 2213 798 2254 osso
820 2189 996 2264 Christum,
1017 2214 1082 2254 non

58 2294 154 2358 modo
171 2313 235 2360 non
253 2293 358 2370 vultis,
378 2294 434 2360 scd
450 2297 546 2362 ctiam
563 2297 595 2360 in
611 2297 769 2383 angustius
785 2320 843 2360 nos
859 2296 974 2384 conjici
989 2321 1080 2385 posse

56 2405 281 2478 existimantes,
303 2403 490 2490 quaestioncs
510 2405 625 2492 ponitis
652 2427 859 2492 quocumque
881 2407 913 2470 in
939 2417 1079 2470 montem

56 2511 199 2584 veniunt,
222 2533 281 2576 nec
298 2521 404 2576 umen
424 2511 481 2597 ipsi
498 2511 621 2576 hubotis
636 2511 722 2598 quod
731 2511 862 2587 dicatis,
881 2513 906 2578 si
922 2535 1018 2600 quem
1029 2513 1080 2577 su·-

54 2617 188 2682 miorcm
204 2617 416 2682 Christianum
432 2615 635 2683 offenderitis.

96 2726 211 2792 xciv.
229 2728 332 2794 Dicite
344 2729 429 2794 cuim
444 2727 543 2792 mihi:
562 2727 674 2792 Nonne
690 2727 774 2793 Dcus
790 2739 850 2803 cst,
867 2728 922 2815 qui
938 2749 994 2818 por
1008 2727 1077 2799 llo-

52 2855 119 2896 som
133 2835 295 2921 praeccpit,
315 2857 356 2900 nc
371 2856 432 2921 qua
448 2835 552 2922 imago
570 2846 626 2898 aut
643 2833 862 2908 simulacrum,
885 2835 948 2900 sivc
966 2859 1077 2901 corum

50 2963 123 3026 quae
151 2942 183 3006 in
215 2940 295 3008 coslo
329 2964 467 3015 sursum,
498 2942 563 3006 sivo
589 2963 701 3005 corum
729 2957 799 3028 quat
829 2943 861 3006 iu
890 2942 980 3008 terris
1005 2958 1078 3010 sunt

51 3049 214 3121 deorsum,
228 3051 358 3114 omniuo
372 3049 590 3137 elimgcrotur3
611 3060 644 3111 et
659 3059 764 3114 mmcn
779 3049 845 3136 ipse
860 3049 893 3115 in
907 3051 1075 3120 solitudine

51 3177 110 3240 por
128 3153 246 3220 Moscm
259 3156 377 3231 ollccit,
398 3169 433 3221 ut
449 3180 577 3246 serpens
593 3180 699 3223 aencus
714 3157 817 3232 ficret,
833 3183 971 3246 cumque
986 3162 1075 3250 signo

50 3261 213 3347 imposuit,
233 3285 297 3347 quo
316 3263 404 3350 signo
424 3267 629 3330 servabuntur
646 3266 701 3354 qui
723 3289 740 3330 o
759 3269 957 3354 serpentibus
977 3267 1089 3334 morsi*

49 3369 189 3439 luciano
215 3389 276 3432 ncc
296 3367 392 3434 ullam
414 3371 572 3458 injustitias
596 3371 723 3460 culpam
746 3376 888 3439 sustinet.
912 3375 972 3440 Por
991 3365 1074 3441 hinc

47 3476 134 3540 onim
149 3498 217 3540 rom
234 3477 419 3562 mysterium
437 3474 515 3543 illud
529 3479 734 3566 praedicsbst,
751 3503 815 3568 quo
828 3481 989 3569 Serpentis
1001 3485 1073 3570 qui-

47 3585 120 3648 do'm
139 3582 221 3650 illius
244 3588 337 3673 cujus
357 3611 451 3674 opors
467 3589 682 3675 praevaricotIo
697 3591 792 3655 etium
807 3594 865 3658 sub
883 3591 1004 3658 Adomo
1021 3593 1070 3659 in-

46 3691 153 3766 ductu,
170 3703 358 3780 potcstutcm
370 3717 437 3760 soso
449 3691 676 3763 dissoluturum
688 3699 893 3786 prodicalsuu
912 3702 1070 3769 credonti-

45 3801 105 3865 bus
121 3812 227 3867 autom
242 3804 275 3868 in
291 3827 365 3868 cum
380 3805 433 3889 qui
448 3829 506 3893 por
519 3805 580 3874 boc
591 3807 727 3894 signum,
744 3809 776 3874 id
791 3821 850 3885 cst,
867 3834 923 3899 per
938 3835 1067 3880 crucum
