2630 4614
346 319 482 363 ascario
506 319 562 360 eno
585 317 790 362 cuntsrrants.
855 289 857 294 ’
1038 297 1082 382 09

140 431 259 506 Semper
272 425 450 495 dehonestat,
464 435 539 484 amat
555 435 648 482 autem
665 424 859 502 perniciosum
874 427 1007 482 Nartem.

674 526 773 596 Odyss.
789 536 822 596 Θ,
839 520 906 593 308,
921 522 988 598 309.

142 631 243 686 Cutem
257 638 353 684 autem
371 623 520 702 pulchram
534 622 709 682 dilaceravit.
729 625 813 680 Iliad.
829 623 863 694 E,
878 619 944 679 858.

64 742 223 808 Terribilis
238 741 290 808 ille
305 744 337 808 in
352 741 442 809 bellis
457 755 489 808 et
503 743 590 809 Jovis
604 742 752 808 adversus
767 740 894 808 Titanes
905 737 1082 812 auxiliator,

63 851 214 917 Diomede
229 852 383 918 infirmior
397 863 536 942 apparet.

142 973 268 1032 Furebat
282 987 377 1032 autem
388 975 466 1034 velut
479 993 544 1031 cum
556 976 635 1031 Mars
648 972 757 1030 hastam
770 973 897 1032 vibrans.
911 975 947 1029 Il.
962 977 999 1046 0,
1015 969 1082 1028 eos

65 1101 160 1178 Tace,
174 1103 309 1168 Homero
322 1126 331 1166 :
348 1102 425 1168 deus
435 1124 500 1168 uon
510 1101 596 1166 lurit.
611 1099 660 1165 Tu
671 1123 746 1166 vero
758 1100 836 1168 mibi
847 1112 880 1166 01
890 1099 975 1167 ccede
986 1097 1086 1188 iuqui-

65 1219 174 1272 natum
189 1220 222 1273 01
236 1209 447 1297 perniciosum
462 1206 656 1281 bominibus,

144 1331 232 1398 Mars,
245 1332 335 1401 Mars,
346 1329 487 1407 pernicies
498 1327 657 1400 homiuum,
669 1326 745 1387 caede
755 1327 912 1406 inquinate,
925 1333 961 1385 Il.
973 1333 1007 1404 E,
1019 1330 1065 1386 31.

65 1463 190 1507 enarras
205 1442 321 1518 Deum,
336 1455 368 1508 et
382 1442 464 1510 illius
479 1441 669 1510 adulterium
684 1443 836 1510 describis
849 1456 882 1510 01
897 1442 1040 1510 vincula:

144 1573 188 1630 Illi
197 1586 292 1632 autem
299 1574 328 1632 ia
336 1573 473 1632 lectulum
484 1586 516 1632 ut
525 1573 761 1647 conscenderunt,
772 1574 967 1632 dormierunt:
976 1574 1089 1636 vincula

144 1671 311 1730 Fahresacta
322 1671 627 1732 circumfundebantur
637 1673 788 1750 prudentis
799 1671 930 1747 Vulcani,
981 1673 1089 1752 [autem

144 1782 246 1856 Neque
252 1776 406 1854 ullopacto
412 1797 530 1834 movere
538 1774 668 1834 membra
675 1789 816 1854 poteraut
830 1779 884 1836 Od.
893 1791 925 1850 e,
935 1779 1077 1855 308,3o9.

66 1903 116 1968 Au
127 1923 191 1966 000
206 1898 356 1988 plurimas
371 1896 440 1964 illas
451 1898 491 1962 de
503 1896 562 1962 diis
578 1897 687 1984 impias
702 1919 801 1985 nugas
816 1897 1005 1985 projicient?
1021 1897 1091 1964 (2oe-

67 2010 116 2074 lus
128 2017 282 2073 castratur
295 2028 302 2070 :
322 2005 435 2094 ligatur
446 2016 478 2069 et
490 2006 522 2069 in
533 2015 687 2070 tartarum
697 2005 910 2093 praecipitatur
920 2005 1087 2084 Saturnus,

67 2117 234 2203 insurgunt
249 2113 387 2189 Titanes,
404 2112 483 2200 Styx
498 2113 632 2178 moritur
646 2113 678 2178 iu
694 2111 822 2201 praeliot
843 2114 908 2201 jem
924 2126 957 2179 et
971 2127 1072 2180 morta

66 2223 111 2288 les
127 2221 195 2288 illos
209 2223 339 2288 iaciunt.
358 2217 474 2288 Amant
489 2243 522 2286 se
537 2219 685 2296 invicem,
702 2230 810 2285 amant
823 2219 986 2288 homines:

145 2349 258 2417 AEneas,
272 2362 356 2420 quem
369 2339 423 2399 sub
434 2339 556 2397 Anchise
567 2339 679 2416 peperit
689 2338 757 2397 diva
767 2343 864 2397 Venus

146 2448 204 2505 Idae
215 2447 244 2502 in
255 2445 369 2514 vertice,
382 2449 443 2502 1100
455 2440 570 2499 mortali
582 2440 679 2498 mixta.
702 2444 787 2498 Iliad.
799 2445 832 2512 B,
844 2442 912 2512 327,
923 2442 989 2501 328.

69 2553 181 2618 Nonne
200 2549 327 2616 ament?
348 2549 459 2616 Nonne
477 2546 662 2636 patiuntur?
683 2545 847 2626 Quatenus
865 2546 950 2612 enim
972 2547 1027 2624 dii,
1049 2570 1089 2612 au

66 2684 121 2727 eos
136 2661 267 2749 attinget
280 2656 456 2746 cupiditas?
471 2656 575 2722 Etiam
590 2656 614 2720 si
631 2678 759 2720 caruem
770 2655 856 2720 Deus
867 2677 924 2742 per
935 2654 1091 2742 dispeusa-

66 2772 185 2836 tiouem
197 2769 334 2835 divium
350 2777 500 2843 assumat,
519 2789 560 2831 an
572 2765 690 2831 idcirco
702 2787 809 2830 servus
819 2765 881 2828 erit
892 2763 1093 2851 cupiditatis?

146 2893 212 2949 Nou
225 2889 302 2948 enim
316 2907 444 2966 unquam
457 2886 497 2944 sic
510 2883 582 2943 milti
595 2885 656 2942 deae
667 2901 759 2954 amor,
772 2901 866 2960 neque
880 2883 1008 2942 mulieris

147 2989 283 3047 Animum
297 2986 466 3066 pectoribus
478 2983 668 3042 circumfusus
680 2982 793 3042 domuit
807 3004 815 3038 =

148 3093 249 3164 Neque
263 3084 378 3164 quando
392 3095 494 3162 captus
506 3083 548 3140 101
560 3101 658 3140 amere
671 3081 790 3140 txtoniae
803 3080 911 3156 uxoris,

150 3190 251 3260 Neque
264 3181 380 3260 quando
396 3185 509 3238 Danaes
522 3179 655 3238 formosae
670 3177 775 3237 Acrisii
789 3179 864 3253 titiae,

150 3289 251 3361 Neque
266 3281 382 3360 quaudo
395 3279 539 3338 Phoenicis
552 3279 616 3338 hliae
629 3280 740 3358 inclyti,

149 3387 250 3459 Neque
263 3379 380 3458 quaudo
393 3378 529 3452 Semeles,
543 3399 636 3457 neque
649 3380 798 3438 Alcmenes
810 3380 840 3437 iu
853 3377 971 3456 Thebis,

148 3483 251 3554 Neque
263 3474 379 3554 quando
393 3475 506 3536 Cereris
518 3475 721 3554 pulchricomae
734 3480 850 3556 regium,

149 3583 251 3656 Neque
264 3575 380 3655 quando
395 3579 513 3636 Latonae
529 3576 613 3636 valde
627 3576 757 3650 illustris,
769 3595 863 3654 neque
876 3576 918 3634 tui
933 3576 1031 3654 ipsius

763 3678 849 3733 Ilmd.
864 3687 890 3750 Ξ,
903 3675 970 3734 315.

67 3791 203 3859 Genitos
216 3800 276 3864 est,
291 3787 486 3876 corruptioni
498 3787 651 3852 obnoxius
662 3798 722 3862 est,
739 3787 982 3876 necquidquam
995 3788 1093 3855 hebet

69 3901 139 3968 Dei.
158 3897 354 3977 Quinetiam
369 3897 509 3964 serviunt
523 3894 723 3962 homiuibus:
