2586 4642
422 377 545 424 cortrar
569 375 719 426 maesse.
1022 353 1081 418 521

15 519 17 534 ·
36 483 357 576 quomodojustus
367 485 463 576 perit,
480 497 513 552 et
527 507 623 554 nemo
640 486 798 558 intuetur3
813 495 846 550 et
863 483 919 550 viri
931 482 1007 572 justi
1025 479 1083 548 tol-

15 623 21 650 ·
37 589 196 672 luntur,
212 607 247 662 et
257 595 481 686 nemoexeipit
493 595 591 662 eorde
600 593 622 661 ¹.
642 595 748 662 »Haee
762 606 871 661 autem
883 594 915 661 in
928 591 1009 660 Abel
1021 591 1089 682 qui·

14 705 99 770 ilem
114 708 455 796 praemeditabamur,
467 733 485 776 e
499 707 665 798 Prophetis
677 731 752 776 vero
763 707 1043 797 praeconabantur,
1055 705 1088 770 in

14 814 185 884 Domino
204 830 314 886 autem
328 817 591 908 perficiebantur,
612 831 644 885 et
664 819 697 884 in
712 818 805 886 uobis
824 827 932 884 eutem
951 815 1090 906 idipsum

15 937 89 1001 est,
111 937 349 1017 consequente
363 949 498 1016 corpore
513 949 609 994 suum
623 939 731 1017 ceput.

69 1032 117 1102 V.
141 1037 196 1104 Et
219 1036 369 1104 adversus
388 1059 443 1102 eos
461 1037 592 1125 quidem
614 1037 668 1124 qui
692 1037 731 1102 eb
748 1034 810 1102 alio
832 1035 900 1102 Deo
915 1034 1091 1124 Prophetes

19 1143 174 1222 dieunt,
186 1147 227 1212 eb
240 1143 340 1212 altero
351 1158 459 1211 autem
471 1145 565 1212 Petre
575 1143 748 1210 Dominum
760 1155 918 1220 nostrum,
930 1141 1002 1210 talia
1015 1154 1091 1209 sunt

24 1265 130 1342 epta,
151 1254 184 1320 ai
200 1277 265 1342 quo
280 1254 377 1321 modo
394 1253 523 1320 tandem
537 1254 736 1342 quiescente
757 1264 844 1320 tenta
866 1253 1092 1320 irrationabili·
1114 1303 1116 1308 -

27 1373 116 1429 tate.
132 1361 278 1452 Propter
288 1364 351 1430 boo
361 1363 446 1429 enim
462 1373 496 1430 et
510 1361 692 1428 laboremus
702 1383 755 1428 eos
772 1385 842 1450 quae
856 1373 928 1428 eunt
939 1363 1094 1453 exSorip·

28 1472 123 1539 toris
137 1472 299 1540 adbibere
311 1472 518 1549 ostensiones,
535 1483 571 1538 ut
585 1472 660 1560 ipsis
672 1471 871 1538 sermonibus
891 1473 1091 1539 contutantes

32 1605 111 1660 eos,
129 1594 294 1672 quantum
310 1582 343 1648 in
359 1580 451 1647 nobis
471 1591 533 1657 est,
550 1579 758 1646 cohibeamus
772 1603 826 1646 eos
842 1604 859 1646 a
878 1580 989 1670 grandi
1012 1580 1092 1647 blus-

34 1692 196 1782 pbemio,
212 1703 246 1760 et
259 1715 278 1758 a
293 1689 469 1760 multorum
484 1690 625 1756 Deorum
639 1689 780 1757 dementi
795 1689 1015 1758 fabricatione.

411 1898 564 1970 CAPUT
586 1898 736 1968 XXXV.

47 2085 89 2150 V
84 2108 149 2149 atra
159 2084 191 2149 ⁸et
204 2085 305 2150 bswra
319 2107 457 2168 assequar
473 2083 507 2150 de
523 2091 614 2150 uariis
629 2090 844 2166 Scrtbturmum
857 2088 1003 2165 principiis
1019 2107 1095 2146 com-

89 2191 310 2252 metebantur
328 2189 526 2254 Valentiniani
545 2205 570 2254 et
590 2191 715 2252 Gnostici
717 2212 731 2265 ;
750 2213 799 2250 nec
810 2190 926 2268 proinde
940 2187 1094 2266 Prophetas

94 2291 203 2363 (multo
219 2293 312 2351 mrbus
330 2289 488 2372 Christum)
502 2293 606 2369 partein
620 2313 639 2352 a
654 2292 820 2364 summistae,
836 2292 939 2368 partim
956 2311 974 2350 a
991 2289 1095 2350 medr'e-

8 2419 10 2424 ·
93 2407 163 2468 tate,
174 2395 277 2469 partim
292 2413 311 2452 a
325 2393 481 2473 Demiurgo
496 2391 619 2474 afflatos,
633 2391 739 2452 locutos
744 2388 850 2475 stetisse.

101 2561 129 2628 1.
150 2560 309 2629 Adversus
324 2584 379 2629 eos
395 2586 503 2630 rursus
518 2563 574 2653 qui
590 2575 663 2630 sunt
678 2587 696 2630 a
711 2560 893 2637 Valentino,
908 2573 941 2626 et
956 2557 1093 2647 reliquos

55 2667 129 2736 ialsi
145 2669 282 2738 nominis
294 2669 473 2750 Gnostioos,
486 2673 541 2762 qui
555 2670 726 2762 aliqnando
740 2672 870 2760 quidem
881 2691 898 2734 s
911 2670 1094 2734 summitate

58 2779 410 2870 quaedameorurnque
425 2781 547 2846 suntin
564 2778 737 2869 Soripturis
755 2778 857 2867 posite
873 2776 957 2843 dieta
970 2775 1093 2852 dieunt,

58 2901 192 2978 propter
206 2913 315 2956 semen
332 2891 417 2979 quod
431 2901 480 2956 est
495 2889 586 2962 indm
601 2887 772 2977 aliquando
788 2910 863 2953 vero
878 2909 896 2952 e
911 2887 1094 2962 medietate,

62 3005 195 3086 propter
208 3007 344 3064 matrem
358 2996 531 3062 Prunieam
550 2996 722 3069 nudat-,emt
740 2994 839 3064 multa
856 3018 932 3062 aero
949 2995 1094 3063 amandi

65 3103 265 3180 lebrioatore.
281 3127 299 3170 a
315 3126 379 3192 quo
393 3116 427 3170 et
439 3103 526 3172 misai
546 3116 621 3170 sunt
637 3103 804 3194 Prophetae
822 3129 830 3172 ε
849 3105 983 3173 dicimus
1003 3104 1095 3174 vulde

65 3197 277 3278 irrationabile
293 3233 375 3290 esse,
392 3212 425 3279 in
440 3222 565 3278 tantum
580 3211 695 3301 inopia
709 3212 868 3280 deducere
882 3212 1010 3279 Patrem
1022 3215 1095 3280 uni-

66 3344 246 3400 versorum,
269 3323 359 3414 quasi
377 3345 442 3391 uon
462 3322 611 3391 babuerit
631 3345 686 3390 sua
706 3324 928 3400 instrumenta,
948 3347 1006 3414 per
1025 3347 1095 3414 quse

68 3455 144 3524 pure
170 3455 207 3498 ee
228 3455 299 3520 que
325 3434 454 3502 suntin
482 3431 661 3500 Pleromate
688 3435 966 3502 annuntiarentur.
990 3435 1096 3516 Quem

70 3542 150 3610 enim
165 3540 312 3620 timebat,
327 3555 363 3609 ut
378 3565 444 3610 nou
457 3540 557 3610 libem
572 3554 605 3610 et
619 3543 686 3611 sine
701 3545 928 3613 commixtione
947 3546 1016 3638 ejus
1031 3548 1097 3639 spi·

71 3653 156 3729 ritus.
173 3652 227 3741 qui
242 3664 289 3720 est
304 3653 337 3721 in
352 3653 564 3722 diminutione
582 3665 616 3720 et
636 3654 814 3743 ignorantia
833 3657 947 3735 sectus,
969 3658 1097 3748 proprio

70 3785 106 3830 eo
119 3763 285 3852 separatim
304 3759 496 3854 significaret
510 3762 705 3832 voluntatem
716 3788 806 3832 suam
816 3765 831 3832 l
841 3767 892 3837 Au
908 3769 1040 3838 timebat
1055 3793 1096 3836 ne

71 3871 190 3965 plurimi
203 3869 411 3952 salvarentur,
424 3871 616 3964 cumplures
628 3897 708 3964 pure
719 3875 881 3946 audissent
891 3900 928 3946 ee
940 3899 1011 3966 quse
1022 3889 1097 3943 aunt

102 4001 182 4054 lbai.
194 4019 256 4064 trra,
268 4019 291 4052 r.
