2586 4642
416 315 539 360 coaaos
564 313 713 360 annnam.
1020 295 1079 361 501

31 422 221 490 sbstantias
239 425 343 491 aunis
358 421 481 501 multis,
496 433 530 490 et
543 445 601 514 per
616 445 747 492 ornnem
761 421 895 491 modum
910 425 1083 503 servitutis,
1224 469 1227 477 -

31 553 84 594 am
105 527 158 596 illi
177 553 257 600 non
274 530 387 600 solum
404 533 520 623 ingrati
538 545 644 600 essent
666 531 818 599 adversus
837 535 906 610 eos,
927 556 1039 600 serum
1053 544 1087 600 et
1162 573 1171 582 -

31 641 189 708 uiversos
212 643 365 732 perdere
379 640 507 711 vellent.
533 642 624 724 Quid
639 643 735 732 igitur
750 642 868 732 injuste
883 655 1009 732 gestum
1023 656 1085 719 est,

48 775 93 817 ex
104 751 234 821 multis
247 777 358 845 pauca
369 766 587 846 sumpserunt,
599 755 693 844 etqui
703 745 1000 843 potueruutmultas
1012 753 1085 821 sub·

31 861 150 928 nutias
168 862 323 942 babere,
340 866 366 932 si
382 889 447 932 non
459 865 629 931 servissent
644 864 702 939 eis,
717 875 752 929 et
766 863 878 929 divites
892 863 994 939 abire,
1010 882 1087 953 pau·

31 971 190 1040 issimam
204 972 404 1042 mercedem
411 985 471 1063 pro
479 993 592 1063 magna
600 973 751 1040 servitute
759 973 964 1063 accipientes,
974 973 1084 1064 inopes

31 1081 204 1150 bierunt?
219 1083 513 1166 Quemadmodum
528 1084 554 1150 si
565 1083 636 1172 quis
646 1082 741 1160 liber,
756 1084 913 1152 abductus
924 1087 964 1152 ab
980 1083 1087 1173 alique

31 1217 73 1260 er
88 1192 180 1270 vim,
200 1205 242 1262 et
259 1195 399 1262 serviens
414 1195 444 1262 ei
459 1193 549 1262 annis
561 1191 683 1270 multis,
700 1204 733 1260 et
747 1216 865 1285 augens
877 1194 1087 1261 substantiam

31 1303 106 1394 rjus,
122 1317 212 1395 post
237 1305 358 1372 deinde
379 1303 510 1394 aliquod
528 1303 759 1372 adminiculum
773 1317 975 1382 consecutus,
990 1317 1087 1396 pute·

31 1437 71 1478 ur
87 1415 241 1503 quidem
258 1415 384 1484 modica
400 1415 546 1506 quaedam
561 1416 632 1506 ejus
647 1415 781 1492 habere,
796 1437 907 1482 resera
921 1427 1029 1482 autem
1044 1438 1085 1482 ex

31 1523 333 1616 nultis'laboribus
345 1527 423 1604 suis,
440 1540 473 1593 et
487 1549 527 1594 ex
540 1525 749 1616 acquisitione
761 1549 889 1618 magna,
901 1549 1002 1618 pauca
1014 1549 1085 1616 per·

31 1635 152 1724 tipiens
175 1636 343 1714 discedat,
359 1649 392 1704 et
407 1636 470 1703 hoc
486 1638 527 1703 ab
543 1634 650 1724 aliquo
665 1637 841 1726 imputetur
855 1635 898 1713 ei,
916 1635 1005 1726 quasi
1020 1657 1085 1703 non

31 1757 116 1812 ecte
139 1745 282 1822 iecerit:
301 1747 368 1838 ipse
388 1747 488 1836 magis
510 1746 647 1835 injustus
667 1745 767 1836 judex
788 1745 954 1837 apparebit
971 1741 1014 1823 ei,
1030 1745 1085 1836 qui

31 1878 84 1946 per
98 1856 175 1922 vim
187 1858 226 1924 in
239 1857 403 1924 servitium
411 1855 506 1922 suerit
518 1854 685 1928 deductus.
701 1855 844 1946 sicergo
855 1854 1087 1943 suntetbojus·

31 1969 121 2035 modi
137 1970 201 2061 qui
219 1971 379 2060 imputant
389 1965 509 2060 populo
523 1990 620 2058 parva
637 1967 678 2034 de
692 1965 800 2034 multis
817 1966 988 2057 accipienti
1004 1966 1083 2042 sibit

31 2089 61 2142 et
77 2078 162 2168 ipsis
178 2103 249 2148 non
260 2081 432 2171 imputant,
447 2078 504 2169 qui
514 2075 635 2146 nullam
650 2077 785 2168 gratiam
799 2099 838 2144 ex
848 2078 964 2144 merito
975 2098 1086 2167 paren-

31 2201 104 2256 tum
124 2191 277 2260 debitam
291 2190 515 2266 reddiderunt,
532 2189 597 2256 imo
615 2201 648 2256 et
664 2190 698 2256 in
716 2189 932 2280 gravissimam
950 2187 1087 2256 servitu·
1140 2195 1141 2199 ’

33 2310 104 2365 tem
115 2301 319 2391 redigentes,
330 2301 501 2368 maximam
513 2300 552 2366 ab
570 2299 616 2366 eis
634 2299 799 2367 consecuti
810 2309 886 2367 sunt
896 2297 1084 2366 utilitatem:

31 2420 66 2474 et
82 2407 158 2478 illos
175 2410 384 2501 quidemtnon
397 2410 557 2500 signatum
573 2430 688 2476 aurum
700 2419 732 2476 et
747 2421 915 2499 argentum
931 2409 964 2476 in
976 2410 1087 2499 paucis

37 2518 194 2597 vasculis,
215 2518 486 2610 quemadmodum
505 2517 722 2607 prediximus,
744 2519 951 2608 accipientes,
968 2519 1086 2607 injuste

36 2626 156 2696 secisse
177 2630 304 2704 dicunt;
323 2628 508 2720 semetipsos
523 2641 632 2696 autem
657 2627 808 2714 (dicetur
822 2613 909 2694 enim
923 2628 1013 2716 quod
1030 2651 1087 2694 so-

38 2759 116 2814 rum
131 2753 194 2818 est,
206 2740 282 2809 licet
292 2739 464 2810 ridiculum
476 2739 668 2828 quibusdam
680 2759 749 2804 esse
763 2734 943 2825 videatur),
960 2760 1000 2802 ex
1015 2737 1087 2806 alia-

37 2848 90 2914 nis
106 2848 272 2916 laboribus
287 2849 410 2938 insigne
424 2869 554 2922 aurum,
568 2856 601 2910 et
618 2854 799 2933 argentum,
816 2856 849 2909 et
863 2857 1086 2924 aeramentum,
1208 2903 1220 2924 ,

39 2979 122 3024 cum
140 2957 345 3044 inscriptione
359 2966 392 3020 et
407 2952 545 3042 imagine
560 2951 692 3018 Caesaris
708 2950 741 3018 in
756 2950 844 3018 sonis
856 2952 920 3018 sois
935 2953 1084 3032 serentes,

44 3066 134 3152 juste
151 3067 207 3154 (se
222 3068 234 3154 )
249 3065 353 3131 lacere
368 3061 489 3130 dicunt.

91 3175 149 3243 lll.
167 3174 201 3242 Si
216 3187 324 3242 autem
339 3169 536 3264 comparatio
551 3171 608 3239 liat
623 3184 731 3239 nostra
746 3185 780 3240 et
795 3171 937 3250 illorumr
952 3174 1006 3264 qui
1021 3177 1087 3264 jus·

46 3285 111 3352 tius
126 3283 325 3376 apparebunt
338 3279 521 3371 accepisse?
539 3291 691 3348 utrumne
705 3279 843 3371 populus
857 3281 898 3348 ab
913 3281 1083 3374 AEgyptiis,

46 3395 207 3484 quierant
224 3416 284 3486 por
303 3392 412 3459 omnia
429 3391 606 3465 debitoresc
624 3413 665 3459 an
680 3413 739 3457 nos
753 3414 771 3456 a
786 3391 951 3470 Romanis,
967 3403 1000 3459 et
1015 3394 1086 3464 reli·

50 3505 120 3594 quis
139 3503 299 3595 gentibus,
319 3512 352 3567 et
371 3524 389 3566 a
408 3500 524 3590 quibus
539 3498 618 3566 nibil
634 3497 696 3566 tale
715 3500 807 3567 nobis
828 3502 1005 3570 debeatur?
1021 3504 1087 3573 Sed

52 3628 84 3682 et
94 3615 230 3684 mundus
249 3635 363 3704 pacem
378 3611 476 3678 habet
491 3633 549 3700 per
562 3633 632 3686 eos,
653 3622 686 3677 et
696 3631 755 3676 nos
765 3611 834 3677 sine
847 3611 962 3680 timore
977 3614 1011 3681 in
1027 3615 1084 3683 viis

54 3724 247 3794 ambulamus
258 3733 292 3790 et
301 3722 486 3812 navigamus
495 3743 698 3810 quocumque
707 3718 909 3788 voluerimus.
926 3721 1085 3792 Adversus

55 3839 145 3929 igitur
161 3833 343 3925 hujusmodi
366 3844 458 3923 aptus
480 3831 541 3898 erit
559 3853 666 3898 sermo
686 3829 814 3900 Domini
836 3853 844 3896 ε
865 3859 878 3894 a
896 3833 1083 3922 llypocrita,

56 3944 196 4023 edicens,
212 3941 314 4012 eume
328 3939 432 4032 primo
447 3939 573 4008 trabem
588 3937 628 4006 de
639 3935 733 4010 oculo
749 3947 818 4017 tuo,
830 3951 862 4007 ct
876 3951 954 4009 tunc
965 3941 1083 4030 perspi-
