2636 4648
266 330 331 408 480
589 349 702 396 saxcrr
726 349 841 396 manns
862 317 926 396 sss.
953 351 985 394 ss

267 470 364 524 stom
380 469 441 532 est,
459 467 493 522 ut
509 455 735 548 adimpleretur
749 457 836 544 quod
851 457 976 524 dietum
992 469 1039 524 ast
1052 480 1068 522 a
1079 458 1217 550 [lonium
1255 484 1257 561 p

267 561 487 653 »Prophetanr
508 563 668 632 dicentem
687 585 695 629 a
715 564 802 632 lleoe
820 562 920 654 Virgo
941 564 976 631 in
993 575 1076 632 utero
1093 568 1218 657 resipiat

268 701 281 734 s
295 673 396 762 pariet
410 669 538 748 Filium,
547 684 580 740 et
591 672 885 742 rooahiturnomen
894 675 969 764 ejus
980 673 1169 750 llnsrnanuel¹;
1178 701 1218 766 sps

267 803 427 850 sermones
441 779 608 871 Prophetae
623 780 760 848 suadens
774 781 816 859 ei,
831 794 865 848 et
879 782 1220 854 excusatissimus

266 890 411 960 eamdem
429 912 497 958 esse
523 890 696 958 ostendens
720 913 792 981 qua
816 892 857 958 ah
876 893 973 958 Esaia
990 905 1070 959 esset
1088 897 1224 982 prenunt'm

266 999 375 1090 Virga,
392 1022 462 1088 quae
473 1012 642 1089 generaret
654 998 854 1070 Emmanuel.
873 1001 1076 1093 Quapropter
1087 1003 1226 1070 sinodalis

267 1109 352 1178 tione
370 1131 482 1176 suasus
497 1107 632 1200 loseph,
652 1121 685 1176 et
699 1109 831 1177 llariam
845 1111 986 1200 accepit,
1002 1122 1034 1176 et
1047 1112 1077 1176 in
1091 1110 1181 1202 reliqui
1190 1113 1228 1178 ui

265 1240 353 1284 versa
368 1215 560 1284 educatione
576 1216 693 1284 Christi
709 1217 850 1308 gaudens
867 1219 1058 1309 obsequium
1071 1221 1190 1308 prestitit.
1202 1244 1228 1284 n

265 1331 328 1418 qu'e
335 1326 547 1417 inAEgyptum
555 1327 729 1416 suscipiens
736 1326 1024 1417 profectionem,at
1030 1327 1226 1418 inderegresan

265 1450 298 1505 et
318 1437 353 1505 in
367 1435 523 1506 Nazareth
541 1435 859 1526 transmigrationem.
879 1437 1027 1527 Denique
1046 1438 1096 1526 qni
1109 1437 1228 1525 ignoratur
1259 1505 1260 1536 p

265 1547 459 1638 Scripturas,
467 1545 860 1636 etrepromissionemllei,
873 1558 907 1613 et
917 1546 1142 1636 dispositionem
1152 1545 1226 1619 cult,
1259 1581 1260 1592 κ

266 1669 390 1749 patrem
410 1679 485 1722 eum
510 1655 665 1722 vocabam
685 1655 788 1744 pueri.
814 1654 952 1744 Propter
972 1655 1036 1723 hoo
1055 1654 1228 1740 autenetipa

266 1769 422 1837 Dominus
439 1767 471 1838 in
487 1766 711 1856 Capharnaiim
725 1764 825 1834 Baio
839 1765 1027 1856 prophetias
1041 1764 1147 1855 legabat
1158 1786 1164 1828 :
1174 1763 1227 1850 sipi

267 1907 281 1944 s
296 1879 375 1946 ritus
382 1875 509 1946 Domini
520 1897 617 1964 super
626 1897 692 1952 ma,
704 1887 899 1964 quapropter
911 1877 1004 1943 unxit
1014 1899 1076 1951 me,
1087 1871 1226 1962 evangilium

267 2017 281 2054 a
295 1987 485 2079 pauperihus
499 1984 585 2052 rnisit
599 2007 665 2061 rue,
681 2006 794 2053 curare
805 1984 1040 2053 contribulatos
1053 1983 1146 2060 eorde,
1157 2003 1225 2070 praa-

194 2111 214 2128 ‘
268 2119 374 2166 snare
389 2095 520 2186 eaptivis
535 2093 765 2170 remissionem,
782 2104 815 2161 et
831 2094 923 2162 caeeis
942 2093 1094 2166 vinnam
1107 2091 1127 2156 ².
1139 2089 1226 2156 ›Seut-

268 2209 372 2298 ipsum
388 2228 515 2296 quoque
533 2201 703 2272 ostendens
717 2204 965 2293 praenuntiatum
981 2229 1040 2296 per
1050 2202 1137 2272 Esaia
1147 2197 1226 2289 propit

267 2318 356 2392 tiam,
376 2315 505 2382 dicebat
519 2314 589 2382 eis:
608 2301 738 2382 allodia
753 2312 923 2404 adimpleta
938 2323 990 2383 est
1005 2305 1224 2404 Scripturshrtiu

266 2423 423 2492 »auribus
437 2424 548 2490 vestris
564 2422 588 2490 ⁸.
606 2451 620 2488 s

311 2535 353 2602 11.
372 2534 507 2622 Propter
521 2532 585 2602 hoo
599 2545 632 2600 et
646 2531 823 2624 Philippus,
840 2556 915 2602 oum
930 2535 1098 2604 invenisset
1108 2525 1225 2598 snouduu

268 2647 384 2738 regine
394 2643 583 2734 AEthiopum
596 2642 754 2733 legentem
765 2665 803 2710 ea
819 2667 890 2732 que
903 2645 1024 2736 scripta
1038 2653 1123 2712 sant:
1136 2637 1227 2716 «Qan-

268 2785 282 2820 ι
297 2754 471 2822 admodum
482 2752 549 2820 oris
558 2752 600 2820 ad
609 2751 776 2820 ¹victimam
786 2753 902 2822 duetus
914 2767 974 2832 est,
989 2769 1023 2822 et
1032 2743 1227 2844 quamunitas

267 2889 396 2957 sagnus
414 2865 448 2932 in
462 2875 636 2954 conspeetu
656 2863 818 2931 tondentis
839 2864 909 2932 sine
928 2888 1022 2944 vooe,
1037 2866 1081 2932 sio
1093 2851 1228 2944 nonspffll

268 3006 283 3042 s
297 3001 334 3045 os
348 2997 452 3044 suum.
470 2975 510 3042 ln
524 2973 703 3043 humilitate
716 2973 874 3064 judicium
888 2977 958 3066 ejus
972 2975 1107 3046 ablatum
1119 2981 1156 3036 est
1168 2965 1186 3038 ‘t
1196 2969 1227 3024 ‚a

267 3085 389 3176 reliqua
399 3085 660 3176 quaecumqueda
672 3084 816 3174 passione
826 3086 910 3177 ejus,
922 3099 956 3153 et
967 3087 1007 3156 de
1019 3081 1125 3156 earnali
1134 3077 1225 3144 admit

268 3211 302 3266 ot
319 3196 590 3288 quemadmodum
611 3196 819 3264 inhonoratus
839 3210 888 3264 est
907 3221 925 3264 a
946 3222 1012 3268 nou
1031 3189 1194 3266 credauthtl
1205 3181 1225 3249 θ’]

268 3307 470 3399 pertransivit
487 3305 644 3397 Propheta
655 3307 682 3382 ⁸3
707 3306 799 3374 facile
815 3308 912 3376 suasit
929 3309 958 3375 ei
981 3308 1104 3377 eredere
1120 3319 1176 3366 oum
1190 3309 1226 3356 Μ

267 3418 432 3486 Christum
448 3416 573 3492 losum,
595 3416 649 3506 qui
670 3417 730 3483 snb
750 3415 863 3484 Pontio
880 3417 982 3485 Pilato
1003 3409 1229 3488 oruoilixusasttl

267 3551 378 3618 passus
391 3540 452 3604 ast,
468 3537 501 3594 et
513 3547 723 3616 quascumque
737 3525 882 3614 predixit
894 3525 1062 3617 Propheta,
1075 3525 1226 3607 fflmqneut

267 3637 384 3706 Filium
400 3638 472 3713 Dei,
492 3638 547 3728 qui
565 3647 718 3704 aternam
732 3637 829 3704 vitam
845 3637 1027 3706 hominihus
1041 3637 1098 3704 dat.
1116 3631 1149 3698 Et
1164 3617 1227 3690 suth

269 3760 305 3816 ut
317 3749 486 3838 baptisavit
500 3769 588 3824 eum,
604 3747 755 3816 abscessit
770 3749 810 3816 ah
825 3771 874 3815 eo.
894 3745 978 3818 Nihil
992 3749 1073 3818 enirn
1084 3735 1224 3814 sliuddtlfl
