2674 4618
327 307 447 355 conara
471 304 591 352 cuens
615 308 740 352 onarro.
1005 309 1040 372 ¹7

61 437 98 490 tus
113 420 238 512 igiturin
252 415 358 494 stellis,
377 416 502 505 spiritus
520 416 553 482 in
572 415 699 504 angelis,
720 415 846 503 spiritus
865 415 899 480 in
913 414 1038 504 plantis,

59 534 162 622 spiritus
177 532 207 596 in
224 527 413 604 bominibus,
433 527 558 617 spiritus
577 529 609 592 in
628 525 830 602 animalibus3
853 539 886 593 et
903 529 1043 616 quamvis

60 651 163 708 unnsct
173 639 247 706 idem
258 637 310 713 sit,
327 637 423 703 babet
437 647 543 701 temen
557 637 591 701 in
605 659 639 701 se
653 635 841 702 discrimina.
861 636 964 726 Atque
974 638 1043 704 baec

61 749 169 836 quidem
180 748 269 822 nobis,
287 769 352 812 non
366 744 472 836 lingue
487 767 547 812 nec
557 745 712 835 probabili
723 749 844 816 ratione
854 771 914 815 nec
926 749 1045 838 sophis-

64 871 150 923 tarum
161 868 294 947 apparatu
310 857 545 932 disserentibus,
564 857 619 921 sed
638 856 795 922 divinioris
811 858 977 946 eujusdam
992 881 1044 926 vo·

66 966 101 1031 cis
114 987 231 1031 sermone
245 964 417 1040 utentibus,
438 965 491 1050 qui
507 962 628 1030 discere
643 962 747 1042 vultis,
763 965 915 1031 festinate.
935 967 975 1032 Et
989 967 1043 1055 qui
1110 943 1117 959 ’

64 1075 89 1138 in
102 1072 226 1160 Scytbam
240 1071 446 1140 Anacharsim
466 1097 529 1138 non
549 1073 710 1161 despuitis,
726 1096 827 1161 neque
846 1075 940 1140 etiam
958 1097 1045 1141 nunc

62 1184 196 1272 indignum
207 1185 293 1250 vobis
312 1184 417 1250 ducite
432 1184 471 1249 ab
491 1184 538 1248 his
556 1183 611 1270 qui
629 1184 825 1248 barbaricam
849 1182 1044 1272 disciplinam

64 1301 216 1377 sequuntur,
229 1291 356 1356 erudiri.
375 1291 528 1380 Dogmata
543 1301 648 1357 nostra
664 1289 774 1356 saltem
789 1287 923 1356 atillam
938 1291 1045 1379 baby-

66 1397 193 1467 loniorum
202 1399 418 1466 divinationem
429 1399 591 1466 adsciscite
605 1422 613 1463 :
631 1422 739 1464 eurem
751 1399 842 1464 nobis
855 1398 1043 1475 dicentibus,

63 1506 153 1573 saltem
163 1520 193 1574 ut
200 1510 325 1596 quercui
336 1507 530 1582 vaticinanti,
543 1506 789 1572 accommodate.
808 1505 890 1571 Sunt
900 1505 969 1573 haec
979 1507 1046 1593 qui-

62 1619 120 1683 dem
128 1642 188 1708 que
196 1619 418 1693 recensuimus,
431 1618 610 1683 daemonum
620 1607 795 1681 furentium
802 1625 1020 1703 strategemata
1033 1639 1042 1681 ε

62 1740 146 1793 nostra
155 1739 250 1794 autem
259 1728 402 1794 doctrina
412 1724 588 1802 sublimior,
600 1747 695 1812 quam
706 1736 741 1790 ut
749 1747 818 1790 eam
829 1722 967 1790 mundus
976 1745 1045 1812 pos-

63 1838 94 1902 sit
106 1837 356 1926 comprehendere.

99 1945 173 2012 Xlll.
190 1945 252 2012 Non
268 1959 316 2012 est
334 1945 518 2012 immortalis
535 1969 592 2035 per
610 1969 643 2010 se
660 1946 738 2034 ipsa,
757 1967 777 2008 o
794 1943 908 2019 Graeci,
926 1944 1042 2019 anime,

71 2054 115 2117 sed
123 2054 265 2120 nomast
278 2055 500 2122 Potesttamen
512 2055 623 2122 eadem
634 2077 698 2120 non
708 2053 800 2118 mori.
817 2051 949 2118 Moritur
960 2051 1046 2116 enim

68 2171 93 2226 et
102 2159 249 2229 dissolvitur
258 2185 331 2230 cum
344 2185 488 2254 corpore,
504 2163 528 2229 si
542 2163 703 2229 veritatem
715 2163 855 2251 ignoret:
874 2169 980 2249 postea
992 2181 1046 2224 au-

64 2277 115 2332 tem
128 2272 240 2361 resurgit
258 2271 373 2346 imbue
387 2272 497 2337 mundi
512 2295 574 2338 una
589 2294 662 2337 oum
677 2292 822 2359 corpore,
837 2281 972 2334 mortem
987 2290 1045 2356 per

62 2377 186 2468 supplicia
195 2383 223 2448 in
233 2380 465 2450 immortalitate
476 2381 642 2470 accipiens.
656 2379 775 2447 Rursus
787 2388 892 2444 numm
903 2400 968 2445 non
978 2399 1045 2442 mo·

65 2487 138 2563 ritur,
147 2489 250 2556 etiamsi
261 2489 399 2556 solvatur
408 2490 448 2556 ad
458 2501 594 2578 tempus,
606 2489 631 2554 si
640 2488 698 2555 Dei
706 2487 882 2577 cognitione
892 2487 1044 2553 instructa

61 2595 102 2659 sit.
113 2595 287 2665 Perseenim
297 2597 375 2666 nibil
386 2597 471 2665 aliud
480 2609 528 2664 est
536 2619 631 2686 pam
641 2599 791 2673 tenebrae,
804 2595 1044 2684 necquidquam

60 2703 86 2768 ia
98 2727 129 2769 ea
144 2704 331 2774 luminosum.
353 2707 457 2794 Atque
475 2707 508 2772 id
527 2707 628 2795 ipsum
643 2705 791 2794 estquod
806 2704 940 2769 dicitur:
960 2699 1046 2765 «Te-

58 2816 170 2881 ›nebrae
182 2815 280 2886 lucem
294 2839 359 2884 non
373 2813 711 2906 comprehenderunt².
726 2841 739 2875 »
753 2812 862 2898 Neque
876 2809 960 2875 enim
976 2809 1027 2874 ani

59 2945 101 2986 ma
113 2924 239 3012 spiritum
248 2927 390 3003 servavit,
407 2923 463 2992 sed
474 2925 512 2990 ab
525 2947 563 2990 eo
578 2934 699 2990 servata
712 2933 772 2996 est,
788 2932 820 2984 et
833 2917 887 2984 lux
896 2919 1042 2984 tenebras

62 3033 246 3118 apprehendit.
260 3037 316 3104 Est
329 3047 435 3102 nutem
449 3033 590 3102 Verbum
605 3032 707 3097 divina
722 3030 795 3095 lux:
813 3029 952 3095 tenebrae
967 3049 1042 3093 vcro

63 3137 185 3226 imperita
198 3145 295 3211 anima.
316 3145 515 3234 Quapropter
529 3142 555 3207 si
570 3141 663 3228 degat
677 3137 824 3215 solitaria,
841 3137 988 3204 deorsum
1002 3137 1043 3202 nd

63 3251 207 3316 materiam
219 3255 315 3344 vergit,
332 3273 480 3319 unacum
495 3274 589 3318 carne
600 3249 746 3317 moriens.
765 3249 848 3315 Cum
863 3249 969 3315 divino
983 3270 1044 3311 au-

84 3383 92 3416 ¹
102 3387 170 3436 Multi
178 3391 377 3442 immortalitatem
389 3393 479 3442 anime
492 3407 506 3438 a
518 3389 624 3438 Tatiann
634 3389 713 3439 everti
723 3388 873 3436 existimant.
893 3383 943 3432 Sed
953 3390 1044 3446 praeter

52 3459 113 3509 dicu
122 3463 147 3509 io
160 3463 219 3514 Did.
230 3481 282 3516 enm
292 3467 388 3533 Trypb.
401 3465 428 3515 S.
438 3466 503 3514 inst.
519 3481 545 3512 n.
555 3479 589 3523 vr,
602 3463 630 3511 R.
644 3463 673 3511 Ρ.
689 3463 776 3510 blatan
790 3462 816 3506 in
830 3457 898 3521 prael'.
915 3455 1041 3514 observat,

51 3531 170 3586 Tatianum
181 3553 229 3588 non
238 3556 290 3590 eam
307 3544 397 3592 anime
410 3538 627 3589 immortalitatem
641 3536 764 3598 denegare
777 3547 832 3596 que
847 3547 878 3579 ex
889 3529 936 3578 Dei
954 3527 1040 3578 volun-

51 3613 94 3654 tate
104 3615 128 3656 et
135 3611 306 3674 omnipotentia
319 3613 474 3678 dependeat,
491 3609 535 3660 red
547 3625 601 3673 quse
611 3609 687 3672 ipsius
700 3607 789 3655 anime
803 3603 897 3652 viribus
909 3610 935 3651 et
948 3608 1041 3664 nature
1105 3641 1108 3650 .

50 3677 174 3729 tributio:
185 3699 251 3742 nam,
260 3689 296 3735 uti
305 3703 336 3736 ex
349 3695 404 3736 toto
414 3692 532 3734 contextu
545 3691 624 3748 patet,
641 3682 731 3730 anime
746 3685 853 3727 mortem
865 3676 1043 3740 interpretatur

47 3769 91 3804 ron
104 3756 290 3820 dbwlutionem,
302 3772 327 3810 et
341 3761 550 3820 destructionem,
567 3758 612 3810 sed
628 3765 772 3823 peceatum,
788 3762 814 3802 et
831 3751 946 3801 vitiosum
957 3765 1040 3801 rerum

48 3845 207 3892 corporearum
218 3849 332 3885 rnorem.

72 3903 82 3935 ²
91 3903 160 3954 ioan.
171 3923 191 3964 r,
200 3909 223 3955 5.

124 4012 156 4052 11.
854 4010 868 4050 ὓ
