2646 4628
255 225 319 294 scs
586 249 699 294 suscrr
722 249 837 294 mrsu
860 250 920 294 ura.
948 250 960 294 r

254 379 320 424 non
338 335 534 424 similiterut
549 355 720 423 Corinthus
734 369 768 423 et
786 357 997 447 Carpocrates
1012 359 1241 449 opinantur.
1267 363 1305 427 Su'

255 477 363 534 autem
381 489 421 532 eo
439 465 527 554 quod
540 477 589 532 est
607 467 785 534 secundum
803 467 990 534 museum
1009 469 1224 562 Evangelio
1247 485 1305 540 ute

255 587 321 651 tur,
337 587 370 642 et
385 573 574 664 Apostolum
587 575 721 642 Paulum
739 587 899 653 recusant,
916 589 1111 666 apostatam
1131 604 1230 646 earm
1246 581 1305 670 Lrgl

256 688 408 754 dicentes.
431 686 512 766 Quae
526 699 634 754 autem
653 701 727 754 sunt
741 689 941 778 prophetica,
960 692 1141 758 curiosius
1161 715 1305 782 exponen

255 799 418 870 nitunturr
435 809 468 862 et
479 796 767 873 circumciduntur,
779 821 818 865 ae
828 813 1036 887 perseverant
1053 803 1093 868 in
1112 803 1179 869 his
1197 827 1305 869 censs

257 906 421 974 tudinibus
440 930 512 995 que
531 920 605 974 sunt
621 909 798 976 secundum
811 908 942 998 Legem,
962 921 999 977 et
1013 911 1180 980 Judaico
1198 913 1305 979 chare

257 1029 326 1084 tere
343 1018 429 1094 vitae,
450 1019 497 1083 uti
514 1030 548 1085 et
567 1017 820 1108 Hierosolymam
839 1018 987 1097 adorent,
1010 1023 1114 1110 quasi
1140 1023 1301 1088 domasse

257 1125 327 1194 Dei.

302 1235 464 1303 Nicolaitae
483 1248 592 1302 autem
612 1236 801 1326 magistrum
819 1235 949 1324 quidem
969 1235 1106 1304 habent
1130 1239 1290 1308 Nicotaus

259 1369 361 1414 uuum
372 1370 412 1412 ex
422 1357 545 1434 septem
556 1347 610 1434 qui
621 1346 716 1435 primi
726 1348 769 1412 ad
779 1345 970 1412 Diacouium
981 1349 1024 1414 alt
1037 1349 1226 1437 Apostolis
1237 1351 1287 1414 ord
1304 1371 1305 1402 t

259 1457 325 1522 nati
349 1467 452 1522 sunt:
482 1455 536 1543 qui
562 1454 733 1522 indiscrete
755 1455 873 1522 vivunt.
901 1454 1099 1524 Plenissime
1124 1473 1284 1547 autenp

259 1565 391 1632 «Ioannis
410 1562 624 1654 Apocalypsin
642 1564 885 1630 manifestantur
898 1567 953 1653 qui
971 1567 1052 1642 sint,
1076 1569 1217 1636 nullam
1234 1569 1286 1634 dile

259 1676 394 1742 rentium
410 1697 479 1740 essa
493 1674 644 1740 docentes
661 1674 693 1739 in
709 1674 902 1740 moechando
915 1687 949 1740 et
963 1675 1190 1768 idolothyton
1209 1681 1284 1748 edem

262 1788 466 1876 Quapropter
484 1785 562 1852 dixit
580 1799 612 1851 et
631 1786 671 1852 de
690 1785 728 1850 iis
746 1807 877 1851 sermo:
900 1784 990 1852 «Sed
1008 1787 1079 1856 hoc
1102 1791 1210 1860 habes
1227 1791 1285 1882 qnod

261 1898 381 1965 »odisti
397 1921 492 1986 opera
509 1894 748 1972 Nicolaitarum‚
764 1919 836 1984 quae
850 1907 883 1962 et
896 1918 956 1987 ego
970 1897 1026 1962 odi
1038 1898 1064 1964 ¹.
1083 1930 1101 1962 ι

715 2093 738 2182 s
761 2092 839 2162 vu.

544 2292 584 2334 en
602 2293 743 2336 cuuuoun
760 2291 800 2335 nr
816 2291 974 2336 utactonu
983 2266 1007 2332 ¹.

307 2447 348 2512 Et
362 2443 490 2511 Cerdon
509 2458 617 2512 autem
632 2448 762 2534 qnidam
776 2447 816 2512 al)
832 2445 869 2511 iis
884 2445 937 2535 qui
952 2455 1027 2510 sant
1042 2467 1127 2534 erga
1145 2444 1274 2510 streone

263 2555 463 2621 occasionem
484 2557 656 2645 accipiens,
678 2579 753 2624 cum
767 2556 904 2621 venisset
917 2551 1054 2620 Romam
1080 2557 1151 2620 snb
1172 2555 1260 2643 lippit

263 2665 317 2754 qui
333 2675 482 2732 octavum
497 2663 604 2731 locum
621 2666 821 2756 episcopatus
836 2685 894 2753 per
911 2661 1160 2729 successionem
1177 2665 1267 2749 ablp

263 2774 352 2842 stolis
370 2775 494 2850 habuit,
515 2769 630 2842 docuit
642 2797 717 2841 eum
735 2775 790 2863 qui
808 2797 825 2840 a
845 2773 929 2863 Lege
944 2784 977 2838 et
994 2769 1178 2861 Prophetis
1192 2793 1272 2839 annu

263 2885 358 2949 tiatus
384 2885 424 2949 sit
448 2883 547 2959 Deus,
574 2906 638 2949 non
664 2905 732 2950 esse
758 2894 881 2972 patrem
907 2881 1036 2948 Domini
1057 2883 1170 2948 nostri
1195 2880 1275 2949 ctrtt

262 2991 351 3058 «lesu.
371 2993 465 3059 Hunc
479 2992 565 3058 enim
581 2992 743 3082 cognosci,
762 2989 853 3056 illum
867 3003 976 3057 autem
990 2991 1135 3080 ignorari
1154 3017 1165 3058 τ
1189 3005 1223 3061 et
1234 2993 1279 3057 alr

265 3123 339 3169 rum
353 3102 483 3190 quidem
496 3103 631 3191 justum,
648 3101 785 3168 alterum
800 3112 907 3168 autem
922 3103 1043 3168 bonum
1059 3125 1145 3168 esse.

310 3212 495 3279 Succedens
509 3224 617 3278 autem
631 3213 661 3279 ei
675 3211 817 3278 Marcion
832 3210 995 3287 Ponticus,
1009 3209 1222 3299 adampliavit
1234 3213 1283 3277 dct-

266 3325 396 3400 trinam,
419 3321 620 3410 impudorate
634 3320 858 3411 blasphemans
876 3343 951 3387 eum
969 3320 1023 3412 qui
1042 3341 1060 3384 a
1075 3319 1164 3410 Lege
1179 3335 1215 3388 et
1228 3323 1285 3388 Pe

265 3437 370 3525 phetir
388 3433 593 3499 annuntiatus
609 3445 657 3500 est
671 3433 774 3507 [leues
797 3429 953 3499 malorum
968 3432 1137 3508 lectorem,
1154 3446 1190 3498 et
1204 3432 1285 3499 bello

266 3569 340 3612 rum
358 3543 655 3633 concupiscentem,
675 3555 708 3610 et
726 3543 961 3611 inconstantem
982 3563 1112 3630 quoque
1132 3543 1284 3613 sententia.

266 3664 299 3718 et
313 3653 510 3720 eontrarium
520 3651 580 3721 sibi
591 3651 696 3742 ipsum
707 3652 827 3721 dicens.
843 3651 954 3720 Jesum
970 3662 1080 3717 autem
1093 3651 1137 3718 ab
1148 3675 1189 3720 eo
1198 3651 1284 3722 Petro

302 3805 312 3840 ¹
326 3805 408 3870 Apoc.
420 3823 448 3865 u,
461 3807 487 3855 6.

301 3889 386 3955 ²Gap.
398 3905 473 3940 rxrrr.
