2648 4598
265 323 304 366 nn
328 319 578 365 nnsnnnncrrour.
602 317 797 364 uonruonuu.
961 301 1043 380 ,115

51 439 110 502 dem
125 435 150 500 in
163 430 356 521 separatione
371 442 402 494 et
417 427 619 496 dissolutione
635 428 840 493 versantibus.
863 425 902 492 At
918 427 949 490 in
966 451 1045 491 neu-

49 557 90 609 tro
103 553 209 610 servata
221 538 330 628 judicii
341 537 470 624 aquitae
486 535 614 624 reperiri
627 544 740 624 potest.
760 533 838 604 Nam
852 557 911 598 nec
926 536 1046 602 boniiu

48 647 170 742 presenti
191 649 252 714 rita
270 646 391 712 virtutis
406 643 533 734 praemia
553 643 705 717 reserant,
724 663 784 706 nec
798 639 871 705 mali
888 642 1044 729 nequitie.

49 759 119 824 lllud
138 759 216 823 enim
238 753 456 844 praetermitto,
476 763 587 815 nutura
611 750 642 813 in
665 772 724 838 qua
749 773 834 814 nunc
853 773 960 813 sumus
982 775 1049 817 ser-

49 882 191 942 satanan
206 889 297 954 posse
313 875 455 932 naturam
471 858 636 925 mortalem
652 883 742 948 pares
757 858 899 948 pluribus
914 873 968 923 ortt
984 885 1051 949 grn-

39 980 167 1055 ‚vioribus
183 977 321 1066 peccatis
337 997 447 1063 poeuas
463 973 627 1038 sustinere.
649 972 728 1036 Nam
747 972 799 1058 qui
815 972 996 1037 innumeros
1013 997 1052 1036 ex

46 1087 202 1152 innumeris
218 1084 464 1171 occiditinjuste
477 1080 524 1146 vel
536 1078 628 1152 latro,
646 1078 693 1144 vel
709 1079 867 1168 princeps,
884 1080 931 1144 vel
944 1091 1052 1168 tyron-

46 1220 109 1270 nus,
125 1197 147 1260 is
157 1218 229 1260 sane
242 1215 304 1258 una
316 1203 416 1257 morto
429 1190 544 1255 horum
559 1187 713 1256 scelerum
725 1210 851 1276 poenam
864 1212 926 1252 non
938 1189 1054 1275 persol-

44 1305 124 1370 verit.
141 1303 192 1368 Sic
208 1303 303 1367 etiarn
321 1300 374 1388 qui
393 1300 431 1366 dc
448 1299 514 1363 Deo
532 1295 609 1362 nibil
628 1295 691 1360 veri
711 1296 856 1384 opinatus
873 1309 932 1374 est,
949 1299 1004 1362 sed
1021 1299 1054 1361 in

43 1413 122 1480 omui
135 1411 272 1494 convicio
284 1421 316 1474 et
327 1407 519 1495 blasphemia
532 1407 619 1480 vixit,
637 1406 741 1470 divina
753 1405 955 1492 contempsit,
972 1404 1055 1494 loges

42 1519 170 1608 infregit,
194 1529 301 1606 stupra
319 1515 424 1605 pueris
448 1537 536 1600 atque
559 1536 597 1578 ac
615 1513 798 1578 mulieribus
820 1512 939 1590 intulit,
964 1515 1057 1580 urbcs

40 1627 146 1692 evertit
160 1627 287 1713 injuste,
305 1625 415 1688 domos
428 1645 488 1686 una
501 1644 575 1686 cum
590 1621 771 1686 homiuibus
787 1621 940 1696 incendit,
959 1624 1058 1711 regio·

39 1759 111 1800 uem
122 1733 259 1808 vastavit,
277 1729 431 1816 simulque
444 1728 577 1817 populos
588 1741 620 1792 et
631 1728 750 1794 incolas
761 1741 815 1792 aut
826 1731 922 1798 etiem
936 1733 1057 1796 univer-

37 1867 102 1908 sam
117 1854 240 1929 gentem
255 1839 420 1908 exstinxit:
435 1859 574 1924 quonam
588 1836 614 1899 is
625 1849 717 1924 pacto
734 1837 766 1900 in
782 1861 914 1925 corpore
930 1863 1059 1928 corrup.

38 1953 113 2016 tioni
136 1950 283 2022 obnoxio,
309 1946 376 2035 peri
399 1946 446 2010 his
469 1942 639 2008 sceleribus
664 1967 763 2032 poenae
787 1947 958 2024 suffecerit,
986 1941 1060 2016 crim

36 2083 122 2124 mors
138 2057 276 2121 debitam
292 2053 410 2118 meritis
425 2050 606 2116 mercedem
622 2051 792 2139 praeripiat,
811 2076 848 2119 ac
864 2076 903 2118 nc
919 2057 972 2120 uni
988 2059 1060 2146 qui-

36 2169 110 2232 dem
126 2163 218 2230 alicui
235 2162 410 2227 sucinorum
426 2158 564 2224 mortalis
579 2169 690 2223 natura
707 2159 863 2224 sufficiat?
878 2161 985 2250 Neque
1001 2166 1061 2252 igi-

35 2291 90 2340 tur
108 2276 140 2340 in
161 2273 305 2363 prasenti
329 2273 389 2337 vita
409 2269 563 2358 judicium
587 2269 783 2357 promeritis
805 2270 1057 2339 demonstratur:

32 2409 140 2474 neque
156 2387 251 2452 etiam
267 2396 495 2473 postmortem.

78 2495 156 2560 XX.
187 2493 245 2560 Vel
269 2494 353 2558 enim
374 2515 458 2558 mors
479 2492 573 2556 totius
596 2504 643 2556 est
664 2493 792 2558 omniuo
814 2494 883 2557 vitae
904 2495 1060 2572 interitus,

29 2605 141 2670 anima
154 2600 247 2668 simul
260 2624 332 2666 cum
346 2622 476 2688 corpore
493 2597 640 2664 dissoluta
652 2611 683 2664 et
699 2613 846 2688 corrupta
854 2626 863 2674 3
883 2601 944 2678 vel,
960 2627 1017 2692 per
1029 2629 1061 2668 se

27 2715 100 2799 ipse
117 2723 267 2776 manente
283 2709 385 2774 anima
398 2705 609 2774 dissolutionis
621 2718 652 2772 et
664 2707 872 2795 dissipationis
888 2723 919 2774 et
935 2734 1063 2798 corrup·

27 2823 130 2888 tionis
150 2833 291 2909 experte,
317 2818 530 2905 corrumpitur
547 2828 579 2881 et
599 2816 778 2882 dissolvitur
797 2841 925 2904 corpus,
945 2818 1064 2884 nullam

24 2935 99 3020 jam
120 2932 260 2996 retinens
279 2952 339 2994 nec
357 2951 462 2994 rerum
482 2939 640 3014 gestarum
660 2926 858 3000 memoriam,
879 2951 938 2992 nec
954 2952 1063 2994 eorum

24 3062 104 3126 quae
120 3041 164 3104 ob
181 3039 318 3104 animam
333 3035 476 3100 toleravit
491 3057 627 3100 sensum.
646 3035 806 3099 Exstincto
821 3035 949 3100 omniuo
963 3037 1063 3102 homi-

22 3169 113 3212 num
131 3146 209 3218 vita,
226 3143 310 3208 nulla
325 3145 390 3230 jam
402 3143 526 3208 videtur
540 3140 705 3206 hominum
719 3166 782 3208 non
794 3144 984 3208 exstantium
994 3170 1066 3234 pro-

22 3254 177 3327 curatio,
204 3275 264 3317 nec
289 3273 400 3316 eorum
426 3252 479 3338 qui
504 3249 680 3316 secundum
702 3251 849 3318 virtutem
877 3265 931 3316 aut
953 3253 1063 3320 vitium

20 3365 188 3438 vixerint,
204 3361 380 3451 judicium:
403 3361 517 3438 iterum
532 3372 638 3425 autem
652 3360 852 3426 revolventur
865 3361 979 3450 exlegis
995 3365 1064 3429 vitae

16 3474 258 3547 incommoda,
275 3483 307 3536 et
321 3470 531 3538 absurdarum
541 3494 580 3536 ex
595 3495 631 3536 ea
643 3469 905 3560 consequentium
920 3495 1063 3550 examen,

13 3601 73 3660 ot,
94 3585 189 3673 quod
208 3583 305 3670 hujus
320 3582 528 3669 perversitatis
544 3592 638 3668 caput
656 3592 715 3656 est,
735 3581 877 3670 impietas
895 3583 952 3648 Dei
969 3608 1065 3673 nega-

14 3695 104 3759 trix.
128 3691 229 3771 Quod
245 3690 270 3754 si
290 3699 510 3777 corrumpatur
524 3687 652 3775 quidem
668 3712 796 3776 corpus,
816 3701 847 3754 et
862 3700 965 3776 partes
980 3714 1067 3778 quae-

13 3827 92 3892 que
111 3799 277 3866 dissolute
293 3799 333 3864 ad
347 3821 486 3887 congrua
501 3796 654 3864 clemente
674 3799 822 3886 migrent,
842 3799 945 3864 anima
961 3812 1066 3866 autern

13 3937 86 4000 por
105 3935 143 3975 sc
163 3912 241 3997 ipsa,
262 3918 370 3995 utpote.
387 3907 580 3994 incorrupta,
601 3919 738 3984 maneat,
760 3931 798 3972 ne
815 3907 859 3972 sic
874 3905 1004 3994 quidem
1018 3906 1068 3990 lo]

13 4013 18 4028 '
860 4019 889 4079 8.
