2688 4626
345 271 404 338 190
637 273 749 320 sartor!
772 270 897 319 ms'rtttt
921 269 1068 335 multis

294 375 308 394 ‘
340 379 524 446 »rationem
547 378 765 467 prooedentes.
794 382 925 448 Horum
955 394 1058 447 autern
1079 379 1166 446 adbuc
1184 385 1268 472 prindpb

339 519 353 552 ι
366 489 453 556 ihus
465 509 591 554 sursum
602 489 760 577 cognovit,
773 502 805 555 et
816 491 874 578 qui
890 490 922 554 ei
935 489 1023 555 chan'
1034 487 1270 556 suntbominesrbo

340 600 442 666 mines
452 609 559 663 autem
571 619 725 686 quosnam
737 596 814 664 alios
824 599 901 664 Deo
911 598 1026 664 charos
1036 599 1098 662 esse
1106 610 1187 686 putat,
1197 598 1269 662 ibib

340 718 455 774 semet
475 717 605 772 caeteros
623 704 806 794 prophetas,
823 727 969 793 quorum
981 703 1118 770 vaticinia
1131 726 1188 769 cnm
1199 703 1268 790 legire

340 827 373 881 et
387 814 564 880 doctrinam
576 813 617 878 de
631 813 750 900 judicio
765 815 804 880 ab
820 815 868 880 eis
879 814 1068 902 accepisset,
1083 812 1112 876 in
1126 812 1203 899 prino
1212 811 1262 874 deb.

339 921 466 1012 publica
493 920 575 988 libro
596 921 665 988 haec
685 922 807 1008 majore
828 923 920 988 vocis
940 944 1021 988 sono
1045 921 1132 985 rerba
1149 921 1259 1007 pronuba:

348 1031 456 1096 «Cum
471 1033 537 1119 jam
555 1053 593 1096 eo
608 1031 680 1120 quis
698 1032 950 1121 appropinquat,
973 1043 1009 1096 ut
1026 1053 1059 1094 se
1079 1029 1154 1094 breri
1166 1027 1270 1092 noritnu

340 1151 473 1229 »putett
499 1142 636 1206 subeunt
657 1138 747 1204 illum
768 1153 873 1206 metus
898 1153 934 1206 et
955 1137 1128 1205 sollicitudo
1146 1136 1176 1200 de
1191 1133 1270 1198 nbub

340 1249 484 1336 »quibus
499 1260 592 1314 antea
610 1249 741 1314 minime
757 1252 934 1316 subierant:
955 1249 997 1315 Et
1019 1271 1086 1335 quae
1102 1239 1268 1310 serunturbbd

340 1385 354 1421 r
368 1357 408 1424 de
423 1357 543 1433 inseris,
563 1381 637 1424 eum
658 1359 711 1446 qui
727 1358 782 1424 hic
801 1360 912 1448 inique
932 1359 1002 1446 egit
1017 1369 1150 1445 oportere
1164 1352 1207 1417 illie
1218 1371 1269 1438 pore

339 1465 846 1558 »persolverebarotenusirri'sm
863 1478 948 1532 tune
963 1474 1110 1551 torquent
1121 1459 1183 1526 iliius
1192 1458 1267 1520 unu.

340 1606 353 1639 a
367 1599 407 1643 ne
420 1598 499 1642 verae
510 1575 582 1640 sint.
598 1573 645 1640 Ae
657 1575 722 1662 ipse
734 1574 775 1639 ob
787 1575 966 1640 senectutis
977 1571 1182 1642 infirmitatem,
1190 1563 1268 1628 rdebn

340 1715 353 1750 ι
368 1697 404 1750 ut
417 1685 545 1774 propior
559 1683 596 1748 iis
616 1707 686 1770 quae
702 1682 765 1748 illic
780 1698 867 1761 sunt,
882 1685 991 1773 magis
1007 1705 1043 1748 ea
1060 1677 1206 1747 considerat
1217 1669 1267 1756 supt-

339 1795 456 1861 »cione
471 1794 567 1882 igitru
584 1805 617 1856 et
639 1805 727 1860 metu
742 1792 894 1881 repletur,
913 1796 1050 1882 jamque
1068 1811 1163 1856 secum
1175 1792 1239 1871 repud
1248 1789 1265 1838 tt

339 1901 544 1968 sconsiderat
558 1924 636 1966 num
652 1877 746 1991 duem
762 1902 877 1988 injuria
893 1902 1053 1968 affecerit.
1075 1897 1163 1983 Atque
1175 1893 1191 1957 t
1201 1885 1263 1975 pbr

338 2037 352 2073 r
365 2011 419 2098 qui
431 2032 464 2076 se
476 2008 574 2075 multa
587 2009 619 2075 in
631 2010 693 2074 vita
704 2009 811 2095 inique
823 2007 937 2075 secisse
950 2007 1083 2096 reperit,
1094 2013 1265 2089 atqueottffltb

339 2147 352 2179 i
365 2129 516 2204 tanquam
527 2117 617 2204 pueri
629 2113 743 2190 solent,
756 2115 932 2181 identidem
944 2113 1152 2181 exsuscitatur,
1160 2099 1267 2169 sonnidttt

338 2247 439 2292 »eum
453 2223 536 2290 mola
551 2247 605 2312 spe
621 2225 704 2289 vivit.
724 2223 789 2303 Qui
803 2247 877 2290 vero
889 2202 1015 2290 nullius
1031 2221 1090 2288 sibi
1103 2213 1198 2285 nonunt
1206 2205 1266 2270 Μ

336 2363 349 2396 a
362 2333 466 2421 jurire,
479 2331 579 2398 dulcis
591 2330 635 2398 illi
650 2350 719 2420 spes
731 2355 857 2421 semper
866 2333 972 2409 adest,
986 2345 1020 2400 et
1036 2333 1113 2398 bona
1122 2315 1267 2390 neubur-

336 2472 349 2504 ι
363 2443 437 2516 trix,
454 2454 490 2505 ut
504 2441 548 2506 ait
560 2441 724 2506 Pindarus.
739 2439 970 2507 percommode
987 2442 1076 2507 enim
1090 2433 1138 2506 itte,
1147 2453 1161 2492 o
1170 2425 1265 2490 Stffliffi·

335 2580 348 2613 a
362 2550 458 2616 dixit:
477 2549 547 2630 Qui
559 2565 669 2614 sancte
683 2565 714 2614 et
724 2555 815 2636 juste
832 2551 941 2616 vitam
957 2549 1103 2640 peragit,
1123 2527 1225 2606 doluisti
1237 2543 1266 2639 Ψ

236 2743 241 2752 ᾗ
334 2689 346 2724 ι
362 2659 556 2734 demulcens,
575 2661 745 2724 senectutis
758 2659 879 2724 nutrio
887 2675 1071 2726 assectatur·
1079 2673 1147 2742 spes,
1159 2651 1265 2731 ΨΜ

333 2802 347 2835 ι
362 2795 414 2836 ane
427 2767 622 2834 mortalium
634 2767 827 2834 mutabilem
837 2772 1039 2836 sententiam
1052 2763 1208 2856 gubernat-t
1217 2745 1265 2822 Atqu

335 2883 404 2946 haec
419 2879 549 2966 quidem
563 2877 596 2942 iu
611 2877 714 2964 primo
731 2877 856 2965 scripsit
870 2877 910 2942 de
921 2875 1097 2968 Republica
1111 2869 1183 2934 libro-

376 2985 511 3052 XXVII.
531 2985 569 3050 In
584 2983 708 3050 decimo
722 2997 843 3061 autem,
861 3009 931 3072 quae
942 3011 960 3052 a
972 2980 1138 3073 Prophetis.
1148 2949 1268 3073 pseudo

333 3093 464 3184 judicio,
481 3116 518 3158 ea
537 3115 602 3159 non
626 3105 777 3182 tanquam
791 3097 831 3159 ab
849 3093 907 3160 illis
924 3108 1056 3186 accepta
1076 3079 1217 3178 (metuebat
1228 3079 1269 3128 ΗΝ]

334 3203 490 3289 Graeeos),
501 3200 556 3266 sed
564 3213 644 3266 utex
653 3201 1040 3289 quodamhomineaudita
1052 3194 1163 3268 scribit,
1171 3183 1270 3274 quissib*

333 3313 452 3402 fingere
467 3308 582 3398 placet,
596 3310 629 3374 in
640 3309 724 3376 bello
736 3334 833 3378 caesus
845 3335 883 3378 nc
895 3313 1085 3380 duodecimo
1096 3306 1141 3371 die
1153 3277 1271 3397 septifidi?

333 3437 366 3490 et
379 3444 456 3512 rogo
471 3420 633 3508 impositus
649 3421 814 3498 revixerat,
827 3435 863 3486 et
879 3445 928 3488 res
943 3421 1009 3489 illie
1028 3422 1105 3488 visas
1120 3403 1236 3478 cambd·
1247 3393 1272 3446 ³¹⁰

333 3535 428 3621 igitur
442 3530 574 3596 totidem
585 3529 688 3620 verbis
703 3528 791 3595 Plato
807 3530 934 3596 :rDixit
945 3532 1032 3596 enim
1048 3551 1080 3592 se
1091 3512 1229 3588 advenisti
1238 3509 1272 3558 (Ψ

333 3671 346 3702 ι
360 3639 438 3704 alius
448 3642 694 3728 interrogaretur
704 3643 743 3706 ab
757 3639 830 3715 aiio,
843 3641 973 3706 ubinam
984 3651 1065 3707 esset
1076 3628 1195 3702 Aridaeut
1204 3609 1272 3676 ΜΨ

333 3776 346 3809 a
358 3769 447 3836 gnus.
464 3746 518 3812 tlte
534 3761 639 3814 autem
653 3749 793 3816 Aridaeus
808 3751 840 3814 in
851 3751 991 3836 ‘quodam
1003 3735 1178 3835 Pamphylia
1190 3721 1244 3789 ΨΜ
1250 3721 1274 3790 ΙῩ

333 3886 345 3920 a
358 3877 473 3922 rannus
488 3855 601 3932 suerat,
619 3882 725 3926 senem
745 3871 868 3947 patrem
883 3859 1042 3926 occiderat
1055 3867 1085 3924 et
1104 3857 1169 3918 natu
1181 3829 1271 3914 mtifflffl
