2640 4622
260 263 407 307 aristaeas
433 265 493 307 ouu
516 263 678 308 rarraoan
701 265 815 306 ranno.
933 323 938 340 ἢ
985 243 1048 321 4ιὸ

10 381 170 456 argueret
185 368 285 455 qualis
300 381 393 442 esset,
415 382 447 433 et
469 370 610 433 omnium
632 363 769 456 cognitio
792 369 831 430 ad
855 389 912 431 nos
932 369 1049 454 scripto

11 477 209 564 consignata
220 477 416 563 perveniret;
433 476 474 538 ita
485 488 518 537 et
530 475 672 540 Christus
683 474 822 540 declarat
833 495 897 539 non
908 473 950 536 ad
961 498 1051 538 sunm

11 607 103 656 esso,
129 584 186 646 sed
209 584 249 647 ad
271 605 381 647 eorum
407 582 615 670 ignorantiam
635 582 688 668 qui
709 605 782 646 enm
802 581 964 645 Christum
985 603 1050 644 non

12 711 104 760 osse,
119 689 176 752 sed
194 712 226 752 se
243 709 355 752 aecem
365 689 394 751 ei
411 686 562 760 illaturos,
574 709 723 772 eumque,
736 698 771 750 ut
782 707 983 751 communem
996 685 1051 750 bo-

15 795 160 867 minem,
177 795 208 858 in
223 793 328 858 inseris
343 817 524 858 mansurum
538 794 765 858 existimabant.

66 899 105 962 G.
127 900 223 976 Quod
239 911 344 964 autem
359 901 499 988 sequitur
517 923 525 961 τ
544 898 615 961 «Tu
630 912 735 964 autem
748 900 778 962 in
790 912 898 966 sancto
909 901 1047 976 habitas,

16 1035 31 1064 s
47 1005 120 1091 laus
143 1005 249 1080 lsrael,
266 1033 278 1066 a
300 1005 478 1070 declarabat
497 1028 571 1069 eum
592 1027 659 1068 rom
680 1002 771 1068 laude
790 1006 917 1092 dignam
933 1018 966 1070 et
987 1007 1047 1070 ad-

16 1114 192 1178 miratione
204 1115 372 1190 iecturum,
387 1127 421 1178 ut
433 1114 485 1200 qui
497 1113 590 1204 tertio
602 1112 653 1176 die
664 1124 735 1198 post
746 1114 849 1178 crucis
860 1112 1048 1199 supplicium

18 1231 261 1284 resurrecturus
276 1232 357 1286 esset
371 1244 410 1284 ex
424 1221 570 1290 mortuis;
590 1218 622 1282 id
637 1218 724 1304 quod
739 1243 757 1282 a
771 1219 863 1284 Patre
881 1231 1046 1307 acceptum

19 1331 123 1394 habet
137 1352 145 1391 :
159 1329 258 1394 Jacob
270 1329 396 1392 enimet
408 1326 502 1392 lsrael
514 1327 643 1414 probavi
657 1326 817 1390 Christum
830 1326 933 1392 vocari
941 1349 950 1396 ;
966 1328 1048 1412 ejus-

19 1461 86 1521 que
107 1459 158 1499 res
180 1458 243 1500 non
267 1436 298 1498 in
320 1431 384 1498 sola
400 1434 531 1519 Josephi
549 1445 582 1498 et
596 1434 686 1499 Judae
701 1434 922 1500 benedictione
937 1454 1050 1498 arcane

19 1543 209 1630 praedicatas
220 1565 287 1604 esse
298 1542 523 1616 demonstravi,
537 1542 592 1605 sed
603 1541 698 1606 etiam
710 1541 741 1604 in
752 1539 921 1626 Evangelio
938 1540 1051 1606 dixisse
1090 1597 1092 1604 ,

21 1653 202 1716 scribitur:
225 1676 237 1707 r
260 1649 373 1714 Omnia
394 1649 471 1713 mihi
496 1649 607 1712 tradita
629 1659 702 1714 sant
722 1671 739 1712 a
761 1647 878 1712 Patre:
902 1658 934 1710 et
955 1670 1050 1712 nemo

22 1791 36 1818 s
54 1760 280 1846 novitPatrem
296 1759 354 1822 nisi
369 1757 466 1822 Filius
475 1782 484 1829 ;
503 1781 605 1845 nequo
617 1757 746 1830 Filium,
764 1757 823 1820 nisi
839 1755 931 1820 Pater
946 1768 978 1819 et
997 1758 1047 1821 cui

22 1867 155 1932 „Filius
176 1864 387 1930 revelaverit¹.
406 1893 418 1924 a
435 1865 530 1929 Nobis
549 1866 644 1952 igitur
666 1863 812 1929 revelavit
835 1864 939 1928 omnia
961 1886 1049 1948 quae-

24 1997 167 2060 cumque
182 1973 276 2036 etiam
292 1995 330 2034 ex
345 1971 514 2058 Scripturis
530 1995 586 2058 per
601 1973 670 2057 ejus
680 1972 811 2058 gratiam
828 1968 1047 2044 intelleximus,

23 2102 102 2142 enm
118 2089 321 2166 agnoscentes
337 2079 579 2165 primogenitum
591 2078 649 2142 Dei
660 2101 739 2152 ease,
754 2089 785 2142 et
796 2088 868 2140 ante
880 2099 1049 2142 aesomnes

25 2198 163 2259 creatas,
179 2198 210 2250 et
233 2185 486 2256 patriarcharum
502 2184 614 2261 filium,
634 2197 668 2248 ut
683 2186 735 2271 qui
752 2209 790 2248 ex
805 2186 921 2271 virgine
940 2187 979 2249 ab
1003 2186 1048 2250 eis

25 2305 96 2358 orta
120 2317 193 2356 caro
209 2293 322 2366 laetus,
339 2291 481 2354 informis
496 2291 592 2355 homo
609 2303 640 2355 ct
657 2291 804 2378 inglorius
826 2304 858 2355 et
872 2293 1048 2378 perpessio-

27 2402 121 2464 nibus
137 2400 290 2465 obnoxius
307 2398 373 2464 lieri
392 2396 533 2461 voluerit.
553 2399 635 2464 Hinc
649 2399 681 2462 in
702 2400 898 2465 sermonibus
917 2401 980 2464 suis
998 2400 1047 2463 di-

27 2510 134 2582 cebat,
151 2531 225 2572 cum
248 2507 286 2570 de
309 2508 413 2570 sutura
436 2529 491 2572 sua
511 2507 653 2592 passione
670 2506 836 2571 dissereret
858 2531 893 2573 :r
913 2507 1047 2597 Oportet

29 2615 172 2680 »Filium
193 2616 327 2680 hominis
350 2615 448 2680 multa
471 2617 547 2704 pati,
570 2629 602 2680 et
622 2618 784 2704 reprobari
803 2639 820 2680 a
839 2616 1001 2692 pharisaeis
1015 2627 1048 2678 et

30 2753 43 2783 a
58 2723 185 2797 Scribis,
195 2736 226 2788 et
236 2723 430 2810 crucifigi,et
440 2725 588 2790 tertiadie
597 2724 787 2811 resurgere².
800 2754 813 2785 »
827 2724 943 2790 Filium
955 2724 1048 2810 igitur

30 2834 162 2896 hominis
185 2834 322 2918 seipsum
345 2833 483 2905 dicebat,
500 2832 547 2896 vel
563 2833 635 2918 quia
650 2844 741 2898 natus
764 2844 832 2897 erut
855 2854 894 2895 ex
915 2831 1046 2917 virgine,

31 2964 112 3026 quse,
126 2951 159 3004 ut
171 2943 234 3025 jam
247 2940 322 3012 dixi,
332 2963 370 3003 ex
380 2941 506 3005 Davidis
518 2953 550 3004 et
560 2941 674 3007 Jacobi
684 2951 716 3004 et
727 2939 824 3006 isaaci
836 2948 867 3002 et
878 2937 1049 3002 Abrahami

34 3069 144 3133 genere
159 3057 226 3110 orta
242 3060 323 3117 erat;
342 3046 390 3111 vel
407 3049 479 3134 quia
496 3049 592 3134 ipsius
607 3061 696 3133 pater
710 3046 828 3112 exstitit
843 3046 1003 3112 Abraham
1018 3055 1051 3110 et

35 3177 143 3217 eorum
158 3175 235 3237 quos
250 3156 406 3228 recensui,
422 3177 461 3218 ex
481 3154 595 3241 quibus
614 3177 712 3242 genus
733 3153 820 3218 duait
842 3151 947 3216 Maria.
971 3151 1051 3216 Nem

36 3263 89 3348 qui
104 3261 244 3324 staminas
259 3283 408 3346 genuere,
420 3285 475 3326 eos
492 3261 665 3326 liberorum
682 3284 760 3349 quos
777 3260 847 3324 sdiae
862 3259 1048 3344 suscipiunt,

37 3381 135 3456 patros
149 3391 217 3432 esse
237 3369 362 3433 scimus.
384 3367 462 3434 Nam
482 3381 514 3432 et
535 3391 633 3434 unum
654 3392 693 3432 ex
719 3367 878 3454 discipulis
901 3365 976 3440 suis,
997 3364 1050 3450 qui

37 3501 106 3542 eum
121 3476 278 3542 revelante
295 3477 390 3563 ipsius
406 3477 497 3542 Patre
508 3476 623 3542 Filium
638 3478 694 3542 Dei
709 3477 870 3542 Christum
882 3497 949 3540 esse
959 3497 1053 3561 agno·

38 3597 130 3660 verat,
153 3586 283 3650 Petrum
302 3585 481 3674 appellavit,
504 3607 578 3650 cum
593 3585 679 3672 prius
695 3585 804 3653 Simon
818 3594 992 3651 locaretur.
1012 3581 1050 3644 lit

39 3717 108 3759 cum
125 3717 196 3760 eum
216 3693 331 3760 Filium
356 3695 414 3758 Dei
435 3715 502 3758 esse
525 3693 555 3756 in
577 3692 809 3758 commentariis
832 3689 1050 3778 Apostolorum

70 3817 174 3867 tttatth.
187 3836 222 3876 ar,
239 3835 276 3881 ²7·
290 3847 318 3856 --
331 3818 342 3852 ²
357 3819 451 3870 blattis.
461 3834 511 3874 ur,
524 3833 561 3866 ot.
