2516 4636
331 325 455 374 conrns
478 325 629 372 annuens.
932 305 996 370 515

19 429 170 499 balneum
187 430 348 508 concidat,
366 452 443 498 oum
460 432 545 500 intus
560 443 645 500 esset
662 429 834 500 Corinthus
849 430 997 501 inimicus

11 537 110 604 itatis.
129 540 170 606 Et
185 539 253 628 ipse
263 551 372 609 autem
385 539 578 631 Polycarpus
593 540 746 609 Marcioni
760 539 931 629 aliquando
946 562 998 607 oc·

11 648 104 714 rrenti
130 647 203 726 sibi,
226 659 260 716 et
286 649 429 718 dicenti:
456 650 653 740 ‹Cognoscis
678 649 783 736 noslr
809 650 994 739 respondit:

11 757 162 846 lognosco
185 769 217 823 te
238 759 487 848 primogenitum
509 757 674 826 Satanmr
694 757 834 825 Tantum
854 753 999 848 Apostoli

11 866 126 933 horum
140 865 287 955 discipuli
306 866 489 933 habuerunt
503 867 666 944 timorem,
687 879 723 933 ut
737 889 777 934 ne
792 868 891 934 verbo
905 878 999 932 tenus

11 974 239 1040 nmunicarent
268 971 363 1040 elicui
391 995 503 1040 eorum
530 974 584 1062 qni
608 973 861 1041 adulteraverant
887 973 1000 1039 verita-

11 1067 42 1162 ἐι,
67 1084 339 1173 quemadmodum
360 1096 394 1150 et
417 1082 535 1151 Paulus
558 1084 627 1149 ait:
657 1084 872 1152 «llaereticum
891 1092 1000 1150 nutem

12 1193 154 1260 ominem
179 1203 253 1284 post
278 1215 376 1260 unum
397 1192 633 1280 correptionem
653 1191 770 1267 devita,
794 1193 895 1258 sciens
918 1215 1002 1281 quo-

11 1303 77 1368 iam
91 1325 257 1390 perversus
272 1302 389 1392 estqui
406 1314 454 1370 est
468 1300 552 1380 telis,
572 1312 605 1368 et
624 1312 704 1368 esta
724 1301 893 1390 semetipso
908 1301 1000 1368 dnm-

11 1423 86 1478 atus
96 1411 117 1478 ².
134 1440 147 1478 ι
161 1413 218 1479 Est
232 1423 340 1477 nutem
352 1422 385 1478 et
398 1407 531 1501 epistole
548 1407 714 1499 Polycarpi
729 1409 769 1476 nd
784 1407 1001 1497 Philippenses

11 1522 80 1609 ipte
98 1519 340 1610 perfectissima,
359 1541 400 1584 ex
417 1529 527 1607 quaet
542 1516 762 1586 characterem
776 1515 851 1582 lidei
867 1515 949 1604 ejus,
969 1527 1003 1583 et

11 1629 222 1696 edicationem
242 1627 395 1705 veritatis,
415 1626 469 1716 qui
488 1624 599 1694 volunt
618 1637 652 1691 et
669 1647 779 1692 curam
797 1625 919 1692 habent
938 1645 1003 1693 suns

12 1738 86 1814 ntis,
104 1747 238 1826 possunt
258 1735 391 1804 discere.
414 1733 479 1802 Sed
497 1745 530 1802 et
543 1756 615 1823 quas
629 1745 678 1802 est
692 1733 814 1824 Ephesi
827 1731 969 1802 Ecclesia
984 1755 1004 1798 a·

11 1844 63 1911 ulo
86 1843 216 1932 quidem
229 1841 384 1919 lundata,
408 1842 533 1910 Jonnne
558 1854 666 1910 eutem
688 1853 895 1931 permanente
916 1841 1003 1931 apud

11 1978 20 2020 s
42 1952 204 2043 usquead
224 1951 353 2044 Trajani
374 1965 531 2044 tempora,
551 1954 640 2024 testis
659 1964 709 2024 est
726 1975 819 2022 verus
837 1949 1004 2042 Apostolo-

11 2085 41 2130 m
57 2061 245 2130 traditionis.

11 2169 121 2238 Tentse
135 2167 257 2261 igitur¹
272 2170 468 2238 ostensiones
484 2193 559 2238 cum
575 2172 650 2248 sint,
670 2193 736 2240 non
753 2183 880 2262 oportet
897 2170 1004 2240 adhuc

11 2301 109 2348 terere
124 2278 211 2369 apud
225 2277 302 2346 alios
321 2280 500 2356 veritatem,
521 2302 618 2371 quam
635 2277 727 2348 lncile
743 2292 791 2346 est
806 2281 847 2348 nh
862 2265 1005 2348 Ecclesia

11 2413 110 2464 mere3
126 2412 202 2458 cum
216 2389 373 2480 Apostoli,
385 2391 474 2480 quasi
490 2391 523 2458 in
536 2390 763 2480 depositorium
778 2390 877 2466 dives,
890 2389 1005 2480 plenis·

11 2522 47 2564 ue
59 2499 92 2566 in
104 2521 176 2568 eam
187 2497 381 2567 contulerint
391 2499 497 2567 omnin
509 2519 579 2588 quae
591 2500 654 2566 sint
665 2498 825 2566 veritatis:
842 2499 889 2564 uti
900 2499 1004 2566 omnis

10 2610 161 2697 icumque
181 2606 267 2686 velit,
287 2621 393 2676 sumat
409 2632 450 2676 ex
467 2633 504 2678 ea
522 2622 635 2700 potum
653 2609 735 2677 vitm.
758 2609 834 2678 tter
852 2620 901 2674 est
916 2608 1004 2674 enim

11 2744 38 2785 ae
57 2719 206 2786 introitus
211 2742 222 2796 ς
241 2741 351 2788 omnes
365 2731 474 2786 nutem
488 2719 602 2809 reliqui
615 2719 701 2794 sures
716 2730 791 2784 sunt
805 2727 839 2784 et
852 2715 1000 2782 latrones.

11 2829 328 2919 opterquodoportet
340 2829 480 2895 devitare
492 2825 714 2916 quidemilloss
729 2834 1006 2914 qnseautemsunt
1034 2841 1046 2872 t

11 2936 132 3014 clesiae,
148 2960 223 3005 cum
239 2959 363 3004 summa
378 2937 541 3026 diligentia
556 2935 698 3024 diligere,
718 2945 752 3001 et
766 2933 1007 3023 apprehendere

11 3043 110 3108 ritotis
132 3043 346 3108 traditionem.
369 3041 457 3122 Quid
472 3041 580 3108 enim?
598 3042 639 3107 Et
658 3041 684 3107 si
705 3041 745 3106 de
760 3039 863 3132 eliqua
880 3040 1005 3108 modice

14 3151 146 3218 aestione
161 3150 347 3238 disceptatio
364 3162 459 3226 esset,
479 3171 586 3218 nonne
597 3161 766 3240 oporteret
782 3151 815 3216 in
829 3149 1006 3239 antiquissi-

11 3285 38 3328 ιε
51 3281 216 3327 recurrere
233 3257 395 3336 ecclesias,
409 3260 442 3324 in
452 3259 567 3346 quibus
579 3257 721 3348 Apostoli
732 3260 908 3326 conversati
918 3269 1005 3337 sunt,

11 3371 52 3436 sb
66 3369 111 3434 eis
123 3368 164 3433 de
173 3367 320 3458 praesenti
331 3367 505 3455 questione
514 3389 640 3436 sumere
649 3368 737 3455 qnod
748 3380 872 3437 certum
883 3379 916 3435 et
926 3391 963 3434 re
972 3367 1007 3434 li·

15 3479 105 3545 idum
115 3477 185 3544 esti
198 3476 285 3557 Quid
297 3487 404 3544 autem
416 3477 442 3543 si
455 3499 559 3565 neque
570 3477 712 3567 Apostoli
724 3478 853 3565 quidem
863 3477 1007 3566 Scriptu-

11 3589 234 3680 sreliquissent
245 3589 350 3667 nohis,
359 3612 466 3657 nonne
479 3591 647 3680 oportebat
659 3589 804 3658 ordinem
811 3590 900 3682 sequi
911 3589 1006 3656 tradi·

11 3706 80 3781 mis,
93 3723 190 3792 quam
199 3701 399 3770 tradiderunt
409 3702 448 3770 iis
459 3701 576 3791 quibus
584 3702 829 3772 committebant
835 3699 1005 3774 ecclesiast

11 3885 13 3892 ·
27 3859 81 3908 Tit.
95 3876 134 3920 ru,
148 3873 183 3910 ιυ.

11 3945 93 4010 *Cup
107 3962 140 3994 rr.
