2648 4634
247 319 311 397 454
568 333 681 382 sineru
705 333 819 382 annum
842 335 903 380 un.
930 337 962 379 ιν

246 449 313 536 ipse
332 446 381 512 eet
403 445 457 534 qui
477 443 681 533 aProphetis
698 444 905 532 annuntiatus
931 457 998 520 est,
1017 457 1051 510 et
1070 467 1135 510 non
1152 442 1280 510 alterius

245 555 348 624 Patris
360 553 552 644 agnitionem
571 552 647 619 feeit
663 552 791 618 veniens
808 551 920 629 Filius,
938 552 993 618 sed
1008 553 1155 640 ejusdem
1173 555 1231 640 qui
1246 555 1281 618 ab

247 664 337 732 initio
351 663 539 754 predicatus
553 672 614 737 est,
630 683 648 724 a
664 683 728 749 quo
743 671 775 726 et
790 658 968 750 libertatem
981 659 1095 726 detulit
1110 660 1162 726 his
1179 662 1235 748 qni
1247 662 1282 726 le

246 774 367 864 giumo,
382 783 415 838 et
428 793 530 861 prono
548 768 669 844 animo,
685 781 718 834 et
732 779 800 836 toto
819 769 916 835 eorde
935 771 1122 836 deserviunt
1141 769 1191 842 εἰς
1211 794 1280 836 eon

245 881 453 973 temptorihns
471 891 592 955 autem,
610 891 644 945 et
663 897 728 944 non
747 879 901 968 subjectis
917 881 997 957 Deo,
1020 881 1078 946 sed
1098 882 1134 947 in
1152 879 1277 970 gloriam

244 993 410 1060 homiuum
429 987 601 1056 exteriores
621 985 793 1053 munditias
815 989 1011 1055 sectantibus
1036 991 1131 1077 (quae
1149 989 1185 1052 in
1208 989 1277 1078 uva

244 1123 312 1167 rom
327 1100 509 1166 futurorum
526 1095 649 1165 tradite
668 1109 773 1172 erant,
796 1095 882 1162 volut
901 1100 1024 1164 umbrae
1044 1100 1223 1186 eujusdam
1238 1100 1277 1164 de

243 1207 448 1297 scriptionem
466 1204 602 1272 faciente
620 1202 723 1293 Legef
739 1215 835 1292 atque
851 1203 1029 1270 deiineaute
1045 1208 1086 1274 de
1102 1207 1278 1296 temporeis

243 1320 304 1386 bue
322 1327 454 1392 eterna,
477 1314 516 1380 de
538 1313 671 1379 terrenis
694 1311 870 1403 eoelestia),
895 1314 1090 1403 [ingentibus
1115 1315 1275 1406 plusquam

244 1447 315 1514 que
334 1425 418 1492 diota
437 1435 512 1491 suut
529 1445 597 1489 sese
612 1422 794 1499 observare,
809 1433 961 1512 tanquam
981 1424 1183 1514 diligentiam
1201 1451 1274 1492 suan

244 1537 342 1604 etiam
354 1537 414 1625 ipsi
430 1535 498 1601 Deo
511 1532 767 1625 praesuminus,
781 1533 867 1600 intus
877 1546 984 1602 autem
996 1535 1099 1625 plenis
1109 1537 1274 1626 hypocrisi,

243 1659 277 1714 ot
292 1646 476 1738 eupiditate.
492 1656 525 1710 et
540 1643 626 1710 omui
644 1640 776 1719 malitie,
792 1643 825 1709 in
841 1646 1072 1733 sempiternum
1089 1647 1200 1713 attulit
1213 1669 1273 1736 per

244 1755 409 1832 ditionem,
423 1751 613 1821 abscindens
623 1773 678 1818 eos
693 1773 711 1816 a
727 1751 801 1818 vita.

632 1963 784 2033 CAPUT
807 1967 890 2034 x11.

244 2154 381 2216 Eundem
395 2177 454 2216 esse
465 2157 611 2228 neruoque
623 2154 709 2234 Legis
727 2166 866 2212 auctorem
874 2151 939 2210 tuac
955 2152 1066 2228 Ianua&
1078 2167 1192 2228 patere,
1210 2149 1271 2228 qnod

217 2301 218 2304 ,
284 2253 1268 2330 Gerenatraditionesumoresveorirepngnmuesdanmaveru,snm

283 2378 349 2416 nero
357 2368 381 2414 et
390 2357 564 2416 eminentiora
575 2351 663 2433 hujus
669 2367 806 2430 precepta
817 2351 1029 2433 confirmaverit,
1042 2377 1077 2413 oc
1086 2357 1208 2430 seipsum
1217 2353 1269 2410 iio·

282 2457 367 2514 saicae
378 2453 463 2534 Legis
467 2450 559 2534 finem
571 2473 630 2510 esse
644 2450 772 2510 docuerit.

290 2623 317 2690 1.
336 2623 509 2690 Seniorum
530 2625 618 2691 enim
636 2623 779 2713 ipsorum
801 2623 941 2700 traditio,
956 2645 1056 2711 quam
1069 2647 1110 2706 en
1124 2623 1208 2713 Lege
1221 2623 1266 2688 on

245 2755 369 2800 servare
388 2733 564 2822 fingebant,
588 2734 751 2828 contraria
767 2745 835 2800 erut
849 2733 926 2822 Legi
947 2731 1028 2798 datae
1044 2757 1104 2822 per
1125 2731 1265 2821 Moysen.

245 2839 378 2931 Propter
392 2842 455 2908 hoo
473 2853 508 2907 et
530 2843 637 2908 Esaias
659 2845 703 2909 nit
718 2865 727 2909 ε
745 2869 758 2904 ι
774 2842 941 2932 Caupones
957 2844 1003 2908 tui
1018 2843 1158 2909 miscent
1174 2845 1267 2910 vinum

245 2972 353 3038 »aqua
364 2949 394 3024 ¹3
409 2950 603 3017 »ostendens
618 2950 705 3038 quod
719 2965 846 3018 austero
862 2951 919 3018 Dei
935 2965 1097 3041 praeoepto
1113 2954 1268 3020 miscerent

214 3089 219 3100 ¹
246 3059 384 3126 seniores
407 3073 556 3148 aquatam
577 3061 793 3138 traditionem,
815 3063 849 3128 id
868 3075 935 3140 est,
954 3065 1178 3154 aggredientes
1191 3063 1268 3131 adui-

245 3182 348 3236 teram
362 3169 477 3259 legem,
493 3182 527 3236 et
550 3171 742 3238 contrariam
757 3171 847 3263 Legi,
872 3173 954 3239 siout
975 3185 1007 3239 et
1029 3175 1188 3242 Dominus
1208 3174 1268 3239 ierit

246 3279 461 3354 menifestum,
478 3280 588 3348 dieens
602 3282 647 3350 eis
665 3305 673 3347 ι
693 3282 830 3362 «Quare
844 3305 899 3349 vos
921 3285 1182 3372 transgredimini
1201 3307 1269 3374 pre·

246 3401 402 3480 »ceptum
418 3390 489 3466 Dei,
505 3404 636 3480 propter
652 3393 853 3459 traditionem
868 3393 1046 3460 vestram²i
1061 3423 1074 3456 a
1090 3394 1164 3461 Non
1180 3393 1270 3461 solum

246 3508 354 3564 autem
369 3519 426 3585 per
439 3497 733 3585 praevaricationem
748 3498 888 3564 frustrati
900 3509 974 3564 sunt
989 3499 1106 3590 Legem
1121 3501 1196 3578 Dei,
1211 3502 1270 3567 mis
1313 3499 1314 3524 *

249 3617 356 3674 centes
371 3606 481 3672 vinum
495 3628 593 3694 aquas
614 3605 670 3673 sod
684 3619 717 3673 et
732 3631 821 3674 suam
837 3606 939 3698 legem
954 3610 1150 3676 econtrario
1165 3622 1271 3675 statue·

246 3727 333 3792 runt,
347 3737 418 3804 quae
429 3737 529 3804 usque
540 3715 647 3783 adhue
657 3716 835 3784 Phariseioa
848 3730 989 3784 vocatur.
1004 3717 1041 3785 ln
1056 3742 1118 3808 qua
1135 3719 1269 3808 quaedun
1313 3811 1314 3814 Ἴ

247 3825 376 3916 quidem
394 3825 556 3902 auferunt,
579 3825 725 3914 quedam
742 3829 815 3896 vero
839 3828 981 3905 addunt,
1003 3829 1150 3917 quiedam
1171 3841 1268 3898 autem

279 3951 368 4004 msa.
381 3969 399 4012 ι,
410 3969 449 4003 aa.
460 3981 490 3992 -
500 3951 511 3987 ¹
522 3951 614 4005 uentu
627 3970 668 4015 rr,
681 3955 704 4004 5.
727 3959 747 3984 ““

433 4223 483 4246 θ’,

293 4307 297 4310 ,
357 4235 474 4311 Ικῃιμ
