<?xml version="1.0" encoding="UTF-8"?>
<!DOCTYPE html PUBLIC "-//W3C//DTD XHTML 1.0 Transitional//EN"
    "http://www.w3.org/TR/xhtml1/DTD/xhtml1-transitional.dtd">
<html xmlns="http://www.w3.org/1999/xhtml" xml:lang="en" lang="en">
 <head>
  <title>
</title>
<meta http-equiv="Content-Type" content="text/html;charset=utf-8" />
  <meta name='ocr-system' content='tesseract 3.04.00' />
  <meta name='ocr-capabilities' content='ocr_page ocr_carea ocr_par ocr_line ocrx_word'/>
</head>
<body>
  <div class='ocr_page' id='page_1' title='image "./collectioselect02guilgoog_0530.png"; bbox 0 0 2630 4614; ppageno 0'>
   <div class='ocr_carea' id='block_1_1' title="bbox 231 254 1037 324">
    <p class='ocr_par' dir='ltr' id='par_1_1' title="bbox 231 254 1037 324">
     <span class='ocr_line' id='line_1_1' title="bbox 231 254 1037 324; baseline -0.01 0"><span class='ocrx_word' id='word_1_1' title='bbox 231 301 235 310; x_wconf 46' lang='grc' dir='ltr'>ι</span> <span class='ocrx_word' id='word_1_2' title='bbox 320 279 441 324; x_wconf 78' lang='lat' dir='ltr'>consus</span> <span class='ocrx_word' id='word_1_3' title='bbox 464 276 583 322; x_wconf 77' lang='lat' dir='ltr'>cnacos</span> <span class='ocrx_word' id='word_1_4' title='bbox 606 277 732 320; x_wconf 76' lang='lat' dir='ltr'>enarro.</span> <span class='ocrx_word' id='word_1_5' title='bbox 999 254 1037 316; x_wconf 77' lang='lat' dir='ltr'>ab</span> 
     </span>
    </p>
   </div>
   <div class='ocr_carea' id='block_1_2' title="bbox 22 380 1045 2316">
    <p class='ocr_par' dir='ltr' id='par_1_2' title="bbox 22 380 1045 2316">
     <span class='ocr_line' id='line_1_2' title="bbox 42 380 1041 476; baseline -0.007 -25"><span class='ocrx_word' id='word_1_6' title='bbox 42 386 77 451; x_wconf 82' lang='lat' dir='ltr'>ad</span> <span class='ocrx_word' id='word_1_7' title='bbox 100 386 249 476; x_wconf 86' lang='lat' dir='ltr'>opinatum</span> <span class='ocrx_word' id='word_1_8' title='bbox 271 385 392 452; x_wconf 89' lang='lat' dir='ltr'>bonum</span> <span class='ocrx_word' id='word_1_9' title='bbox 416 385 524 460; x_wconf 88' lang='lat' dir='ltr'>utitur,</span> <span class='ocrx_word' id='word_1_10' title='bbox 552 395 681 474; x_wconf 83' lang='lat' dir='ltr'>propter</span> <span class='ocrx_word' id='word_1_11' title='bbox 708 380 1041 476; x_wconf 71' lang='lat' dir='ltr'>commemiumaquod</span> 
     </span>
     <span class='ocr_line' id='line_1_3' title="bbox 41 487 1042 580; baseline -0.004 -22"><span class='ocrx_word' id='word_1_12' title='bbox 41 516 104 561; x_wconf 89' lang='lat' dir='ltr'>cum</span> <span class='ocrx_word' id='word_1_13' title='bbox 123 515 155 558; x_wconf 90' lang='lat' dir='ltr'>eo</span> <span class='ocrx_word' id='word_1_14' title='bbox 175 491 298 568; x_wconf 89' lang='lat' dir='ltr'>babuit,</span> <span class='ocrx_word' id='word_1_15' title='bbox 318 514 336 557; x_wconf 88' lang='lat' dir='ltr'>a</span> <span class='ocrx_word' id='word_1_16' title='bbox 357 491 426 558; x_wconf 88' lang='lat' dir='ltr'>Deo</span> <span class='ocrx_word' id='word_1_17' title='bbox 447 491 553 580; x_wconf 90' lang='lat' dir='ltr'>judice</span> <span class='ocrx_word' id='word_1_18' title='bbox 574 489 849 558; x_wconf 78' lang='lat' dir='ltr'><strong>condemnabitur.</strong></span> <span class='ocrx_word' id='word_1_19' title='bbox 874 487 939 554; x_wconf 82' lang='lat' dir='ltr'>Gur</span> <span class='ocrx_word' id='word_1_20' title='bbox 957 488 1042 554; x_wconf 90' lang='lat' dir='ltr'>euim</span> 
     </span>
     <span class='ocr_line' id='line_1_4' title="bbox 39 597 1043 690; baseline -0.001 -26"><span class='ocrx_word' id='word_1_21' title='bbox 39 601 86 688; x_wconf 90' lang='lat' dir='ltr'>qui</span> <span class='ocrx_word' id='word_1_22' title='bbox 99 601 226 668; x_wconf 69' lang='lat' dir='ltr'>mauriae</span> <span class='ocrx_word' id='word_1_23' title='bbox 241 599 434 690; x_wconf 83' lang='lat' dir='ltr'>dispositioni</span> <span class='ocrx_word' id='word_1_24' title='bbox 450 600 563 676; x_wconf 88' lang='lat' dir='ltr'>credit,</span> <span class='ocrx_word' id='word_1_25' title='bbox 575 599 642 668; x_wconf 89' lang='lat' dir='ltr'>Deo</span> <span class='ocrx_word' id='word_1_26' title='bbox 656 623 720 668; x_wconf 89' lang='lat' dir='ltr'>uon</span> <span class='ocrx_word' id='word_1_27' title='bbox 731 598 799 666; x_wconf 78' lang='lat' dir='ltr'>vult</span> <span class='ocrx_word' id='word_1_28' title='bbox 814 597 966 666; x_wconf 79' lang='lat' dir='ltr'>credere?</span> <span class='ocrx_word' id='word_1_29' title='bbox 980 597 1043 666; x_wconf 80' lang='lat' dir='ltr'>dut</span> 
     </span>
     <span class='ocr_line' id='line_1_5' title="bbox 38 707 1042 796; baseline 0 -24"><span class='ocrx_word' id='word_1_30' title='bbox 38 731 122 796; x_wconf 93' lang='lat' dir='ltr'>quam</span> <span class='ocrx_word' id='word_1_31' title='bbox 139 708 176 775; x_wconf 91' lang='lat' dir='ltr'>ob</span> <span class='ocrx_word' id='word_1_32' title='bbox 200 729 329 776; x_wconf 85' lang='lat' dir='ltr'>causam</span> <span class='ocrx_word' id='word_1_33' title='bbox 349 709 389 777; x_wconf 89' lang='lat' dir='ltr'>ad</span> <span class='ocrx_word' id='word_1_34' title='bbox 411 708 620 796; x_wconf 88' lang='lat' dir='ltr'>potentiorem</span> <span class='ocrx_word' id='word_1_35' title='bbox 642 708 806 774; x_wconf 90' lang='lat' dir='ltr'>domiuum</span> <span class='ocrx_word' id='word_1_36' title='bbox 825 729 890 776; x_wconf 90' lang='lat' dir='ltr'>uon</span> <span class='ocrx_word' id='word_1_37' title='bbox 904 707 1042 784; x_wconf 86' lang='lat' dir='ltr'>ecoedis,</span> 
     </span>
     <span class='ocr_line' id='line_1_6' title="bbox 37 812 1043 904; baseline 0.001 -26"><span class='ocrx_word' id='word_1_38' title='bbox 37 813 86 879; x_wconf 90' lang='lat' dir='ltr'>sed</span> <span class='ocrx_word' id='word_1_39' title='bbox 99 813 194 903; x_wconf 87' lang='lat' dir='ltr'>potius</span> <span class='ocrx_word' id='word_1_40' title='bbox 211 813 277 903; x_wconf 87' lang='lat' dir='ltr'>ipse</span> <span class='ocrx_word' id='word_1_41' title='bbox 297 813 355 879; x_wconf 88' lang='lat' dir='ltr'>tibi</span> <span class='ocrx_word' id='word_1_42' title='bbox 376 812 524 890; x_wconf 81' lang='lat' dir='ltr'>mederis,</span> <span class='ocrx_word' id='word_1_43' title='bbox 540 825 574 880; x_wconf 89' lang='lat' dir='ltr'>ut</span> <span class='ocrx_word' id='word_1_44' title='bbox 592 813 677 892; x_wconf 72' lang='lat' dir='ltr'>cauis</span> <span class='ocrx_word' id='word_1_45' title='bbox 698 813 852 904; x_wconf 80' lang='lat' dir='ltr'>gramine,</span> <span class='ocrx_word' id='word_1_46' title='bbox 867 833 980 880; x_wconf 86' lang='lat' dir='ltr'>cervus</span> <span class='ocrx_word' id='word_1_47' title='bbox 995 813 1043 879; x_wconf 83' lang='lat' dir='ltr'>vi-</span> 
     </span>
     <span class='ocr_line' id='line_1_7' title="bbox 35 920 1043 1012; baseline 0.002 -26"><span class='ocrx_word' id='word_1_48' title='bbox 35 945 117 1012; x_wconf 90' lang='lat' dir='ltr'>pera,</span> <span class='ocrx_word' id='word_1_49' title='bbox 137 945 185 988; x_wconf 89' lang='lat' dir='ltr'>sus</span> <span class='ocrx_word' id='word_1_50' title='bbox 209 922 331 990; x_wconf 87' lang='lat' dir='ltr'>cancris</span> <span class='ocrx_word' id='word_1_51' title='bbox 352 920 543 1000; x_wconf 81' lang='lat' dir='ltr'>fluvialibus,</span> <span class='ocrx_word' id='word_1_52' title='bbox 563 921 613 988; x_wconf 92' lang='lat' dir='ltr'>leo</span> <span class='ocrx_word' id='word_1_53' title='bbox 634 921 750 991; x_wconf 67' lang='lat' dir='ltr'>simiis?</span> <span class='ocrx_word' id='word_1_54' title='bbox 778 922 843 989; x_wconf 87' lang='lat' dir='ltr'>Gur</span> <span class='ocrx_word' id='word_1_55' title='bbox 863 921 900 988; x_wconf 88' lang='lat' dir='ltr'>iis</span> <span class='ocrx_word' id='word_1_56' title='bbox 918 943 988 1011; x_wconf 82' lang='lat' dir='ltr'>quae</span> <span class='ocrx_word' id='word_1_57' title='bbox 1010 922 1043 988; x_wconf 88' lang='lat' dir='ltr'>in</span> 
     </span>
     <span class='ocr_line' id='line_1_8' title="bbox 34 1027 1042 1120; baseline 0.001 -25"><span class='ocrx_word' id='word_1_58' title='bbox 34 1029 143 1096; x_wconf 92' lang='lat' dir='ltr'>mundo</span> <span class='ocrx_word' id='word_1_59' title='bbox 162 1044 234 1097; x_wconf 87' lang='lat' dir='ltr'>suut</span> <span class='ocrx_word' id='word_1_60' title='bbox 257 1029 452 1098; x_wconf 79' lang='lat' dir='ltr'>divinitatem</span> <span class='ocrx_word' id='word_1_61' title='bbox 472 1029 604 1096; x_wconf 77' lang='lat' dir='ltr'>tribuis?</span> <span class='ocrx_word' id='word_1_62' title='bbox 627 1027 694 1098; x_wconf 84' lang='lat' dir='ltr'>Cur</span> <span class='ocrx_word' id='word_1_63' title='bbox 716 1029 896 1120; x_wconf 85' lang='lat' dir='ltr'>proximum</span> <span class='ocrx_word' id='word_1_64' title='bbox 917 1052 1042 1104; x_wconf 84' lang='lat' dir='ltr'>sanans,</span> 
     </span>
     <span class='ocr_line' id='line_1_9' title="bbox 31 1137 1044 1232; baseline -0.004 -26"><span class='ocrx_word' id='word_1_65' title='bbox 31 1139 180 1208; x_wconf 83' lang='lat' dir='ltr'>beneficus</span> <span class='ocrx_word' id='word_1_66' title='bbox 196 1141 339 1209; x_wconf 76' lang='lat' dir='ltr'>vocaris?</span> <span class='ocrx_word' id='word_1_67' title='bbox 356 1139 452 1210; x_wconf 86' lang='lat' dir='ltr'>Verbi</span> <span class='ocrx_word' id='word_1_68' title='bbox 467 1141 640 1232; x_wconf 82' lang='lat' dir='ltr'>potentium</span> <span class='ocrx_word' id='word_1_69' title='bbox 660 1138 816 1227; x_wconf 73' lang='lat' dir='ltr'>sequere?</span> <span class='ocrx_word' id='word_1_70' title='bbox 837 1137 907 1206; x_wconf 91' lang='lat' dir='ltr'>Nou</span> <span class='ocrx_word' id='word_1_71' title='bbox 932 1150 1044 1208; x_wconf 79' lang='lat' dir='ltr'>sanent</span> 
     </span>
     <span class='ocr_line' id='line_1_10' title="bbox 32 1247 1043 1338; baseline 0.001 -24"><span class='ocrx_word' id='word_1_72' title='bbox 32 1249 190 1326; x_wconf 75' lang='lat' dir='ltr'>demones,</span> <span class='ocrx_word' id='word_1_73' title='bbox 207 1249 263 1316; x_wconf 89' lang='lat' dir='ltr'>sed</span> <span class='ocrx_word' id='word_1_74' title='bbox 277 1261 344 1316; x_wconf 87' lang='lat' dir='ltr'>arte</span> <span class='ocrx_word' id='word_1_75' title='bbox 359 1249 502 1318; x_wconf 90' lang='lat' dir='ltr'>homiues</span> <span class='ocrx_word' id='word_1_76' title='bbox 515 1249 646 1338; x_wconf 89' lang='lat' dir='ltr'>cupiunt</span> <span class='ocrx_word' id='word_1_77' title='bbox 660 1260 694 1314; x_wconf 88' lang='lat' dir='ltr'>et</span> <span class='ocrx_word' id='word_1_78' title='bbox 708 1247 742 1314; x_wconf 89' lang='lat' dir='ltr'>iu</span> <span class='ocrx_word' id='word_1_79' title='bbox 758 1247 941 1314; x_wconf 83' lang='lat' dir='ltr'>servitutem</span> <span class='ocrx_word' id='word_1_80' title='bbox 958 1247 1043 1315; x_wconf 91' lang='lat' dir='ltr'>redi-</span> 
     </span>
     <span class='ocr_line' id='line_1_11' title="bbox 31 1355 1043 1448; baseline -0.001 -25"><span class='ocrx_word' id='word_1_81' title='bbox 31 1370 114 1446; x_wconf 82' lang='lat' dir='ltr'>gunt.</span> <span class='ocrx_word' id='word_1_82' title='bbox 133 1359 177 1425; x_wconf 86' lang='lat' dir='ltr'>Ac</span> <span class='ocrx_word' id='word_1_83' title='bbox 194 1370 280 1425; x_wconf 89' lang='lat' dir='ltr'>recte</span> <span class='ocrx_word' id='word_1_84' title='bbox 299 1359 500 1426; x_wconf 79' lang='lat' dir='ltr'>admirandus</span> <span class='ocrx_word' id='word_1_85' title='bbox 521 1356 574 1424; x_wconf 89' lang='lat' dir='ltr'>ille</span> <span class='ocrx_word' id='word_1_86' title='bbox 594 1356 748 1448; x_wconf 84' lang='lat' dir='ltr'>imprimis</span> <span class='ocrx_word' id='word_1_87' title='bbox 769 1356 912 1424; x_wconf 78' lang='lat' dir='ltr'>tustinus</span> <span class='ocrx_word' id='word_1_88' title='bbox 930 1379 982 1423; x_wconf 91' lang='lat' dir='ltr'>eos</span> <span class='ocrx_word' id='word_1_89' title='bbox 995 1355 1043 1422; x_wconf 84' lang='lat' dir='ltr'>la·</span> 
     </span>
     <span class='ocr_line' id='line_1_12' title="bbox 30 1463 1043 1546; baseline -0.001 -15"><span class='ocrx_word' id='word_1_90' title='bbox 30 1468 163 1532; x_wconf 89' lang='lat' dir='ltr'>tronibus</span> <span class='ocrx_word' id='word_1_91' title='bbox 175 1464 289 1534; x_wconf 88' lang='lat' dir='ltr'>similes</span> <span class='ocrx_word' id='word_1_92' title='bbox 299 1489 366 1536; x_wconf 90' lang='lat' dir='ltr'>esse</span> <span class='ocrx_word' id='word_1_93' title='bbox 377 1466 556 1534; x_wconf 79' lang='lat' dir='ltr'>declaravit.</span> <span class='ocrx_word' id='word_1_94' title='bbox 572 1463 853 1546; x_wconf 81' lang='lat' dir='ltr'><strong>Quemadmodum</strong></span> <span class='ocrx_word' id='word_1_95' title='bbox 865 1463 951 1532; x_wconf 89' lang='lat' dir='ltr'>euim</span> <span class='ocrx_word' id='word_1_96' title='bbox 961 1487 1043 1530; x_wconf 89' lang='lat' dir='ltr'>nou-</span> 
     </span>
     <span class='ocr_line' id='line_1_13' title="bbox 27 1572 1044 1665; baseline -0.004 -23"><span class='ocrx_word' id='word_1_97' title='bbox 27 1575 126 1642; x_wconf 87' lang='lat' dir='ltr'>nullos</span> <span class='ocrx_word' id='word_1_98' title='bbox 145 1575 194 1641; x_wconf 88' lang='lat' dir='ltr'>isti</span> <span class='ocrx_word' id='word_1_99' title='bbox 216 1576 300 1642; x_wconf 83' lang='lat' dir='ltr'>vivos</span> <span class='ocrx_word' id='word_1_100' title='bbox 322 1599 435 1665; x_wconf 83' lang='lat' dir='ltr'>capere</span> <span class='ocrx_word' id='word_1_101' title='bbox 457 1573 571 1651; x_wconf 82' lang='lat' dir='ltr'>solent,</span> <span class='ocrx_word' id='word_1_102' title='bbox 591 1595 630 1642; x_wconf 87' lang='lat' dir='ltr'>ac</span> <span class='ocrx_word' id='word_1_103' title='bbox 652 1572 765 1640; x_wconf 89' lang='lat' dir='ltr'>deinde</span> <span class='ocrx_word' id='word_1_104' title='bbox 786 1572 849 1640; x_wconf 91' lang='lat' dir='ltr'>suis</span> <span class='ocrx_word' id='word_1_105' title='bbox 870 1595 924 1638; x_wconf 87' lang='lat' dir='ltr'>eos</span> <span class='ocrx_word' id='word_1_106' title='bbox 943 1572 1044 1663; x_wconf 90' lang='lat' dir='ltr'>pretio</span> 
     </span>
     <span class='ocr_line' id='line_1_14' title="bbox 26 1678 1045 1772; baseline -0.002 -24"><span class='ocrx_word' id='word_1_107' title='bbox 26 1685 200 1757; x_wconf 84' lang='lat' dir='ltr'>restituere;</span> <span class='ocrx_word' id='word_1_108' title='bbox 218 1684 263 1750; x_wconf 87' lang='lat' dir='ltr'>sic</span> <span class='ocrx_word' id='word_1_109' title='bbox 277 1685 377 1772; x_wconf 88' lang='lat' dir='ltr'>etqui</span> <span class='ocrx_word' id='word_1_110' title='bbox 391 1685 609 1750; x_wconf 75' lang='lat' dir='ltr'>existimantur</span> <span class='ocrx_word' id='word_1_111' title='bbox 620 1681 679 1758; x_wconf 89' lang='lat' dir='ltr'>dii,</span> <span class='ocrx_word' id='word_1_112' title='bbox 694 1693 862 1772; x_wconf 83' lang='lat' dir='ltr'>postquam</span> <span class='ocrx_word' id='word_1_113' title='bbox 876 1678 1045 1748; x_wconf 89' lang='lat' dir='ltr'>nonnullo-</span> 
     </span>
     <span class='ocr_line' id='line_1_15' title="bbox 24 1789 1040 1881; baseline 0 -24"><span class='ocrx_word' id='word_1_114' title='bbox 24 1815 96 1858; x_wconf 90' lang='lat' dir='ltr'>rum</span> <span class='ocrx_word' id='word_1_115' title='bbox 116 1793 298 1880; x_wconf 84' lang='lat' dir='ltr'>corporibus</span> <span class='ocrx_word' id='word_1_116' title='bbox 316 1794 496 1881; x_wconf 84' lang='lat' dir='ltr'>obrepsere,</span> <span class='ocrx_word' id='word_1_117' title='bbox 519 1813 557 1858; x_wconf 84' lang='lat' dir='ltr'>ac</span> <span class='ocrx_word' id='word_1_118' title='bbox 578 1790 692 1858; x_wconf 86' lang='lat' dir='ltr'>deiude</span> <span class='ocrx_word' id='word_1_119' title='bbox 707 1789 888 1878; x_wconf 83' lang='lat' dir='ltr'>opinionem</span> <span class='ocrx_word' id='word_1_120' title='bbox 902 1810 1040 1878; x_wconf 81' lang='lat' dir='ltr'>praesen-</span> 
     </span>
     <span class='ocr_line' id='line_1_16' title="bbox 24 1897 1040 1989; baseline -0.002 -24"><span class='ocrx_word' id='word_1_121' title='bbox 24 1903 77 1966; x_wconf 89' lang='lat' dir='ltr'>tiae</span> <span class='ocrx_word' id='word_1_122' title='bbox 88 1923 148 1966; x_wconf 85' lang='lat' dir='ltr'>suae</span> <span class='ocrx_word' id='word_1_123' title='bbox 159 1923 215 1988; x_wconf 91' lang='lat' dir='ltr'>per</span> <span class='ocrx_word' id='word_1_124' title='bbox 226 1900 346 1966; x_wconf 87' lang='lat' dir='ltr'>somnia</span> <span class='ocrx_word' id='word_1_125' title='bbox 357 1900 473 1977; x_wconf 87' lang='lat' dir='ltr'>locere,</span> <span class='ocrx_word' id='word_1_126' title='bbox 486 1899 519 1966; x_wconf 89' lang='lat' dir='ltr'>in</span> <span class='ocrx_word' id='word_1_127' title='bbox 529 1897 694 1989; x_wconf 89' lang='lat' dir='ltr'>publicum</span> <span class='ocrx_word' id='word_1_128' title='bbox 708 1921 761 1964; x_wconf 91' lang='lat' dir='ltr'>eos</span> <span class='ocrx_word' id='word_1_129' title='bbox 776 1897 901 1987; x_wconf 91' lang='lat' dir='ltr'>prodire</span> <span class='ocrx_word' id='word_1_130' title='bbox 915 1900 1040 1987; x_wconf 88' lang='lat' dir='ltr'>jubent,</span> 
     </span>
     <span class='ocr_line' id='line_1_17' title="bbox 25 2005 1044 2097; baseline 0 -23"><span class='ocrx_word' id='word_1_131' title='bbox 25 2032 65 2074; x_wconf 88' lang='lat' dir='ltr'>ac</span> <span class='ocrx_word' id='word_1_132' title='bbox 79 2008 222 2074; x_wconf 90' lang='lat' dir='ltr'>omuibus</span> <span class='ocrx_word' id='word_1_133' title='bbox 242 2009 469 2097; x_wconf 81' lang='lat' dir='ltr'>spectantibus,</span> <span class='ocrx_word' id='word_1_134' title='bbox 488 2031 563 2077; x_wconf 90' lang='lat' dir='ltr'>cum</span> <span class='ocrx_word' id='word_1_135' title='bbox 577 2009 673 2076; x_wconf 89' lang='lat' dir='ltr'>rebus</span> <span class='ocrx_word' id='word_1_136' title='bbox 687 2005 852 2074; x_wconf 79' lang='lat' dir='ltr'>mundanis</span> <span class='ocrx_word' id='word_1_137' title='bbox 867 2008 958 2096; x_wconf 87' lang='lat' dir='ltr'>potiti</span> <span class='ocrx_word' id='word_1_138' title='bbox 973 2008 1044 2074; x_wconf 86' lang='lat' dir='ltr'>lue·</span> 
     </span>
     <span class='ocr_line' id='line_1_18' title="bbox 24 2114 1040 2206; baseline 0.001 -25"><span class='ocrx_word' id='word_1_139' title='bbox 24 2117 102 2192; x_wconf 89' lang='lat' dir='ltr'>rint,</span> <span class='ocrx_word' id='word_1_140' title='bbox 124 2118 162 2182; x_wconf 92' lang='lat' dir='ltr'>ab</span> <span class='ocrx_word' id='word_1_141' title='bbox 181 2117 270 2206; x_wconf 77' lang='lat' dir='ltr'>egris</span> <span class='ocrx_word' id='word_1_142' title='bbox 290 2116 427 2196; x_wconf 83' lang='lat' dir='ltr'>avolent,</span> <span class='ocrx_word' id='word_1_143' title='bbox 442 2129 475 2186; x_wconf 89' lang='lat' dir='ltr'>et</span> <span class='ocrx_word' id='word_1_144' title='bbox 488 2120 600 2186; x_wconf 91' lang='lat' dir='ltr'>morbo</span> <span class='ocrx_word' id='word_1_145' title='bbox 618 2139 712 2206; x_wconf 88' lang='lat' dir='ltr'>quem</span> <span class='ocrx_word' id='word_1_146' title='bbox 727 2116 904 2183; x_wconf 80' lang='lat' dir='ltr'>inflixerant</span> <span class='ocrx_word' id='word_1_147' title='bbox 924 2114 1040 2192; x_wconf 90' lang='lat' dir='ltr'>deleto,</span> 
     </span>
     <span class='ocr_line' id='line_1_19' title="bbox 22 2226 716 2316; baseline -0.003 -22"><span class='ocrx_word' id='word_1_148' title='bbox 22 2228 185 2294; x_wconf 87' lang='lat' dir='ltr'>hominem</span> <span class='ocrx_word' id='word_1_149' title='bbox 199 2228 338 2316; x_wconf 82' lang='lat' dir='ltr'>pristinae</span> <span class='ocrx_word' id='word_1_150' title='bbox 353 2226 523 2295; x_wconf 80' lang='lat' dir='ltr'>valetudini</span> <span class='ocrx_word' id='word_1_151' title='bbox 536 2230 716 2298; x_wconf 86' lang='lat' dir='ltr'>restituunt.</span> 
     </span>
    </p>
   </div>
   <div class='ocr_carea' id='block_1_3' title="bbox 66 2333 1040 2426">
    <p class='ocr_par' dir='ltr' id='par_1_3' title="bbox 66 2333 1040 2426">
     <span class='ocr_line' id='line_1_20' title="bbox 66 2333 1040 2426; baseline -0.004 -24"><span class='ocrx_word' id='word_1_152' title='bbox 66 2334 156 2402; x_wconf 86' lang='lat' dir='ltr'><strong>XIX.</strong></span> <span class='ocrx_word' id='word_1_153' title='bbox 173 2334 330 2402; x_wconf 83' lang='lat' dir='ltr'>Caeterum</span> <span class='ocrx_word' id='word_1_154' title='bbox 345 2359 399 2403; x_wconf 86' lang='lat' dir='ltr'>vos</span> <span class='ocrx_word' id='word_1_155' title='bbox 414 2337 467 2424; x_wconf 92' lang='lat' dir='ltr'>qui</span> <span class='ocrx_word' id='word_1_156' title='bbox 483 2336 551 2416; x_wconf 72' lang='lat' dir='ltr'>baec</span> <span class='ocrx_word' id='word_1_157' title='bbox 565 2359 629 2424; x_wconf 85' lang='lat' dir='ltr'>non</span> <span class='ocrx_word' id='word_1_158' title='bbox 643 2333 831 2426; x_wconf 86' lang='lat' dir='ltr'>perspicitis,</span> <span class='ocrx_word' id='word_1_159' title='bbox 847 2358 865 2401; x_wconf 92' lang='lat' dir='ltr'>a</span> <span class='ocrx_word' id='word_1_160' title='bbox 882 2333 973 2402; x_wconf 89' lang='lat' dir='ltr'>nobis</span> <span class='ocrx_word' id='word_1_161' title='bbox 988 2334 1040 2422; x_wconf 92' lang='lat' dir='ltr'>qui</span> 
     </span>
    </p>
   </div>
   <div class='ocr_carea' id='block_1_4' title="bbox 13 2442 1125 3942">
    <p class='ocr_par' dir='ltr' id='par_1_4' title="bbox 13 2442 1125 3942">
     <span class='ocr_line' id='line_1_21' title="bbox 16 2442 1043 2532; baseline -0.004 -24"><span class='ocrx_word' id='word_1_162' title='bbox 16 2443 240 2532; x_wconf 87' lang='lat' dir='ltr'>perspicimus,</span> <span class='ocrx_word' id='word_1_163' title='bbox 256 2443 374 2510; x_wconf 83' lang='lat' dir='ltr'>discite.</span> <span class='ocrx_word' id='word_1_164' title='bbox 394 2442 457 2523; x_wconf 89' lang='lat' dir='ltr'>Qui</span> <span class='ocrx_word' id='word_1_165' title='bbox 472 2455 608 2526; x_wconf 87' lang='lat' dir='ltr'>mortem</span> <span class='ocrx_word' id='word_1_166' title='bbox 623 2467 641 2510; x_wconf 88' lang='lat' dir='ltr'>a</span> <span class='ocrx_word' id='word_1_167' title='bbox 655 2443 742 2522; x_wconf 89' lang='lat' dir='ltr'>vobis</span> <span class='ocrx_word' id='word_1_168' title='bbox 757 2442 917 2520; x_wconf 84' lang='lat' dir='ltr'>contemni</span> <span class='ocrx_word' id='word_1_169' title='bbox 932 2452 965 2506; x_wconf 89' lang='lat' dir='ltr'>et</span> <span class='ocrx_word' id='word_1_170' title='bbox 979 2442 1043 2506; x_wconf 90' lang='lat' dir='ltr'>ani-</span> 
     </span>
     <span class='ocr_line' id='line_1_22' title="bbox 16 2547 1042 2640; baseline -0.005 -21"><span class='ocrx_word' id='word_1_171' title='bbox 16 2550 195 2619; x_wconf 89' lang='lat' dir='ltr'>mumnihil</span> <span class='ocrx_word' id='word_1_172' title='bbox 207 2563 293 2617; x_wconf 85' lang='lat' dir='ltr'>extre</span> <span class='ocrx_word' id='word_1_173' title='bbox 303 2575 337 2618; x_wconf 91' lang='lat' dir='ltr'>se</span> <span class='ocrx_word' id='word_1_174' title='bbox 348 2564 539 2640; x_wconf 70' lang='lat' dir='ltr'>querentem</span> <span class='ocrx_word' id='word_1_175' title='bbox 550 2551 689 2618; x_wconf 86' lang='lat' dir='ltr'>exerceri</span> <span class='ocrx_word' id='word_1_176' title='bbox 702 2550 816 2628; x_wconf 87' lang='lat' dir='ltr'>dicitis,</span> <span class='ocrx_word' id='word_1_177' title='bbox 830 2547 946 2635; x_wconf 86' lang='lat' dir='ltr'>(Vestri</span> <span class='ocrx_word' id='word_1_178' title='bbox 956 2548 1042 2614; x_wconf 87' lang='lat' dir='ltr'>euim</span> 
     </span>
     <span class='ocr_line' id='line_1_23' title="bbox 13 2657 1042 2750; baseline -0.006 -24"><span class='ocrx_word' id='word_1_179' title='bbox 13 2659 198 2750; x_wconf 91' lang='lat' dir='ltr'>philosophi</span> <span class='ocrx_word' id='word_1_180' title='bbox 212 2671 334 2728; x_wconf 89' lang='lat' dir='ltr'>tautum</span> <span class='ocrx_word' id='word_1_181' title='bbox 349 2662 464 2727; x_wconf 84' lang='lat' dir='ltr'>obsunt</span> <span class='ocrx_word' id='word_1_182' title='bbox 478 2662 519 2728; x_wconf 88' lang='lat' dir='ltr'>ab</span> <span class='ocrx_word' id='word_1_183' title='bbox 534 2661 596 2728; x_wconf 91' lang='lat' dir='ltr'>hoc</span> <span class='ocrx_word' id='word_1_184' title='bbox 610 2659 728 2740; x_wconf 82' lang='lat' dir='ltr'>studio,</span> <span class='ocrx_word' id='word_1_185' title='bbox 740 2672 776 2725; x_wconf 92' lang='lat' dir='ltr'>ut</span> <span class='ocrx_word' id='word_1_186' title='bbox 788 2657 955 2747; x_wconf 83' lang='lat' dir='ltr'>quotannis</span> <span class='ocrx_word' id='word_1_187' title='bbox 966 2679 1042 2721; x_wconf 90' lang='lat' dir='ltr'>non-</span> 
     </span>
     <span class='ocr_line' id='line_1_24' title="bbox 13 2761 1041 2858; baseline -0.008 -22"><span class='ocrx_word' id='word_1_188' title='bbox 13 2767 95 2836; x_wconf 91' lang='lat' dir='ltr'>nulli</span> <span class='ocrx_word' id='word_1_189' title='bbox 117 2792 135 2832; x_wconf 92' lang='lat' dir='ltr'>a</span> <span class='ocrx_word' id='word_1_190' title='bbox 157 2766 373 2835; x_wconf 86' lang='lat' dir='ltr'>Romanorum</span> <span class='ocrx_word' id='word_1_191' title='bbox 388 2791 461 2858; x_wconf 75' lang='lat' dir='ltr'>rege</span> <span class='ocrx_word' id='word_1_192' title='bbox 481 2782 644 2835; x_wconf 82' lang='lat' dir='ltr'>sexcentos</span> <span class='ocrx_word' id='word_1_193' title='bbox 659 2790 770 2848; x_wconf 72' lang='lat' dir='ltr'>aurcos</span> <span class='ocrx_word' id='word_1_194' title='bbox 785 2765 953 2853; x_wconf 87' lang='lat' dir='ltr'>accipiant,</span> <span class='ocrx_word' id='word_1_195' title='bbox 968 2761 1041 2830; x_wconf 81' lang='lat' dir='ltr'>uul-</span> 
     </span>
     <span class='ocr_line' id='line_1_25' title="bbox 13 2867 1038 2963; baseline -0.009 -22"><span class='ocrx_word' id='word_1_196' title='bbox 13 2877 79 2942; x_wconf 87' lang='lat' dir='ltr'>lam</span> <span class='ocrx_word' id='word_1_197' title='bbox 90 2871 133 2939; x_wconf 83' lang='lat' dir='ltr'>ad</span> <span class='ocrx_word' id='word_1_198' title='bbox 144 2897 213 2940; x_wconf 89' lang='lat' dir='ltr'>rem</span> <span class='ocrx_word' id='word_1_199' title='bbox 224 2871 346 2950; x_wconf 88' lang='lat' dir='ltr'>utilem,</span> <span class='ocrx_word' id='word_1_200' title='bbox 358 2873 413 2940; x_wconf 88' lang='lat' dir='ltr'>sed</span> <span class='ocrx_word' id='word_1_201' title='bbox 420 2867 465 2940; x_wconf 68' lang='lat' dir='ltr'>&#39;nc</span> <span class='ocrx_word' id='word_1_202' title='bbox 476 2874 570 2963; x_wconf 83' lang='lat' dir='ltr'>gratis</span> <span class='ocrx_word' id='word_1_203' title='bbox 578 2873 712 2940; x_wconf 87' lang='lat' dir='ltr'>barbam</span> <span class='ocrx_word' id='word_1_204' title='bbox 722 2868 908 2960; x_wconf 79' lang='lat' dir='ltr'>promissam</span> <span class='ocrx_word' id='word_1_205' title='bbox 919 2879 1038 2958; x_wconf 77' lang='lat' dir='ltr'>gerent.</span> 
     </span>
     <span class='ocr_line' id='line_1_26' title="bbox 13 2978 1042 3070; baseline -0.008 -22"><span class='ocrx_word' id='word_1_206' title='bbox 13 2985 173 3048; x_wconf 82' lang='lat' dir='ltr'>Crescens</span> <span class='ocrx_word' id='word_1_207' title='bbox 188 2981 316 3070; x_wconf 87' lang='lat' dir='ltr'>quidem</span> <span class='ocrx_word' id='word_1_208' title='bbox 331 2979 396 3057; x_wconf 90' lang='lat' dir='ltr'>ille,</span> <span class='ocrx_word' id='word_1_209' title='bbox 416 2981 519 3070; x_wconf 88' lang='lat' dir='ltr'>quiin</span> <span class='ocrx_word' id='word_1_210' title='bbox 533 3004 646 3069; x_wconf 82' lang='lat' dir='ltr'>magua</span> <span class='ocrx_word' id='word_1_211' title='bbox 663 2981 742 3045; x_wconf 92' lang='lat' dir='ltr'>urbe</span> <span class='ocrx_word' id='word_1_212' title='bbox 756 2978 867 3044; x_wconf 88' lang='lat' dir='ltr'>nidum</span> <span class='ocrx_word' id='word_1_213' title='bbox 882 2988 1042 3068; x_wconf 84' lang='lat' dir='ltr'>posuerat,</span> 
     </span>
     <span class='ocr_line' id='line_1_27' title="bbox 13 3083 1044 3179; baseline -0.006 -25"><span class='ocrx_word' id='word_1_214' title='bbox 13 3111 196 3179; x_wconf 87' lang='lat' dir='ltr'>puerorum</span> <span class='ocrx_word' id='word_1_215' title='bbox 210 3111 317 3154; x_wconf 90' lang='lat' dir='ltr'>amore</span> <span class='ocrx_word' id='word_1_216' title='bbox 332 3090 499 3175; x_wconf 83' lang='lat' dir='ltr'>superabat</span> <span class='ocrx_word' id='word_1_217' title='bbox 510 3109 632 3162; x_wconf 87' lang='lat' dir='ltr'>omnes,</span> <span class='ocrx_word' id='word_1_218' title='bbox 644 3098 677 3151; x_wconf 88' lang='lat' dir='ltr'>et</span> <span class='ocrx_word' id='word_1_219' title='bbox 687 3084 816 3152; x_wconf 89' lang='lat' dir='ltr'>omnino</span> <span class='ocrx_word' id='word_1_220' title='bbox 829 3083 970 3175; x_wconf 81' lang='lat' dir='ltr'>pecuuiae</span> <span class='ocrx_word' id='word_1_221' title='bbox 981 3093 1044 3148; x_wconf 85' lang='lat' dir='ltr'>stu-</span> 
     </span>
     <span class='ocr_line' id='line_1_28' title="bbox 13 3193 1042 3283; baseline -0.006 -21"><span class='ocrx_word' id='word_1_222' title='bbox 13 3199 73 3262; x_wconf 92' lang='lat' dir='ltr'>dio</span> <span class='ocrx_word' id='word_1_223' title='bbox 88 3206 230 3260; x_wconf 80' lang='lat' dir='ltr'>attentus</span> <span class='ocrx_word' id='word_1_224' title='bbox 242 3206 318 3260; x_wconf 87' lang='lat' dir='ltr'>erat.</span> <span class='ocrx_word' id='word_1_225' title='bbox 332 3195 395 3262; x_wconf 89' lang='lat' dir='ltr'>lste</span> <span class='ocrx_word' id='word_1_226' title='bbox 405 3208 512 3264; x_wconf 89' lang='lat' dir='ltr'>autem</span> <span class='ocrx_word' id='word_1_227' title='bbox 526 3197 636 3263; x_wconf 88' lang='lat' dir='ltr'>mortis</span> <span class='ocrx_word' id='word_1_228' title='bbox 647 3205 845 3283; x_wconf 88' lang='lat' dir='ltr'>contemptor</span> <span class='ocrx_word' id='word_1_229' title='bbox 856 3193 898 3260; x_wconf 87' lang='lat' dir='ltr'>ite</span> <span class='ocrx_word' id='word_1_230' title='bbox 909 3204 1042 3260; x_wconf 89' lang='lat' dir='ltr'>mortem</span> 
     </span>
     <span class='ocr_line' id='line_1_29' title="bbox 13 3297 1043 3383; baseline -0.005 -11"><span class='ocrx_word' id='word_1_231' title='bbox 13 3305 199 3380; x_wconf 82' lang='lat' dir='ltr'>metuebat,</span> <span class='ocrx_word' id='word_1_232' title='bbox 212 3317 247 3369; x_wconf 94' lang='lat' dir='ltr'>ut</span> <span class='ocrx_word' id='word_1_233' title='bbox 258 3327 328 3370; x_wconf 85' lang='lat' dir='ltr'>eam</span> <span class='ocrx_word' id='word_1_234' title='bbox 338 3304 357 3370; x_wconf 85' lang='lat' dir='ltr'>J</span> <span class='ocrx_word' id='word_1_235' title='bbox 361 3307 476 3383; x_wconf 87' lang='lat' dir='ltr'>ustino,</span> <span class='ocrx_word' id='word_1_236' title='bbox 489 3329 552 3374; x_wconf 89' lang='lat' dir='ltr'>uon</span> <span class='ocrx_word' id='word_1_237' title='bbox 563 3297 654 3374; x_wconf 84' lang='lat' dir='ltr'>secus</span> <span class='ocrx_word' id='word_1_238' title='bbox 664 3327 703 3373; x_wconf 89' lang='lat' dir='ltr'>ac</span> <span class='ocrx_word' id='word_1_239' title='bbox 713 3301 804 3382; x_wconf 88' lang='lat' dir='ltr'>milri,</span> <span class='ocrx_word' id='word_1_240' title='bbox 819 3301 914 3371; x_wconf 82' lang='lat' dir='ltr'>veluti</span> <span class='ocrx_word' id='word_1_241' title='bbox 925 3300 1043 3368; x_wconf 86' lang='lat' dir='ltr'>melum</span> 
     </span>
     <span class='ocr_line' id='line_1_30' title="bbox 13 3410 1044 3502; baseline -0.008 -20"><span class='ocrx_word' id='word_1_242' title='bbox 13 3413 165 3502; x_wconf 82' lang='lat' dir='ltr'>aliquod,</span> <span class='ocrx_word' id='word_1_243' title='bbox 178 3413 461 3482; x_wconf 84' lang='lat' dir='ltr'>machinationibus</span> <span class='ocrx_word' id='word_1_244' title='bbox 470 3415 585 3482; x_wconf 81' lang='lat' dir='ltr'>inferre</span> <span class='ocrx_word' id='word_1_245' title='bbox 595 3427 725 3484; x_wconf 81' lang='lat' dir='ltr'>conotus</span> <span class='ocrx_word' id='word_1_246' title='bbox 736 3412 870 3500; x_wconf 88' lang='lat' dir='ltr'>sit,quia</span> <span class='ocrx_word' id='word_1_247' title='bbox 882 3410 1044 3478; x_wconf 84' lang='lat' dir='ltr'>veritatem</span> 
     </span>
     <span class='ocr_line' id='line_1_31' title="bbox 13 3519 1125 3614; baseline -0.008 -22"><span class='ocrx_word' id='word_1_248' title='bbox 13 3524 198 3592; x_wconf 77' lang='lat' dir='ltr'>›raedicans</span> <span class='ocrx_word' id='word_1_249' title='bbox 212 3521 292 3614; x_wconf 73' lang='lat' dir='ltr'>gulae</span> <span class='ocrx_word' id='word_1_250' title='bbox 307 3537 340 3592; x_wconf 88' lang='lat' dir='ltr'>ct</span> <span class='ocrx_word' id='word_1_251' title='bbox 354 3523 470 3592; x_wconf 86' lang='lat' dir='ltr'>sruudis</span> <span class='ocrx_word' id='word_1_252' title='bbox 483 3523 685 3614; x_wconf 87' lang='lat' dir='ltr'>philosophos</span> <span class='ocrx_word' id='word_1_253' title='bbox 700 3523 861 3614; x_wconf 77' lang='lat' dir='ltr'>arguebat.</span> <span class='ocrx_word' id='word_1_254' title='bbox 881 3519 1043 3600; x_wconf 85' lang='lat' dir='ltr'>Quosnam</span> <span class='ocrx_word' id='word_1_255' title='bbox 1123 3521 1125 3530; x_wconf 80' lang='grc'><strong>“</strong></span> 
     </span>
     <span class='ocr_line' id='line_1_32' title="bbox 13 3627 1042 3724; baseline -0.008 -23"><span class='ocrx_word' id='word_1_256' title='bbox 13 3647 127 3702; x_wconf 76' lang='lat' dir='ltr'>tutem</span> <span class='ocrx_word' id='word_1_257' title='bbox 144 3632 419 3724; x_wconf 89' lang='lat' dir='ltr'>philosophorum,</span> <span class='ocrx_word' id='word_1_258' title='bbox 435 3635 493 3700; x_wconf 90' lang='lat' dir='ltr'>nisi</span> <span class='ocrx_word' id='word_1_259' title='bbox 508 3659 565 3701; x_wconf 89' lang='lat' dir='ltr'>uos</span> <span class='ocrx_word' id='word_1_260' title='bbox 581 3632 661 3700; x_wconf 91' lang='lat' dir='ltr'>solos</span> <span class='ocrx_word' id='word_1_261' title='bbox 679 3633 825 3717; x_wconf 80' lang='lat' dir='ltr'>insectari</span> <span class='ocrx_word' id='word_1_262' title='bbox 841 3627 999 3719; x_wconf 78' lang='lat' dir='ltr'>solebatl)</span> <span class='ocrx_word' id='word_1_263' title='bbox 1017 3629 1042 3694; x_wconf 91' lang='lat' dir='ltr'>si</span> 
     </span>
     <span class='ocr_line' id='line_1_33' title="bbox 13 3739 1043 3828; baseline -0.008 -18"><span class='ocrx_word' id='word_1_264' title='bbox 13 3753 160 3810; x_wconf 87' lang='lat' dir='ltr'>nortem</span> <span class='ocrx_word' id='word_1_265' title='bbox 177 3743 378 3809; x_wconf 88' lang='lat' dir='ltr'>metuendam</span> <span class='ocrx_word' id='word_1_266' title='bbox 394 3766 458 3810; x_wconf 90' lang='lat' dir='ltr'>non</span> <span class='ocrx_word' id='word_1_267' title='bbox 475 3765 543 3808; x_wconf 86' lang='lat' dir='ltr'>csse</span> <span class='ocrx_word' id='word_1_268' title='bbox 558 3741 673 3817; x_wconf 89' lang='lat' dir='ltr'>dicitis,</span> <span class='ocrx_word' id='word_1_269' title='bbox 690 3741 823 3828; x_wconf 82' lang='lat' dir='ltr'>decretis</span> <span class='ocrx_word' id='word_1_270' title='bbox 836 3739 949 3806; x_wconf 84' lang='lat' dir='ltr'>nostris</span> <span class='ocrx_word' id='word_1_271' title='bbox 964 3761 1043 3804; x_wconf 91' lang='lat' dir='ltr'>con-</span> 
     </span>
     <span class='ocr_line' id='line_1_34' title="bbox 13 3849 1043 3942; baseline -0.01 -22"><span class='ocrx_word' id='word_1_272' title='bbox 13 3851 209 3925; x_wconf 76' lang='lat' dir='ltr'>ontientcst</span> <span class='ocrx_word' id='word_1_273' title='bbox 234 3875 275 3918; x_wconf 91' lang='lat' dir='ltr'>ne</span> <span class='ocrx_word' id='word_1_274' title='bbox 295 3864 444 3928; x_wconf 88' lang='lat' dir='ltr'>mortem,</span> <span class='ocrx_word' id='word_1_275' title='bbox 460 3864 496 3918; x_wconf 93' lang='lat' dir='ltr'>ut</span> <span class='ocrx_word' id='word_1_276' title='bbox 516 3851 731 3928; x_wconf 82' lang='lat' dir='ltr'>Anaxarchus,</span> <span class='ocrx_word' id='word_1_277' title='bbox 753 3863 880 3942; x_wconf 91' lang='lat' dir='ltr'>propter</span> <span class='ocrx_word' id='word_1_278' title='bbox 899 3849 1043 3915; x_wconf 90' lang='lat' dir='ltr'>insanum</span> 
     </span>
    </p>
   </div>
   <div class='ocr_carea' id='block_1_5' title="bbox 0 0 1320 4614">
    <p class='ocr_par' dir='ltr' id='par_1_5' title="bbox 0 0 1320 4614">
     <span class='ocr_line' id='line_1_35' title="bbox 0 0 1320 4614; baseline 0 1"><span class='ocrx_word' id='word_1_279' title='bbox 0 0 1320 4614; x_wconf 95' lang='lat' dir='ltr'> </span> 
     </span>
    </p>
   </div>
  </div>
 </body>
</html>
