2616 4620
344 313 406 388 erl,
723 331 846 374 arram
869 331 1035 374 ιιιιιιειο

343 447 478 528 quatuor
491 447 523 504 et
538 437 646 526 viginti
662 435 824 526 triangulis
839 436 1093 526 mungulis
1108 435 1204 524 periri
1232 451 1233 500 t

343 548 439 636 equs
458 545 607 612 lateribus
627 547 797 620 contineri:
820 547 1136 636 unumquodque
1153 560 1213 610 anta
1232 569 1233 610 t

343 679 415 722 rum
432 678 487 722 sex
504 654 667 745 triangulis
685 653 874 746 rectangulis
894 669 1118 723 connere-
1142 655 1233 718 Undat

342 762 418 830 midi
436 761 619 829 assimilant.
640 762 755 830 Aerem
771 775 878 830 autem
896 775 1015 830 octo
1040 776 1085 829 et
1109 765 1233 852 qudr:

342 869 504 960 triangulis
523 869 659 960 impleri,
681 883 714 936 et
732 871 905 960 aequalibus
939 871 1148 938 lateribus
1170 885 1227 935 ocu

342 977 539 1068 AEquiparari
560 991 666 1048 autem
685 979 793 1069 figurae
813 991 1057 1047 octonorum
1086 1003 1233 1045 munau

341 1087 504 1180 triangulis
523 1090 690 1182 aequalium
708 1088 843 1158 laterum
861 1092 1144 1163 contineatur,
1164 1112 1233 1176 quor

343 1198 375 1264 in
387 1221 441 1266 sex
451 1210 555 1266 rectos
570 1199 699 1289 angulos
711 1199 900 1270 dividantur.
918 1201 1087 1290 Itaque
1102 1197 1233 1286 angulis

342 1320 416 1375 octo
428 1320 461 1374 et
471 1307 687 1400 quadraginta.
704 1309 829 1398 Aquam
839 1323 960 1377 autem
985 1321 1158 1376 centum
1170 1303 1234 1394 etsi

341 1417 423 1493 neri,
439 1429 472 1486 et
487 1419 662 1508 comparari
677 1418 785 1510 ligure
804 1420 913 1523 viginti
929 1443 1146 1492 sessanum,
1166 1437 1226 1504 qut

341 1527 402 1593 bus
426 1537 561 1603 constat,
586 1540 619 1594 at
643 1524 805 1618 triangulis
820 1551 1015 1617 equorum
1051 1527 1234 1594 taremms

341 1633 420 1733 giuti
421 1679 1086 1702 ..................
1119 1631 1234 1698 ,Ξῦιι

342 1739 453 1828 perlici
468 1739 636 1808 duodecim
647 1741 888 1832 quinquangulis
899 1742 1114 1832 aequalium
1125 1739 1234 1806 taram

341 1845 781 1938 lomesaehguraeduodocim
792 1873 946 1918 semum
971 1850 1145 1918 Terram
1156 1841 1234 1960 compl

341 1955 419 2054 gulis
436 1969 509 2024 octo
524 1969 557 2023 et
572 1959 778 2048 quadraginta
796 1981 805 2025 ε
829 1962 997 2030 contineri
1025 1971 1155 2028 autem
1169 1972 1227 2021 sas
1221 1975 1234 2013 ι

342 2065 509 2154 aequalium
525 2065 672 2144 laterum,
688 2078 721 2132 et
735 2069 817 2134 cubo
830 2067 966 2134 similem
980 2091 1087 2135 esse.
1111 2066 1234 2131 Calua-1

342 2176 563 2266 quadrangulis
578 2177 745 2251 contineri,
764 2200 900 2265 quorum
915 2177 1051 2268 singuli
1067 2187 1200 2265 quatuor
1207 2171 1234 2230 tt*

340 2284 499 2352 habeant:
518 2298 553 2351 ut
567 2287 747 2372 summatim
763 2288 868 2352 omnia
882 2285 961 2353 liant
976 2298 1147 2378 quatuor
1158 2297 1188 2347 et
1198 2273 1234 2340 c*

385 2391 442 2458 lX.
467 2391 622 2460 Mundum
643 2395 739 2485 igitur
758 2393 951 2484 Pythagoraa
971 2395 1026 2461 ita
1052 2341 1235 2462 metitur-'l

341 2523 467 2568 rursum
478 2503 608 2570 numine
622 2504 758 2579 afflatus,
773 2504 916 2579 domum,
930 2506 1099 2594 patriam,
1115 2505 1226 2566 naono

341 2622 523 2692 contemno,
545 2634 649 2698 neque
667 2610 800 2700 amplius
822 2633 900 2678 curo
921 2635 930 2676 :
954 2635 1081 2678 verum
1106 2612 1140 2675 in
1163 2607 1221 2692 ipen

339 2743 409 2788 tem
426 2719 563 2788 ascendo
580 2732 613 2785 et
629 2721 738 2786 cubito
752 2743 771 2786 a
785 2718 962 2809 Pythagora
979 2733 1133 2809 sumpto,
1152 2717 1215 2801 ignffl

340 2829 466 2918 incipio.
488 2830 555 2898 Nec
572 2831 658 2896 onim
676 2832 750 2898 satis
768 2843 816 2898 est
836 2831 940 2896 metiri
958 2833 1083 2900 Jovem
1102 2852 1111 2893 a
1133 2815 1222 2892 ,edas

339 2961 398 3026 ego
416 2961 566 3028 magnum
583 2937 661 3003 illud
680 2938 809 3015 animal,
825 2963 974 3028 magnum
995 2962 1131 3030 corpus,
1149 2947 1222 3014 magua

339 3067 421 3120 mus,
437 3047 503 3134 ipse
519 3047 551 3113 in
566 3045 683 3114 cutum
698 3071 827 3124 venero,
842 3060 874 3114 et
885 3047 1034 3116 dimetiar
1046 3048 1194 3116 :etheron
1204 3036 1224 3094 't'

339 3153 453 3228 toris
443 3157 621 3245 imperium.
646 3157 705 3224 Ubi
724 3182 851 3225 mensus
871 3159 971 3236 luero,
991 3173 1025 3226 et
1043 3157 1162 3243 Jupiter
1174 3159 1223 3210 οῦ

338 3266 482 3353 gnoverit
506 3279 583 3354 quot
600 3266 729 3357 angulos
749 3268 888 3334 haheat
879 3267 971 3357 iguis,
995 3290 1108 3334 rursus
1129 3284 1160 3328 er
1176 3247 1219 3318 aul
1194 3265 1235 3444 ΨΙ

340 3372 465 3441 cando:
487 3384 519 3438 ct
534 3371 629 3440 olivas
645 3373 827 3452 comedens,
846 3374 939 3452 licus,
957 3399 997 3442 ac
1013 3376 1111 3449 olera,
1127 3371 1225 3457 qamtll

264 3511 268 3522 ·
338 3479 380 3549 od
399 3504 512 3570 aquam
530 3484 740 3562 manentiam,
762 3484 995 3575 etperulnam
1014 3478 1221 3570 etdigituntlt

337 3584 483 3676 digitum,
503 3590 667 3658 humidam
684 3605 831 3660 naturum
848 3594 962 3660 metior
979 3605 1013 3659 et
1029 3583 1224 3684 parentato

337 3710 487 3787 supputo,
503 3711 538 3766 ut
553 3701 735 3790 Neptunum
746 3725 873 3791 quoque
888 3703 1022 3770 doceam
1028 3685 1224 3794 qmntunalli

337 3806 388 3872 cui
405 3808 546 3898 imperat.
567 3813 646 3880 Nam
661 3825 778 3880 terram
791 3814 922 3902 quidem
933 3785 1227 3882 universsmuaaltl

335 3927 367 3980 et
381 3939 549 3986 numerum
562 3922 632 4010 ejus
642 3921 769 4012 colligo,
780 3935 813 3990 et
826 3947 1021 4003 mensuram,
1038 3938 1070 3992 et
1082 3923 1172 4008 figurat
1168 3901 1221 3970 Μ
