2492 4632
354 337 477 383 coarat
502 337 652 384 sanuses.
955 321 1020 401 tot

5 467 69 510 ‚us
88 445 325 536 inoreejus¹;
338 447 574 538 »principatum
584 459 693 516 autem
702 445 819 516 babeat
829 469 941 518 eorum
950 471 1021 541 quc

23 555 118 622 sub
143 567 243 633 terre,
259 556 326 646 ipsc
337 556 567 646 primogenitus
582 567 785 628 mortuorum
795 555 897 626 fuctus
913 581 922 624 r
937 571 970 626 ot
985 573 1022 628 ut

5 677 114 732 rent
131 667 260 744 omnia,
269 665 541 755 quemadmodum
552 666 870 757 prediximus,auum
880 665 1001 760 Regem
1007 695 1018 744 ς

8 783 26 839 t
57 773 110 840 in
144 798 243 844 cerne
263 775 392 872 Domini
415 777 516 844 nostri
537 789 837 868 occurratpaterm
857 776 925 855 lux,
949 789 1021 850 eta

5 905 38 948 ie
62 885 165 974 ejus
181 883 276 954 rutiia
289 885 395 957 veniat
410 885 443 953 in
458 897 580 964 non-ct
593 886 640 954 sic
654 886 751 956 homo
766 887 913 960 deveniat
927 889 961 959 in
976 893 1023 960 iu·

5 994 213 1084 mpteiam,
225 994 442 1063 circumdatus
456 1005 590 1086 paterno
604 995 735 1066 lumine.

5 1105 52 1170 [Ι.
87 1107 148 1172 Et
172 1107 323 1195 quoniam
343 1105 499 1185 Verbum.
524 1106 643 1185 idest,
667 1108 779 1187 Filius,
800 1133 926 1204 semper
947 1135 1022 1181 cum

5 1237 43 1279 re
64 1226 174 1291 erat,
190 1237 248 1304 por
261 1214 361 1282 multa
374 1215 672 1297 demonstravimus.
688 1217 851 1299 Quoniam
866 1235 976 1293 autem
989 1234 1023 1292 et

7 1323 160 1400 ientiu,
184 1346 253 1413 quae
271 1337 319 1392 est
337 1322 488 1416 Spiritus,
508 1340 577 1394 erat
594 1325 681 1416 apud
701 1349 777 1394 eum
798 1343 872 1396 ante
893 1354 1023 1400 omnem

5 1435 259 1511 stitutionem,
279 1459 338 1525 per
356 1435 560 1505 Salomonem
576 1438 638 1504 ait:
664 1440 772 1506 «Deus
788 1442 940 1531 sapientia
953 1443 1024 1511 fun·

5 1545 81 1611 avit
96 1557 242 1621 terrum,
255 1545 377 1634 paravit
389 1557 496 1614 eutem
508 1545 627 1615 coeium
639 1549 819 1638 prudentie.
839 1551 941 1624 Sensu
952 1554 1023 1642 ejus

5 1656 110 1742 byssi
137 1667 329 1744 eruperunt,
355 1657 457 1722 nubes
482 1668 831 1734 autemmenaverunt
847 1659 961 1727 ros².r
984 1663 1025 1728 Et

5 1789 107 1832 sus:
138 1763 322 1832 «Dominus
344 1765 463 1832 creavit
481 1787 534 1831 me
547 1765 741 1856 principium
756 1767 879 1834 viarum
895 1791 1025 1837 suerum

5 1899 21 1940 a
35 1897 153 1966 opera
170 1872 608 1950 sue,autesaeculab1ndavit
622 1859 736 1953 morin
751 1876 1024 1967 initioautequam

5 2008 129 2052 ,errem
146 1985 278 2062 iaceret,
294 1986 480 2074 priusquam
494 1985 625 2074 abyssos
640 1985 861 2063 constitueret,
878 1997 911 2052 et
924 1988 1026 2077 prius-

5 2119 103 2184 [uam
131 2094 345 2184 procederent
371 2094 474 2161 fontes
503 2115 672 2184 aquarum,
699 2107 871 2183 antequem
900 2109 1025 2166 montes

5 2205 284 2274 :oniirmarentur
299 2228 306 2270 :
329 2217 403 2272 ante
418 2228 529 2274 omncs
543 2218 652 2272 autem
667 2204 764 2273 colles
779 2209 890 2296 genuit
904 2232 957 2276 me
966 2209 1019 2275 ’.ι

5 2341 8 2378 ι
25 2317 180 2382 iterum:
198 2314 305 2383 «Cum
321 2327 446 2405 pareret
463 2315 597 2393 celum,
616 2337 705 2384 crem
723 2316 881 2398 camillo,
901 2331 1026 2390 etcum

5 2425 126 2493 iirmos
145 2425 263 2494 iaceret
280 2424 383 2492 sontes
403 2425 522 2514 abyssi,
544 2423 674 2515 quando
692 2425 784 2494 sortia
802 2427 939 2496 iaciebat
954 2429 1025 2500 fun·

8 2535 167 2602 stramenta
186 2547 291 2613 tcrrae,
314 2557 412 2602 eram.
422 2534 508 2625 apud
529 2557 605 2602 eum
624 2547 748 2626 aptans.
771 2535 840 2627 Ego
860 2559 950 2604 eram
970 2539 1024 2606 cai

8 2644 226 2734 adgaudebat,
246 2645 391 2737 quotidie
410 2657 518 2717 autem
531 2643 662 2712 taeubu
680 2657 755 2712 aute
773 2644 889 2713 seciam
906 2647 976 2734 ejus
991 2646 1025 2714 iu

7 2756 105 2820 omni
119 2766 273 2846 tempore,
293 2779 368 2823 cum
383 2754 545 2823 iaeteretur
558 2755 637 2822 orbe
651 2754 807 2844 perfecto.
823 2766 856 2822 et
869 2755 1025 2844 jucunda·

7 2867 111 2932 batur
125 2867 159 2934 in
174 2865 246 2935 tiliis
260 2868 428 2936 hominum
438 2866 461 2933 ⁸.
476 2897 489 2930 ι

27 2974 82 3044 IV.
105 2975 193 3044 Unus
204 2977 301 3068 igitur
312 2977 411 3055 Deus,
428 2977 483 3066 qui
499 2973 605 3043 Verbo
617 2985 650 3040 et
665 2971 827 3064 Sapientia
839 2973 915 3042 iecit
928 2987 961 3042 et
973 2999 1026 3068 alr

5 3085 60 3152 rsit
79 3088 217 3155 omnia:
242 3087 296 3156 bic
315 3100 364 3154 est
383 3099 491 3154 autem
511 3085 716 3176 Demiurgus.
739 3086 794 3174 qui
814 3097 847 3152 et
867 3087 1025 3154 mundum

6 3219 69 3265 unc
88 3198 238 3264 attribuit
256 3197 399 3264 humano
418 3197 540 3288 generi,
560 3195 615 3284 qui
636 3194 811 3263 secuudum
830 3195 1025 3284 magnitudi-

5 3328 56 3374 cm
72 3308 208 3399 quidem
222 3309 349 3398 ignotus
371 3319 419 3374 est
434 3306 584 3374 omnibus
599 3305 649 3374 bis
667 3305 722 3397 qui
736 3307 777 3372 ab
794 3329 833 3371 eo
853 3304 928 3373 sacti
950 3320 1025 3377 sunt

5 3441 102 3486 nemo
123 3419 212 3486 enim
233 3418 431 3508 investigavit
452 3415 654 3484 altitudinem
676 3417 759 3506 ejus,
784 3437 845 3482 uec
866 3429 1023 3495 veterum,

5 3528 39 3610 ui
56 3528 260 3618 quieverunt,
277 3551 337 3596 uec
351 3549 465 3594 corum
476 3527 530 3614 qui
542 3549 630 3594 nuuc
644 3529 737 3614 sunt)
754 3549 762 3590 :
779 3525 958 3598 secuudum
970 3550 1025 3596 au·

5 3657 50 3702 em
73 3638 280 3707 dilectionem
295 3637 500 3728 cognoscitur
521 3661 659 3730 semper,
678 3660 737 3726 per
756 3659 830 3702 eum
850 3659 1024 3728 perquem

5 3749 151 3816 onstituit
172 3751 290 3818 omnia.
317 3751 373 3816 Est
395 3760 503 3816 autem
524 3748 579 3816 hic
597 3746 741 3816 Verbum
763 3747 846 3837 ejus,
867 3747 1024 3820 Dominus

20 3875 29 3910 ¹
44 3893 53 3927 ι
67 3879 123 3930 Pet.
137 3897 166 3940 u,
178 3897 219 3932 ar.
229 3909 260 3920 --
270 3879 281 3916 ²
291 3881 363 3934 Prot.
378 3899 417 3942 ru,
432 3897 520 3948 19,so.
533 3879 668 3934 atron
682 3871 1024 3954 ntrflsetscqq3-‘1tae'd-

5 3977 24 4026 '7
37 3971 60 4012 et
73 3981 147 4032 seqq.

68 4072 102 4118 11.
