2616 4620
338 212 399 297 ¹74
677 225 702 274 s.
729 229 757 274 r.
785 227 815 274 n.
840 226 1012 276 renormat

331 337 503 410 innumeris
513 335 614 402 amice
630 336 712 402 iuter
722 359 756 403 ae
771 347 804 404 et
819 348 1034 404 consentanee
1050 335 1247 416 dbenntilmt

332 450 416 518 enim
428 446 480 534 qui
492 443 612 520 volunt,
628 443 654 510 si
667 465 777 510 eorum
789 445 872 512 dicta
896 444 1076 521 consulent,
1086 447 1247 514 ver-imenso·

333 572 400 626 rato
420 575 623 644 cognoscere,
643 576 704 620 nec
721 555 955 643 cogitationum
970 568 1049 620 aestu
1064 568 1094 621 et
1108 559 1247 644 operosius

290 658 292 668 γ
331 667 441 755 abripi.
457 664 495 729 tti
508 663 600 752 igitur
611 684 689 748 quos
707 663 912 751 praediximua
932 662 1096 750 Prophetae
1106 665 1173 752 apnd
1186 666 1246 731 tlon

332 778 513 847 extiterunt,
525 768 662 836 illiterati
674 770 819 836 homines
830 783 863 836 et
877 784 1027 860 pastores
1037 782 1069 835 et
1078 772 1195 858 impen‘ti.

374 880 524 952 XXXVI.
546 877 665 967 Sibylla
689 889 807 953 autem,
833 901 902 967 quae
927 879 1019 966 apud
1037 878 1149 944 Grecos
1164 891 1186 944 et
1199 893 1244 945 tates

332 1006 439 1085 gentes
453 1000 537 1057 vates
552 986 666 1063 extitit,
684 987 731 1053 sie
747 987 837 1053 initio
853 987 1035 1078 prophetiae
1052 1011 1111 1052 suae
1126 988 1153 1054 in
1169 987 1245 1052 bunnae

332 1125 429 1194 genus
444 1096 621 1167 invehitura

408 1254 546 1322 Homines
557 1253 692 1315 mortales
703 1269 732 1314 et
746 1257 851 1328 carnei,
864 1257 914 1336 qui
929 1255 1009 1316 nibil
1023 1257 1102 1330 estis,

410 1355 566 1436 Quomodo
576 1354 633 1412 cito
645 1355 806 1426 ellerimini,
818 1356 886 1415 vitae
896 1357 987 1416 finem
1003 1377 1062 1414 non
1076 1352 1221 1432 {respicientesl

409 1463 475 1520 Non
483 1453 613 1524 tremitis,
620 1474 671 1514 nec
679 1455 787 1514 timetis
794 1457 886 1514 Deum
894 1455 1088 1535 inspectorem
1095 1465 1198 1515 nemun.
1211 1449 1237 1526 [ἔτ

409 1556 596 1624 Altissimum,
607 1554 795 1631 cognitorem,
808 1555 937 1612 omnium
954 1554 1160 1633 speculatorem,
1169 1563 1238 1605 torn:

409 1653 587 1714 Numitorem
598 1653 739 1725 omnium,
750 1666 920 1727 creatorem,
929 1655 984 1732 qui
993 1653 1102 1712 dulcem
1111 1647 1234 1729 spin'tunir‘t

407 1752 517 1822 Posuit,
529 1761 558 1809 et
571 1749 673 1808 ducem
687 1752 850 1810 mortalium
862 1753 997 1810 omnium
1010 1747 1161 1810 coustituit?
1210 1744 1233 1818 Ϊῑ·

408 1857 491 1912 Unus
504 1855 592 1922 Dens,
605 1849 655 1928 qui
672 1850 749 1909 solus
762 1851 894 1928 imperat,
909 1848 1128 1928 magnitudinem
1138 1841 1235 1903 exoedffl

410 1945 609 2022 Omnipotens,
621 1944 783 2020 invisibilis,
796 1945 896 2006 videns
910 1947 993 2006 solus
1007 1947 1069 2024 ipse
1079 1943 1166 2012 omnia,
1189 1938 1235 2014 lt&

408 2053 474 2128 Ipse
491 2058 584 2103 antem
600 2064 658 2102 non
674 2046 788 2105 videtur
801 2047 839 2106 ab
852 2048 912 2106 ulla
929 2068 1024 2108 carne
1035 2043 1143 2106 mortali.

410 2153 484 2222 Quae
496 2144 571 2202 enim
585 2163 653 2202 caro
670 2157 764 2222 potest
777 2146 920 2206 coelestem
935 2161 966 2206 et
979 2167 1079 2206 verum

408 2244 508 2307 Oculis
522 2243 621 2302 videre
633 2247 727 2302 Deum
744 2244 948 2317 immortalem,
962 2246 1015 2324 qui
1031 2243 1124 2302 coelum
1136 2233 1206 2296 bubitt'

409 2343 467 2402 Sed
476 2363 513 2400 ne
524 2362 560 2400 ex
572 2341 693 2401 adverso
707 2343 823 2420 quidem
834 2345 984 2404 radiorum
998 2343 1067 2404 solis

410 2448 490 2503 Stare
503 2442 632 2500 homines
646 2455 776 2520 possunt,
790 2446 924 2504 mortales
940 2443 1031 2522 geniti

408 2542 484 2614 Viri,
499 2541 549 2618 qui
562 2543 593 2599 in
606 2543 774 2619 pectoribus
785 2563 866 2602 venae
877 2557 906 2602 et
919 2563 1024 2602 carnes
1036 2551 1107 2598 suut

407 2649 492 2706 Hunc
504 2647 596 2705 solum
610 2646 778 2704 existentem
792 2647 877 2706 colite
889 2646 993 2706 ducem
1008 2641 1111 2710 muudi,

410 2746 467 2818 Qui
477 2746 553 2804 solus
566 2745 596 2803 in
606 2746 741 2804 saeculum
752 2759 781 2804 et
793 2767 827 2804 ex
838 2747 940 2806 seculo
951 2747 1019 2816 tuit,

408 2848 453 2902 Ex
464 2863 494 2902 se
506 2845 626 2920 genitus,
637 2845 787 2921 ingenitus,
800 2847 894 2906 omnia
906 2859 1005 2906 tenens
1016 2856 1126 2920 semper,

408 2938 549 2999 Omnibus
560 2939 724 3020 hominibus
733 2940 872 3019 judicium
884 2941 1050 3000 describens
1062 2937 1090 2995 in
1100 2925 1223 2990 Ιιιοοῑῦῑῐψ

408 3039 479 3096 Mali
491 3039 601 3096 consilii
613 3039 727 3117 dignam
739 3041 882 3100 habebitis
893 3041 1064 3110 mercedem,

409 3141 482 3213 Quia
495 3146 589 3199 Deum
603 3143 765 3203 omittentes
780 3165 881 3202 verum
895 3157 924 3202 et
936 3156 1073 3204 aeternum

408 3238 569 3309 Celebrare,
583 3239 697 3318 ipsique
711 3243 857 3302 immolare
871 3263 965 3302 sacras
981 3230 1146 3300 hecatontas

409 3335 593 3395 Daemonibus
610 3339 797 3413 sacrificastis,
810 3341 844 3400 iis
858 3342 908 3420 qui
923 3343 953 3400 in
967 3341 1082 3398 iniemo.

409 3437 550 3517 Superbia
564 3451 592 3498 et
606 3441 704 3500 lurore
718 3443 821 3521 perciti
834 3441 975 3516 inceditis,
989 3455 1017 3500 et
1031 3436 1118 3498 callem
1127 3431 1195 3485 renuit

409 3543 578 3598 Deserentes
592 3538 701 3600 abiistis
716 3563 769 3622 per
781 3544 877 3621 spinas
1165 3614 1169 3624 ‚

409 3643 449 3694 Ac
460 3654 513 3713 per
526 3635 633 3695 fossas:
648 3640 719 3716 quid
729 3641 849 3700 erratis?
861 3639 1006 3711 Mortales,
1018 3629 1118 3696 desinite
1125 3634 1169 3676 aaut

409 3735 515 3789 Errare
527 3731 557 3788 in
571 3733 706 3810 tenebris,
717 3750 746 3795 et
758 3737 881 3798 obscura
893 3749 976 3797 nocte
988 3737 1125 3814 nigraqu⁰²

411 3827 575 3907 Relinquite
589 3835 721 3897 tenebras
734 3840 834 3912 noetis,
848 3851 877 3898 et
888 3839 981 3898 lucem
995 3820 1140 3916 prehfflfflll·
