2772 4620
473 257 624 300 rronoora
648 237 796 300 securim.
1085 231 1142 322 ²⁸!

121 371 290 446 propterea
312 361 406 424 variis
429 360 532 424 modis
550 381 780 448 oppugnamur.
803 359 843 423 At
863 357 1147 444 parvipendimus,

120 467 196 552 quia
212 465 316 532 Deum
331 468 452 553 justum
466 489 534 532 esse
549 468 693 537 omniurn
709 469 919 554 inspectorem
933 465 1061 530 scimus.
1081 464 1150 527 Uti-

120 593 199 636 nam
213 584 321 638 autem
335 594 422 638 nunc
437 570 547 659 aliquis
561 593 639 638 voce
654 573 770 658 tragica
785 596 803 636 e
818 572 1069 660 locosuperiore
1084 569 1148 635 cla-

6 682 17 720 :
120 690 249 742 maret:
268 678 412 743 «Pudeat
428 701 494 753 ves,
508 679 638 766 pudeat,
655 699 725 766 quse
739 677 843 765 palam
856 679 971 754 facitis,
987 700 1024 744 ea
1040 679 1074 742 in
1088 678 1149 744 bo·

6 793 8 828 :
122 813 137 844 s
155 783 257 848 mines
276 787 458 851 innocentes
479 785 634 860 conferre,
653 797 685 848 et
704 808 773 872 quae
795 787 883 851 vobis
905 785 1019 852 acdiis
1038 783 1148 849 vestris

122 919 137 951 ι
153 890 320 966 inherent,
334 893 398 958 istis
409 892 569 980 affingere,
581 915 660 980 quos
671 915 712 956 ne
723 893 853 958 minima
866 892 994 980 quidem
1006 915 1045 956 ex
1055 889 1145 980 pa'rte

121 1028 136 1058 s
152 999 348 1088 contingunt.
367 1000 594 1075 lmmutamini,
611 1000 821 1087 resipiscites

166 1105 254 1171 Xlll.
272 1107 349 1172 llam
361 1119 393 1172 et
409 1130 468 1194 ego
481 1131 554 1174 cum
570 1107 726 1174 nefarium
740 1109 992 1196 integumentum
1006 1132 1024 1174 a
1042 1109 1144 1194 pravis

6 1263 8 1266 -
123 1213 330 1290 demonibus,
345 1215 386 1279 ad
405 1215 609 1280 deterrendos
624 1212 701 1280 alios
721 1215 881 1288 homiues,
904 1214 1016 1280 dirinae
1036 1215 1144 1278 Chris-

120 1321 278 1386 tianorum
299 1322 448 1388 doctrinae
470 1324 626 1410 injectum
646 1323 799 1394 viderem
823 1335 856 1388 et
876 1322 1034 1410 ejusmodi
1053 1345 1144 1388 men-

118 1427 283 1494 daciorum
296 1426 454 1506 auctores,
470 1444 502 1496 et
521 1432 624 1519 ipsum
642 1431 896 1520 integumentum
909 1443 942 1494 et
958 1428 1144 1519 popularem

119 1537 301 1622 opinionem
321 1539 421 1611 irrisis
439 1563 553 1628 meque
573 1538 725 1628 profiteor
744 1539 829 1604 laudi
850 1539 981 1613 ducere,
998 1559 1037 1603 ac
1051 1537 1145 1602 ‹limi-

120 1643 244 1708 catione
266 1647 353 1710 omni
378 1645 590 1719 contendere,
614 1657 651 1709 ut
672 1645 869 1710 Christianus
890 1644 1055 1732 reperiar:
1080 1664 1145 1707 non

120 1752 209 1837 quod
222 1751 323 1816 aliena
338 1752 401 1816 sint
415 1774 433 1814 a
449 1752 576 1816 Christo
591 1752 731 1816 instituta
746 1749 896 1824 Platonis,
912 1748 968 1814 sed
982 1748 1145 1836 quodnon

122 1856 255 1920 omnino
270 1856 393 1932 similia,
405 1869 442 1920 ut
456 1880 517 1922 nec
530 1857 626 1922 &am
637 1857 783 1931 aliorum,
797 1857 976 1922 Stoicorum
987 1855 1144 1935 videlicet,
1247 1887 1250 1894 ·

122 1976 291 2050 poetarum
313 1975 346 2027 et
363 1964 593 2030 historicorum.
621 1965 661 2029 [lt
679 1965 809 2052 quisque
831 1965 917 2030 enim·
937 1963 1144 2028 disseminate

122 2071 255 2136 rationis
265 2070 377 2136 divinae
387 2083 510 2159 partem
521 2071 656 2160 aliquam
667 2072 726 2137 sibi
742 2084 907 2161 cognatam
919 2072 1057 2146 ridebat,
1068 2094 1145 2159 prm

121 2177 208 2243 clare
222 2177 369 2267 loquutus
389 2192 447 2246 est.
471 2181 534 2259 Qui
555 2193 660 2246 autem
682 2203 791 2246 secum
813 2183 870 2268 ipsi
894 2183 927 2246 in
941 2183 1036 2248 rebus
1051 2179 1141 2267 lbngc

119 2288 308 2373 gravissimis
323 2301 515 2376 pugnarunt,
532 2289 554 2354 ii
575 2312 635 2355 nec
649 2290 813 2357 scientiam
832 2289 1061 2363 sublimiorem,
1081 2310 1141 2352 nec

121 2394 422 2480 cognitionemque
446 2395 545 2462 refelli
572 2419 636 2462 non
662 2397 777 2484 possit,
801 2398 957 2485 assequuti
982 2396 1138 2462 videntur.

123 2503 338 2591 Quaecumque
349 2505 443 2591 igitur
452 2506 536 2593 apud
548 2505 624 2571 alios
635 2529 746 2570 omnes
755 2505 905 2593 preclare
916 2507 1014 2579 dicta,
1023 2528 1060 2570 ea
1072 2525 1143 2568 nos-

121 2624 167 2708 tra
189 2623 262 2677 sunt
284 2613 542 2680 Christianorum.
568 2613 685 2678 Natum
703 2613 789 2677 enim
807 2635 846 2676 ex
865 2613 1005 2699 ingenito
1023 2623 1056 2674 et
1076 2633 1142 2674 non

119 2719 285 2786 enarrabili
299 2721 367 2786 Deo
382 2719 524 2786 Verbum
536 2721 712 2786 secundum
722 2720 826 2785 Deum
837 2718 1007 2782 adoramus
1017 2728 1049 2780 et
1061 2739 1143 2780 ama-

120 2851 204 2899 mus;
223 2828 479 2915 quandoquidem
492 2841 623 2916 propter
637 2851 696 2892 nos
711 2827 808 2892 homo
823 2825 1014 2898 factumest,
1027 2835 1063 2886 ut
1075 2845 1144 2908 per-

119 2936 300 3022 pessionum
314 2945 494 3000 nostrarum
508 2935 665 3022 particeps
681 2933 811 3006 lactum,
824 2931 1014 2996 medicinam
1025 2927 1084 2994 illis
1095 2927 1143 2992 la-

122 3051 219 3104 ceret.
239 3039 357 3104 Omnes
370 3042 455 3104 enim
476 3041 643 3128 scriptores
662 3061 719 3127 per
739 3038 867 3104 insitum
889 3037 1016 3102 rationis
1034 3057 1141 3100 semen

122 3159 256 3234 potuere
269 3135 321 3210 'illi
341 3145 468 3232 quidem
485 3169 594 3212 verum
615 3146 733 3220 videre,
750 3145 806 3210 sed
825 3145 1030 3209 subobscure.
1049 3141 1142 3207 Aliud

121 3257 209 3322 onim
224 3267 273 3320 eat
295 3277 403 3320 semen
421 3255 553 3344 alicujus
571 3270 604 3322 et
622 3256 754 3322 imitatio
774 3280 832 3342 pro
846 3256 965 3320 viribus
981 3275 1143 3326 concessa,

121 3363 207 3429 aliud
219 3364 324 3451 ipsum
336 3361 414 3427 illud
427 3366 517 3452 cujus
528 3364 771 3430 communicatio
784 3375 818 3427 et
827 3362 959 3428 imitatio
970 3360 1144 3426 secundum

120 3471 218 3560 ipsius
232 3471 368 3559 gratiam
380 3471 575 3536 conceditur.

164 3577 249 3646 xlv.
273 3577 336 3644 Vos
358 3591 466 3644 autem
488 3579 549 3644 hac
564 3601 660 3666 prece
680 3600 818 3652 oramus,
840 3589 874 3642 ut
888 3578 974 3643 hunc
988 3575 1141 3654 libellum,

122 3687 353 3756 subscribentes
374 3687 461 3776 qarod
483 3687 571 3752 vobis
591 3685 707 3775 placet,
727 3685 942 3774 promulgetis,
966 3699 999 3750 ut
1021 3689 1143 3752 ceteris

119 3807 234 3863 nostra
249 3821 298 3861 res
318 3797 585 3870 innotescentes
604 3793 749 3861 homines
768 3793 809 3859 od
828 3795 938 3861 barum
957 3818 1063 3860 rerum
1083 3819 1140 3861 co-
