2816 4610
380 301 514 344 arcario
539 301 595 343 rao
619 301 822 344 cnarsrsaars.
1070 275 1109 360 75

129 403 257 470 XXlll.
275 405 322 471 Ac
336 427 391 470 vos
403 405 531 493 quidem
541 405 665 480 dicetis,
681 427 756 470 cum
770 403 972 492 intelligentia
987 416 1112 492 praeste-

88 515 125 578 tis
143 514 312 579 omnibus:
337 513 408 591 Qua
428 537 502 604 ergo
521 516 641 580 ratione
661 513 826 580 simulacra
847 512 1008 589 nonnulla,
1028 514 1053 578 si
1070 512 1111 577 dii

86 643 154 686 non
174 633 248 686 sunt
268 621 289 685 ii
309 622 424 708 quibus
447 645 484 686 ea
508 623 686 695 statuimus,
708 621 848 686 efficacia
866 621 996 710 praedita
1019 619 1113 684 sunt?

90 731 199 819 Neque
219 731 304 797 enim
326 730 492 798 verisimile
512 742 559 796 est
578 732 731 797 inanimus
750 743 783 796 et
802 729 978 796 immobiles
997 740 1114 794 statuas

89 840 262 928 quidquam
287 863 344 928 per
365 841 480 929 scipsas
506 864 595 928 posse
618 842 745 906 nemine
770 853 926 906 movente.
956 839 1114 907 Aesonis

89 949 219 1036 quidem
241 952 273 1014 in
295 948 371 1016 locis
393 961 426 1014 et
450 949 627 1014 civitatibus
651 962 683 1013 et
704 948 849 1038 gentibus
870 948 1038 1014 nonnullos
1064 948 1115 1012 edi

88 1061 148 1122 sub
164 1060 293 1124 nomine
313 1057 554 1124 simulacrorum
569 1057 700 1126 ellectias
720 1083 760 1124 ne
778 1083 835 1124 nos
850 1059 977 1147 quidem
993 1058 1115 1124 inficia-

89 1189 172 1230 mur.
196 1166 267 1232 Non
279 1178 385 1233 tamen
404 1168 428 1232 si
444 1168 498 1255 qui
513 1167 613 1254 adjuti
626 1179 711 1243 sunt,
728 1189 766 1233 ac
784 1191 892 1232 rursus
906 1167 957 1232 alii
973 1166 1053 1231 male
1068 1165 1116 1230 ala

91 1275 176 1349 lecti,
193 1298 252 1362 pro
268 1275 326 1341 diis
337 1275 523 1341 habebimus
539 1299 591 1342 eos
607 1277 659 1364 qui
675 1278 707 1342 in
725 1289 889 1364 utramque
907 1287 1029 1364 partem
1044 1297 1115 1362 ope

14 1365 15 1382 Χ
90 1384 150 1447 rati
169 1394 253 1448 sunt.
276 1383 340 1449 Sed
359 1407 419 1472 qua
439 1384 559 1450 ratione
578 1384 633 1449 fiat
652 1397 687 1449 ut
706 1383 872 1451 simulacra
891 1381 1008 1469 aliquid
1025 1404 1116 1468 posse

91 1490 287 1566 existimetis,
304 1503 336 1556 et
347 1493 476 1578 quinam
488 1493 522 1556 in
532 1494 577 1558 eis
592 1504 775 1580 operentur,
790 1492 916 1557 nomina
931 1513 1042 1554 eorum
1058 1488 1115 1552 sibi

91 1609 286 1686 arrogantes,
304 1599 452 1678 accurate
466 1599 694 1687 vestigavimus.
714 1600 846 1665 Necesse
858 1609 963 1662 autem
977 1597 1053 1660 mihi
1071 1609 1117 1660 est

95 1707 310 1774 demonstrare
333 1707 508 1773 instituenti
535 1709 663 1796 quinam
686 1707 790 1772 sintii
812 1709 865 1795 qui
888 1709 920 1772 in
943 1704 1117 1770 simulacris

96 1830 277 1906 operantur,
293 1829 325 1882 et
341 1841 399 1882 cur
414 1817 457 1882 dii
473 1841 537 1883 aon
552 1818 627 1891 sint,
645 1816 813 1882 nonnullos
824 1817 920 1882 etiam
931 1839 969 1879 cx
983 1813 1117 1902 pbiloso-

96 1927 165 2016 pbia
184 1938 280 1992 testes
299 1927 500 2014 praemittere.
523 1925 645 1990 Primus
665 1925 791 2001 Thales,
814 1938 848 1989 ut
866 1935 1012 1990 accurate
1033 1945 1118 1987 com-

100 2045 270 2098 memorant
281 2033 336 2120 qui
348 2034 417 2120 ejus
428 2033 654 2120 disputationes
666 2031 824 2120 digerunt,
837 2030 946 2098 dividit
956 2031 989 2094 ia
999 2030 1115 2104 Deum,

99 2143 129 2206 ia
143 2143 311 2216 daemones,
330 2141 363 2206 in
381 2141 514 2206 heroes:
535 2163 573 2206 ac
589 2142 693 2206 Deum
709 2142 838 2230 quidem
852 2139 963 2205 mundi
978 2149 1117 2203 mentem

98 2250 264 2322 existiman
286 2249 444 2315 daemones
455 2262 561 2315 autem
574 2250 722 2314 essentias
735 2247 899 2321 animales3
921 2247 1033 2312 heroes
1043 2269 1118 2313 vero

99 2361 213 2425 animas
222 2359 388 2424 hominum
400 2371 570 2446 separatas,
581 2362 682 2424 bonos
693 2359 821 2447 quidem
832 2360 943 2434 bonas,
954 2355 1052 2422 malos
1065 2381 1118 2422 au·

101 2477 168 2532 tem
177 2463 286 2566 matra
295 2464 384 2532 Plato
400 2477 506 2532 autem
519 2468 572 2553 qui
585 2479 698 2532 caetera
714 2467 842 2555 quidem
854 2489 1014 2532 assensum
1028 2465 1118 2530 cobi-

100 2575 169 2645 bct,
181 2571 261 2636 idem
271 2583 374 2638 nmen
387 2573 419 2637 in
429 2573 533 2639 Deum
544 2573 733 2662 ingenitum,
747 2586 779 2638 et
790 2573 821 2639 in
834 2573 916 2638 iacta
928 2575 967 2638 ab
980 2574 1118 2661 ingenito

100 2679 140 2745 ad
151 2691 293 2746 ornatum
304 2680 377 2746 coeli
391 2693 460 2746 tum
474 2682 610 2748 errantia
622 2694 690 2746 tum
703 2681 764 2747 fixa
776 2682 890 2757 sidera,
905 2694 938 2745 et
951 2682 984 2746 in
1000 2681 1118 2745 daemo—

100 2813 157 2856 nes
168 2789 284 2856 dividit.
303 2791 350 2856 De
366 2789 562 2856 demonibus
577 2803 684 2858 autem
700 2791 804 2857 dicere
820 2813 979 2864 recusans,
996 2813 1049 2854 eos
1060 2813 1118 2854 au-

100 2899 157 2963 diri
171 2900 262 2986 jubet
277 2901 332 2986 qui
347 2899 387 2966 de
403 2902 439 2966 iis
457 2900 614 2967 dixerunt.
636 2901 706 2967 «De
720 2898 853 2974 caeteris,
870 2899 982 2986 inquit,
1001 2898 1119 2963 daemo-

101 3010 215 3075 »abus
237 3009 355 3086 dicere,
378 3033 552 3099 eorumque
576 3010 811 3098 generationem
833 3029 1021 3094 pernoscere
1039 3007 1119 3073 vires

103 3131 244 3184 »nostras
258 3131 394 3208 superat.
420 3120 623 3186 Credendum
639 3129 746 3182 autem
762 3116 811 3182 his
826 3117 879 3203 qui
896 3116 1016 3203 priores
1033 3116 1121 3204 dixe·

101 3239 209 3303 stunt,
224 3227 369 3302 deorum,
387 3239 421 3292 ut
436 3228 495 3316 ipsi
512 3237 732 3299 narraverunt,
751 3224 896 3311 posteris,
916 3225 970 3312 qui
986 3225 1121 3311 majores

101 3357 196 3400 »snos
217 3335 318 3422 probe
336 3349 497 3401 noverant.
523 3335 616 3401 Fides
637 3357 712 3423 ergo
736 3333 869 3398 deorum
887 3331 958 3397 liliis
978 3332 1119 3420 derogari

100 3467 188 3508 »non
205 3455 320 3532 potest,
345 3444 467 3510 etiamsi
486 3446 553 3511 sine
572 3443 789 3533 probabilibus
811 3454 844 3505 et
862 3440 1043 3507 necessariis
1064 3440 1121 3505 de-

100 3554 401 3620 monstrationibus
414 3554 542 3620 dicant:
562 3554 617 3619 sed
633 3565 669 3618 ut
680 3577 730 3618 res
744 3551 931 3617 domesticas
946 3571 1073 3614 narrare
1088 3571 1121 3614 se

99 3661 357 3748 »profitentibus
373 3663 415 3728 ita
431 3675 466 3726 ut
481 3663 531 3728 lex
547 3665 648 3751 jubet,
672 3661 877 3729 credendum.
901 3658 954 3723 Sic
973 3658 1069 3747 igitur
1088 3673 1122 3724 ut

98 3765 184 3834 »illis
194 3767 311 3855 placet,
332 3769 373 3834 de
387 3769 520 3834 deorum
530 3770 731 3858 generatione
748 3781 912 3834 teneamus
923 3779 955 3831 et
967 3767 1118 3834 dicamus.

98 3874 171 3938 »Ex
181 3870 278 3938 Terra
296 3885 328 3938 et
346 3873 435 3939 Coelo
450 3873 504 3940 filii
521 3875 615 3961 geniti
633 3886 706 3940 sunt
721 3875 868 3941 Oceanus
879 3886 911 3940 et
926 3872 1068 3961 Tethys:
1085 3897 1123 3938 ex
