2616 4620
313 279 353 322 uu
378 276 575 330 snronrcuu,
599 277 659 320 urs.
686 279 720 320 u.
966 259 1024 347 ιδῃ

13 388 175 456 onsilium
192 389 232 454 de
251 411 306 454 sua
325 387 465 479 propria,
485 410 549 454 non
565 385 604 452 do
626 386 685 453 Dei
705 385 858 453 sententia
876 400 1027 475 oeperunt

1 502 89 566 rubis
105 499 300 568 aedifioandae
311 510 344 566 et
354 499 448 566 turris
463 501 554 588 cujus
566 511 659 586 caput
674 495 789 563 coelum
801 497 979 586 attingeret,
993 512 1028 564 ut

1 614 59 678 ibi
72 635 195 680 nomen
211 611 365 701 inclytum
379 621 534 701 parerent.
550 610 613 678 Sed
624 611 695 700 quia
711 621 824 699 praeter
841 609 900 675 Dei
915 608 1028 676 volun-

9 735 106 788 atem
122 745 217 811 grave
228 745 306 812 opus
318 722 384 788 ausi
400 720 525 787 fuorunt
536 720 673 810 aggredi,
690 719 802 785 evertit
815 720 900 785 Deus
917 742 1027 784 corum

25 833 125 898 rbem
140 845 174 898 ot
186 833 300 897 turrim
317 831 431 919 dejecit
447 853 456 894 :
474 852 512 896 eo
527 841 668 919 tempore
682 829 714 894 in
729 828 892 894 homiuum
907 827 1027 918 linguas

8 940 194 1006 ·arietatem
215 938 349 1016 induxit,
366 939 437 1004 duta
458 937 627 1024 unicuique
648 937 765 1002 diversa
787 936 900 1027 lingua.
925 937 1027 1026 Atque

24 1071 75 1114 aec
87 1049 218 1136 quidem
227 1045 345 1137 Sibylla
354 1047 534 1122 declaravit,
545 1069 618 1113 oum
629 1047 707 1113 iram
719 1047 837 1113 mundo
847 1060 1027 1114 eventuram

5 1159 212 1225 bnuntiaret
227 1182 235 1224 ε
249 1159 294 1224 sic
308 1170 414 1224 autem
428 1155 558 1247 lo'quuta
570 1167 638 1222 est:

88 1309 147 1369 Scd
160 1307 274 1388 quando
287 1310 382 1388 magni
394 1309 449 1368 Dei
463 1309 649 1388 perficiuntur
662 1307 755 1380 minae,
842 1307 1029 1386 [fabricarunt

89 1415 168 1483 Quas
181 1408 335 1488 aliquando
348 1400 537 1468 comminatus
553 1419 596 1468 est
613 1407 782 1467 mortalibus
796 1408 911 1487 quaudo
926 1410 1029 1468 turrim

87 1509 122 1563 ln
139 1517 216 1564 terra
229 1504 353 1582 Assyria.
369 1511 459 1566 Erant
473 1519 568 1565 autem
582 1525 680 1564 omnes
693 1508 778 1564 unius
793 1505 906 1584 linguae,

88 1607 126 1662 Et
139 1605 295 1664 voluerunt
309 1605 446 1665 scandere
459 1603 563 1665 coelum
579 1606 761 1686 stelligerum.

89 1707 193 1765 Statim
206 1719 299 1766 autem
310 1708 484 1766 Immortalis
496 1726 627 1788 magnam
639 1709 776 1787 imposuit
787 1711 981 1769 necessitatem

88 1807 199 1864 Ventis.
214 1808 300 1866 Venti
314 1827 444 1886 magnam
459 1821 488 1868 et
503 1809 588 1867 altam
603 1809 707 1868 turrim

90 1904 153 1964 Ubi
158 1905 333 1981 dejecerunt,
344 1908 429 1966 ctiam
439 1907 514 1966 inter
522 1907 658 1967 mortales
665 1905 837 1966 discordiam
844 1907 1010 1967 excitarunt.

92 2009 205 2064 Rursus
216 2005 269 2066 ubi
282 2009 370 2068 turris
382 2008 495 2082 cecidit,
508 2028 541 2068 ac
553 2008 657 2088 lingue
669 2008 817 2066 hominum

92 2104 260 2164 Mortalinm
272 2107 301 2164 in
316 2106 421 2166 multus
433 2106 533 2166 divisse
546 2119 612 2166 sunt
625 2106 772 2176 dialectos,

93 2205 183 2260 Terra
196 2203 366 2262 mortalibus
378 2203 498 2282 impleta
509 2204 563 2262 sub
574 2203 662 2264 variis
674 2203 797 2282 regibus.

11 2347 46 2402 et
62 2359 131 2423 quae
146 2350 326 2426 sequuntur.
349 2340 452 2428 Atque
467 2338 535 2406 baeo
554 2339 681 2427 quidem
700 2351 784 2428 gesto
801 2351 874 2404 sunt
894 2338 927 2404 in
947 2352 1028 2404 terra

14 2444 244 2513 Chaldaeorum.
266 2449 407 2514 interra
428 2461 533 2514 autem
557 2448 706 2514 Chanaan
729 2448 804 2513 urbs
824 2447 884 2513 luit
902 2449 1029 2514 nomine

14 2553 144 2619 Charra.
162 2555 203 2620 lis
218 2557 411 2645 temporibus
421 2558 539 2646 primm
550 2558 583 2622 in
595 2555 731 2646 AEgypto
745 2557 886 2644 regnavit
895 2555 1028 2629 Pharao,

14 2664 115 2752 quiet
129 2664 291 2731 Noobuotb
310 2666 396 2756 apud
410 2665 571 2756 AEgyptios
590 2667 691 2733 dictus
706 2677 754 2731 cst
770 2687 779 2728 ε
802 2663 909 2752 sicque
926 2666 1029 2731 caetori

15 2794 103 2860 reges
127 2776 310 2862 consequuti
325 2787 409 2842 sunt.
424 2776 460 2844 ln
476 2787 557 2843 terra
575 2788 681 2841 autem
692 2774 810 2840 Senuar
825 2797 920 2862 quam
941 2772 1031 2838 Chal-

16 2881 75 2946 daei
89 2885 248 2960 tenebant,
269 2888 389 2974 primus
404 2909 459 2952 rex
471 2886 531 2951 fuit
545 2885 662 2952 Ariooh
676 2907 684 2948 :
704 2894 775 2972 post
790 2906 885 2971 quem
899 2880 1030 2958 Ellasar,

18 2991 128 3056 deinde
137 2991 401 3082 Chodollagomor
412 3017 467 3059 rex
480 2993 584 3069 AElan,
598 3005 667 3058 tum
674 2990 808 3082 Thargal
825 3013 878 3058 rex
890 2993 1030 3082 gentium

19 3121 88 3185 quae
102 3098 190 3164 diotae
206 3113 279 3165 sunt
292 3101 501 3189 Assyriorum.
517 3102 665 3189 Quinque
676 3100 742 3166 aliae
757 3102 850 3167 urbes
862 3103 987 3168 lberunt
998 3103 1030 3168 in

20 3230 57 3272 ea
72 3218 155 3294 parte
170 3229 263 3296 quam
276 3209 377 3274 tenuit
388 3208 488 3275 (iham
503 3208 584 3275 lilius
601 3210 687 3276 Noe:
703 3211 801 3297 prima
814 3209 962 3286 Sodoma,
975 3233 1033 3278 oas-

21 3330 94 3383 torae
109 3315 297 3394 Gomorrha,
309 3317 429 3384 Adama
441 3331 473 3384 ct
484 3317 613 3386 Soboim
624 3331 655 3384 ct
666 3343 735 3408 quas
745 3319 843 3410 Segor
853 3334 1032 3410 nuncupata

22 3438 78 3494 est.
92 3426 221 3494 Nomina
235 3449 345 3516 regum
357 3428 411 3514 qui
429 3427 495 3494 istis
512 3428 642 3494 urbibus
660 3427 811 3517 prrel'uero
829 3430 874 3496 sio
892 3430 1029 3495 babent:

23 3535 120 3602 Rallas
134 3559 189 3602 rex
203 3535 427 3614 Sodomorum,
445 3537 555 3605 Rursus
574 3560 627 3604 roc
638 3537 833 3613 Gomorrha,
847 3537 964 3604 &naar
980 3563 1034 3604 rox

27 3644 157 3720 Adamas,
170 3645 292 3733 Hymor
302 3669 356 3711 mx
368 3645 509 3722 seboim,
520 3645 616 3712 Balao
629 3668 684 3712 rex
694 3645 804 3736 Sogor,
817 3669 912 3734 quam
924 3649 1033 3715 urbem

28 3755 84 3822 alio
98 3757 219 3822 nomino
236 3769 389 3822 vocarunt
405 3754 589 3845 Kephalam.
612 3755 649 3821 lli
669 3757 841 3822 servierunt
857 3759 922 3846 regi
937 3758 1033 3846 Assy-

30 3865 139 3930 riorum
154 3865 417 3955 chodollogomor
429 3866 595 3933 duodecim
611 3868 709 3933 annis.
725 3869 816 3934 Anno
827 3881 931 3934 autom
944 3869 1035 3934 tertio
