2648 4634
238 234 301 300 568
556 253 668 300 sunum
693 253 806 299 anuum
829 254 890 300 eras
916 255 953 300 ru

236 371 306 459 ejus
318 365 585 458 assumptionem:
602 366 657 455 qui
671 367 768 434 etiam
783 367 816 434 in
831 368 943 435 eadem
960 387 1060 438 earne
1075 369 1111 435 in
1123 383 1191 456 qun
1206 385 1272 460 pas

238 499 290 543 sus
306 486 353 544 est
366 471 482 551 veniet,
494 472 628 564 gloriam
646 470 788 540 revelans
798 473 908 541 Patris.

280 587 320 654 Et
343 585 459 654 Paulus
484 597 593 652 autem
615 585 665 651 his
686 585 899 662 consentiens,
916 583 1081 654 Romanos
1097 586 1274 676 alloquens,

236 700 301 766 ait:
319 723 332 759 ι
352 696 452 765 Multo
467 697 566 787 magis
587 696 621 762 hi
643 695 698 786 qui
716 696 944 764 abundantiam
959 699 1070 788 gratim
1093 711 1129 764 et
1151 700 1276 787 justitia

235 807 425 896 »accipiunt
446 807 480 872 in
499 806 610 881 vitum,
635 806 814 894 regnabant
832 827 890 894 per
912 829 1014 872 anum
1033 807 1152 874 Jesnm
1171 807 1275 876 Chris·

235 915 362 983 stum¹.
380 943 394 978 a
409 915 519 984 Nescit
537 938 613 1004 ergo
634 937 709 980 eum
728 915 783 1004 qui
799 912 935 982 evolavit
950 915 1121 987 Christum
1140 941 1163 982 a
1186 919 1273 996 Jesn;

234 1047 338 1115 neque
353 1047 429 1092 eum
443 1025 531 1092 novit
545 1024 742 1092 Salvatorom
757 1025 812 1114 qui
830 1047 956 1092 sursum
966 1039 1029 1104 est,
1045 1051 1150 1116 quem
1167 1031 1276 1120 impar*

234 1135 359 1202 sibilum
374 1136 496 1204 dicum.
519 1133 553 1201 Si
570 1134 655 1200 euim
671 1132 751 1200 altar
765 1134 896 1222 quidem
909 1157 1020 1224 passus
1035 1149 1100 1214 est,
1116 1137 1205 1226 alter
1222 1161 1274 1205 sn

232 1258 299 1314 tem
318 1245 518 1337 impassibilis
538 1245 668 1319 mansit:
695 1255 727 1309 et
746 1243 826 1311 alter
842 1245 972 1334 quidem
997 1260 1091 1314 natus
1111 1259 1179 1326 est,
1202 1248 1273 1316 alter

194 1439 196 1444 Α
232 1359 350 1428 veroin
362 1379 437 1424 eum
445 1357 601 1444 quinatus
615 1363 665 1423 est
677 1353 853 1431 deseendit,
866 1364 898 1420 et
909 1377 1017 1422 rursus
1032 1353 1171 1444 reliquit
1187 1380 1269 1432 eune

232 1491 298 1537 non
319 1489 414 1544 unus,
435 1465 490 1533 sed
514 1463 578 1530 duo
597 1475 824 1532 monstrantur.
848 1465 1009 1544 Quoniam
1034 1479 1152 1534 autem
1179 1491 1268 1536 nnun

233 1601 321 1654 aum,
338 1589 371 1652 et
392 1576 448 1663 qui
463 1583 555 1642 natus
578 1586 626 1640 est
642 1583 675 1640 et
692 1573 746 1662 qui
759 1595 870 1665 passus
889 1585 951 1651 est,
970 1574 1144 1643 Christum
1166 1577 1268 1646 Jesun

233 1689 321 1758 novit
334 1685 518 1777 Apostolus,
530 1685 564 1754 in
577 1686 690 1755 eadem
702 1686 841 1777 Epistola
853 1686 970 1753 iterum
981 1687 1062 1756 dicit
1074 1710 1083 1754 ε
1098 1687 1182 1756 «An
1193 1690 1266 1782 igno

232 1828 247 1864 s
262 1798 350 1874 ratis,
363 1797 515 1886 qnoniam
527 1806 683 1885 quotquot
696 1797 847 1886 baptizati
862 1820 971 1863 sumus
986 1797 1019 1864 iu
1035 1796 1174 1882 Christo
1185 1801 1264 1876 Jesn,

202 1933 204 1940 ’
232 1908 293 1976 »in
307 1919 411 1973 morte
428 1906 498 1994 ejus
514 1905 663 1995 baptizati
679 1905 808 1973 sumus?
819 1918 856 1972 ut
874 1893 1155 1994 quemadmodum
1167 1933 1263 1976 resur

230 2047 244 2082 ι
259 2017 340 2086 rexit
354 2015 500 2082 Christus
514 2037 531 2080 a
544 2014 690 2091 mortuis,
704 2017 792 2083 sicet
807 2038 866 2082 nos
877 2017 910 2082 in
922 2015 1062 2084 novitate
1073 2019 1153 2086 ritae
1163 2022 1263 2087 amhn

230 2156 243 2191 s
258 2126 359 2193 lomus
367 2124 390 2192 ².
405 2153 418 2189 s
431 2125 553 2192 Rursus
573 2135 680 2190 autem
700 2123 878 2214 significans
890 2125 1056 2194 Christum
1073 2151 1222 2218 passum,
1238 2143 1261 2196 et

229 2237 334 2326 ipsum
344 2258 413 2302 esse
425 2232 542 2301 Filium
558 2233 631 2309 Dei,
648 2234 703 2321 qui
720 2255 779 2322 pro
796 2235 888 2301 nohis
903 2247 1050 2302 mortuus
1066 2250 1133 2314 est,
1153 2253 1188 2306 et
1203 2263 1262 2306 ssu

228 2345 323 2438 guina
339 2367 396 2410 sno
415 2345 550 2429 redemit
566 2367 624 2411 nos
644 2344 676 2410 in
692 2343 849 2432 praefinito
863 2357 1021 2435 tempore,
1034 2346 1102 2413 ait:
1126 2349 1258 2438 «thuid

228 2456 343 2522 »euim
369 2453 525 2529 Christus,
547 2474 623 2519 eum
643 2451 751 2518 adhue
771 2475 910 2520 essemus
929 2452 1063 2533 infirmi,
1086 2459 1260 2526 seeundum

226 2594 242 2631 s
256 2577 384 2653 tempus
396 2585 454 2653 pro
466 2561 570 2651 impiis
581 2573 728 2627 mortuus
739 2560 807 2627 esti
819 2560 1032 2632 Commendat
1046 2577 1162 2635 autem
1178 2594 1259 2638 sunu

227 2703 240 2738 s
256 2672 459 2741 dilectionem
473 2671 559 2738 Deus
572 2671 605 2736 in
617 2671 722 2748 nobis,
737 2673 887 2759 qnoniam
905 2697 980 2741 eum
998 2677 1108 2745 adhuc
1125 2702 1259 2747 essemus

227 2794 438 2874 »peccatores
454 2803 512 2871 pro
525 2781 617 2846 nohis
629 2779 774 2846 Christus
793 2794 937 2850 mortuus
955 2797 1003 2851 est
1018 2808 1026 2851 ε
1041 2786 1149 2855 multo
1168 2791 1262 2880 magis
1313 2767 1314 2850 i

226 2891 417 2983 »justificati
436 2913 522 2958 nuno
537 2891 571 2956 in
588 2890 740 2980 sanguina
758 2893 841 2980 ejus,
860 2892 937 2961 salvi
953 2895 1071 2963 erimus
1083 2921 1145 2988 per
1160 2901 1262 2990 ipsum

226 3002 294 3070 sah
310 3003 366 3068 ira.
389 2999 423 3068 Si
439 3002 616 3068 enimcum
634 3022 775 3066 essemus
794 3001 914 3070 inimici
930 3006 1129 3075 reconsiliati
1154 3035 1262 3078 sumus

225 3111 320 3180 »Deo
331 3132 389 3202 per
403 3122 539 3176 mortem
552 3107 624 3175 Filii
638 3110 722 3199 ejus,
734 3109 836 3178 multo
850 3113 950 3202 magis
969 3113 1170 3185 reconciliati
1190 3120 1262 3187 salsi

224 3221 371 3288 »orimus
385 3221 418 3286 in
433 3220 496 3286 vita
507 3218 607 3308 ejus⁸.
623 3247 636 3283 s
652 3220 746 3287 Hune
757 3221 907 3288 eumdem
919 3224 974 3313 qui
985 3226 1222 3316 apprehensus,
1234 3245 1263 3297 et

224 3353 333 3420 passus
344 3341 405 3406 est,
414 3341 446 3397 et
457 3328 568 3396 effudit
580 3330 765 3420 sanguinem
776 3355 869 3398 suum
876 3355 935 3421 pro
943 3335 1047 3412 nohis,
1056 3335 1144 3405 hune
1155 3339 1263 3408 Chris

218 3454 306 3518 tum,
319 3441 407 3507 huno
416 3437 534 3507 Filium
546 3439 604 3504 Dei
618 3440 868 3508 manifestissime
879 3445 1081 3523 annuntians,
1095 3449 1150 3536 qui
1164 3452 1264 3518 etiam

223 3552 370 3628 surrexit,
390 3563 424 3617 et
445 3559 625 3638 assumptus
643 3562 691 3616 est
713 3551 746 3616 in
767 3550 876 3629 cuslos,
896 3551 1170 3642 quemadmodum
1194 3562 1263 3650 ipse

224 3663 286 3730 ait:
298 3687 312 3723 a
326 3661 426 3730 Simul
441 3672 549 3728 antem
562 3659 707 3727 Christus
718 3673 864 3728 mortuns
880 3675 939 3740 est,
953 3665 1018 3732 imo
1027 3679 1060 3732 et
1071 3671 1260 3744 resurrexit,

188 3787 202 3814 ⁴
224 3799 237 3840 t
251 3771 306 3860 qai
318 3784 366 3838 est
380 3771 413 3838 in
426 3772 553 3842 dextera
563 3769 624 3838 Dei
631 3770 654 3836 ⁴.
675 3770 741 3837 »tta
755 3772 895 3840 iterum:
914 3800 927 3833 ι
943 3774 1087 3843 seientes
1102 3779 1259 3866 quoniam

255 3899 571 3966 ¹Rom.v,17.—²Rom.
583 3898 1135 3968 vr‚5,4.-⁸Rom.v,6atseqq.-¹Born.
1149 3907 1256 3968 ranst.
