2772 4620
229 311 234 317 ,
273 282 1319 312 moummmmmmnwumwummuzmummunuum

475 480 792 570 EJUSDEM
826 482 1097 571 JUSTINI

338 720 795 842 APOLOGIA
835 721 1247 844 SECUNDA

522 992 630 1070 PRO
656 991 1052 1081 CHRISTIANI&

494 1243 556 1312 AD
580 1241 810 1318 SENATUii
828 1241 1081 1316 nonsatis

665 1501 908 1539 -οκμ-

315 1711 341 1777 1.
360 1709 408 1776 Er
424 1731 494 1796 quae
514 1708 547 1774 in
566 1710 646 1774 urbe
664 1721 781 1787 vestra,
797 1707 944 1788 Romani,
965 1713 1024 1779 sub
1045 1711 1167 1778 Urbioo
1184 1710 1254 1776 heti
1272 1721 1303 1776 et

203 1885 208 1896 ,
271 1819 387 1886 nudius
403 1819 515 1884 tertius
528 1827 614 1907 gesta
628 1831 715 1896 sunt,
732 1831 765 1886 et
780 1843 850 1908 quae
869 1819 1013 1888 similiter
1026 1822 1148 1910 ubique
1162 1841 1182 1886 a
1199 1819 1304 1910 judici

270 1933 331 1997 bus
350 1940 466 2019 praeter
484 1927 640 1994 rationem
658 1928 753 2006 fiunt,
774 1945 949 2020 coegerunt
966 1953 1020 1996 me
1041 1951 1103 2018 pro
1124 1929 1232 2006 vohis,
1255 1926 1305 2016 qui

270 2037 415 2127 ejusdem
433 2056 471 2104 ac
488 2055 547 2102 nos
566 2049 700 2113 naturae,
719 2049 814 2127 atque
828 2039 925 2105 etiam
939 2039 964 2104 si
979 2039 1134 2128 ignoretis
1147 2059 1188 2106 ao
1205 2037 1306 2105 noiitir

270 2161 402 2238 propter
418 2148 619 2236 opinatarum
637 2147 825 2238 dignitatum
843 2148 1060 2238 splendorem,
1079 2148 1197 2215 fratres
1212 2150 1308 2214 nostri

196 2271 197 2276 ’
270 2259 356 2334 estis,
374 2255 458 2322 hene
476 2257 656 2322 orationem
672 2279 875 2348 componere.
899 2257 1024 2348 Ubique
1044 2257 1147 2336 enim,
1169 2257 1304 2347 exeeptis

272 2363 309 2430 iia
335 2361 389 2451 qui
412 2361 575 2448 improbos
602 2373 634 2428 et
654 2361 839 2431 libidinosos
856 2378 975 2431 aetemo
995 2365 1068 2454 igno
1087 2365 1300 2432 exornoiatom

271 2471 321 2545 iri,
345 2467 470 2534 virtutis
491 2479 600 2531 autem
619 2467 772 2545 cultores,
796 2471 914 2560 quique
935 2469 1081 2537 similiter
1099 2493 1140 2536 ao
1162 2470 1306 2536 Christus

270 2577 416 2652 vixerint,
429 2587 516 2642 extra
528 2577 764 2666 perpessionem
776 2601 905 2646 omnem
917 2601 991 2646 oum
1002 2579 1071 2646 Deo
1081 2579 1222 2644 victuros
1230 2599 1305 2664 per·

272 2711 400 2755 suasum
411 2685 532 2754 hahent
548 2685 621 2770 (eos
633 2688 768 2754 dicimus
780 2689 834 2778 qui
846 2689 1016 2757 Christiani
1027 2689 1098 2755 faeti
1107 2688 1219 2772 sont),·
1231 2683 1296 2760 his,

270 2801 413 2889 inquam,
431 2795 584 2884 exceptis,
606 2795 633 2862 si
651 2799 720 2886 quis
738 2821 755 2864 a
772 2812 877 2888 patre,
893 2799 1063 2872 relsicino,
1082 2793 1127 2859 rei
1141 2791 1223 2870 filio,
1242 2791 1301 2858 vei

269 2911 385 2984 amico,
403 2905 452 2974 rel
469 2905 579 2981 fratre,
596 2903 645 2970 vel
664 2907 743 2982 viro,
762 2906 813 2973 vei
830 2931 929 2975 uxore
946 2909 987 2974 ob
1007 2905 1149 2973 doiictum
1162 2902 1300 2992 castige-

269 3033 337 3091 tur3
356 3037 432 3082 oum
443 3015 469 3080 is
479 3023 611 3103 propter
622 3013 825 3081 obfirmatam
835 3015 1033 3084 voluntatem
1044 3027 1076 3082 et
1087 3025 1227 3080 amorem
1240 3035 1300 3078 vo-

269 3126 411 3218 luptatis,
433 3145 472 3190 ao
494 3121 626 3190 minime·
648 3121 786 3190 ssexilem
813 3125 854 3190 ad
876 3127 1026 3192 virtutem
1048 3125 1205 3199 animum,
1232 3133 1304 3188 tum

269 3239 365 3306 etiam
383 3235 471 3326 pravi
489 3234 661 3310 daemones,
680 3235 735 3323 qui
749 3236 842 3302 nobis
857 3236 970 3304 infensi
986 3248 1073 3312 sunt,
1092 3257 1131 3302 ao
1147 3233 1301 3322 ejusmodi

233 3380 241 3390 ·
268 3348 390 3440 judiees
402 3345 435 3410 in
446 3363 503 3410 sua
518 3353 675 3432 potestate
689 3356 722 3410 et
738 3343 839 3411 cultui
855 3369 914 3413 suo
927 3345 1073 3412 addictos
1086 3345 1222 3420 habant,
1238 3365 1300 3417 eos,

267 3471 378 3549 utpote
390 3453 553 3522 daemoniis
564 3454 697 3543 agitatos
708 3455 924 3544 magistratus,
942 3457 983 3523 sd
994 3477 1109 3524 necem
1121 3453 1302 3522 nohisiuie·

265 3569 398 3634 rendam
410 3565 553 3632 incitant.
575 3559 616 3631 Ut
630 3576 738 3630 autem
751 3565 849 3632 totius
862 3567 908 3631 rei
923 3567 981 3632 suh
997 3565 1117 3631 Urbico
1129 3575 1227 3654 gestas
1238 3583 1302 3652 per

267 3688 408 3767 spectum
421 3697 549 3741 oausam
560 3671 716 3748 habeatis,
730 3675 807 3762 quid
819 3687 928 3742 notum
939 3675 979 3771 sit
989 3675 1170 3764 exponam}

317 3785 357 3852 il.
386 3780 498 3850 Mulier
527 3783 672 3872 quedam
701 3805 777 3848 oum
803 3784 870 3850 viro
896 3783 1031 3872 degebat
1055 3779 1298 3871 intemperanti,

269 3898 483 3982 intemperans
505 3904 538 3956 et
560 3892 627 3981 ipsa
650 3891 753 3981 prius;
780 3891 835 3958 sed
857 3902 1025 3981 postquam
1048 3888 1168 3959 Christi
1188 3889 1301 3958 doctri·
