2780 4614
467 267 615 318 nronocrn
638 263 741 312 rarus.
918 281 921 291 ·
1055 244 1115 308 215

95 391 270 458 arguamur,
286 369 520 438 absolutionem
534 385 678 461 petamus
684 395 823 446 srursus
839 372 864 438 si
879 393 940 438 neo
954 372 996 437 ob
1012 372 1118 439 nomi-

95 479 133 544 nis
145 477 410 567 appellationem,
426 503 487 546 nec
498 480 539 546 ob
555 479 679 546 vivendi
689 481 850 546 rationem·
861 480 1033 569 quidqunm
1048 501 1119 568 pec

71 609 74 617 ·
94 609 211 662 eamus,
228 601 370 654 vestrum
384 601 433 654 est
447 588 623 664 elaborare,
638 611 679 654 ne
693 587 868 676 plectendis
882 588 1000 676 injuste
1014 587 1119 653 bomi-

95 695 183 760 nibus
204 719 270 762 non
291 696 445 763 convictis
465 718 574 785 poenas
596 697 724 786 justitias
745 697 896 764 debeatis.
923 695 970 761 Ex
990 695 1119 761 nomine

95 802 179 866 enim
194 826 255 868 nec
269 803 334 869 leus
350 825 410 869 nec
422 827 515 892 poena
527 805 641 870 morito
655 804 820 881 exstiterit,
838 806 897 872 nisi
909 805 985 893 quid
996 805 1120 893 egregie
1172 876 1176 887 Ι

96 911 195 996 possit
208 923 263 976 eut
272 913 414 999 improbe
425 912 545 982 tactum
556 914 693 1002 probari.
712 913 794 979 Nam
808 913 1002 1000 quicumque
1011 933 1121 980 coram

96 1020 184 1084 robis
198 1033 397 1094 accusantum
413 1043 468 1086 eos
483 1041 576 1109 poena
591 1044 656 1087 non
671 1020 795 1091 afficitis
809 1032 980 1107 antequam
994 1021 1122 1086 convin·
1182 1054 1184 1065 ·

97 1139 214 1191 cantur.
243 1128 281 1192 ln
302 1126 394 1194 nobis
416 1139 524 1192 autem
547 1149 664 1194 nomen
687 1128 865 1216 argumenti
885 1126 956 1194 loco
979 1126 1117 1199 sumitis;
1200 1174 1203 1186 .
1299 1181 1311 1200 ,

97 1237 246 1323 quumvis,
267 1248 423 1325 quantum
438 1237 479 1300 sd
498 1237 601 1324 ipsum
617 1259 735 1316 nomen
749 1237 873 1312 attinet,
892 1235 926 1301 in
944 1255 998 1301 eos
1015 1235 1121 1323 potius

98 1348 144 1434 qui
171 1343 253 1414 illud
268 1347 424 1412 deferunt
446 1347 697 1412 animadvertere
725 1346 892 1412 deberetis.
927 1344 1124 1412 Accusamur

97 1453 175 1518 enim
196 1454 286 1540 quod
308 1454 479 1519 Christiani
499 1441 596 1519 simus
617 1476 624 1516 :
651 1456 773 1518 bonum
794 1464 901 1518 eutem
921 1451 993 1518 odio
1012 1451 1123 1518 baberi

98 1574 202 1628 contra
222 1561 379 1648 justitiam
397 1573 454 1626 est.
476 1560 598 1627 Deinde
615 1583 691 1626 roro
707 1561 733 1626 si
752 1561 820 1646 quis
837 1584 877 1634 en
891 1561 940 1626 his
956 1560 1010 1648 qui
1025 1581 1123 1626 accu-

98 1682 202 1736 santur
216 1681 401 1758 negatorem
420 1691 454 1734 se
468 1672 619 1757 praebent,
635 1671 732 1736 verbo
748 1691 867 1757 negans
882 1691 916 1734 se
930 1691 998 1733 esse
1013 1665 1123 1734 (ibris-

98 1780 232 1851 tianums
254 1776 412 1842 dimittitis
427 1788 577 1864 tunquam
592 1777 671 1844 nibil
687 1777 840 1844 babentes
856 1776 942 1863 quod
956 1797 1031 1841 eum
1046 1799 1122 1863 poc-

99 1910 165 1953 onre
178 1886 328 1975 arguatis.
349 1883 384 1949 Si
398 1885 466 1973 quis
481 1897 587 1950 nutem
602 1875 805 1960 confiteatur,
826 1905 954 1973 poenam
966 1884 1007 1949 ob
1023 1883 1122 1972 ipsam

19 2039 20 2086 3
100 1995 325 2060 confessionem
344 1993 505 2082 irrogatist
527 2016 601 2060 oum
617 2004 649 2058 et
668 1992 849 2059 confitentis
867 2004 900 2056 et
917 1993 1060 2080 negantis
1074 1992 1123 2057 vi-

101 2117 161 2168 tam
174 2116 325 2169 excutere
339 2113 496 2190 oporteat,
512 2113 548 2166 ut
566 2122 605 2166 ex
623 2099 800 2166 actionibus
815 2095 916 2184 qualis
933 2099 1065 2186 quisque
1084 2100 1124 2165 sit

19 2239 21 2288 r
101 2210 296 2300 intelligetur.
317 2209 598 2291 Quemadmodum
617 2208 702 2274 enim
721 2206 863 2296 quidum,
884 2229 959 2274 cum
974 2228 991 2271 a
1006 2206 1123 2295 magis-

19 2325 21 2338 *
102 2333 148 2383 tro
162 2319 286 2384 Cbristo
304 2316 474 2382 didicerint
491 2339 556 2382 non
574 2309 701 2404 negare,
722 2315 904 2404 interrogati
923 2315 1122 2381 hortatorum

104 2449 228 2492 munere
241 2427 437 2516 iunguntur:
456 2425 501 2491 sic
517 2425 570 2512 qui
581 2422 664 2490 male
679 2423 800 2499 vivunt,
817 2445 926 2489 ansam
940 2423 1069 2490 sortasse
1085 2424 1122 2490 iis

19 2549 21 2598 ἱ
105 2537 241 2623 praebent
263 2534 314 2621 qui
334 2532 462 2600 aliunde
479 2531 521 2600 ad
540 2531 749 2620 effingendam
769 2531 917 2596 omnibus
938 2531 1121 2597 Christianis

105 2645 289 2730 impietatem
302 2653 335 2706 ct
350 2640 541 2730 injustitiam
547 2639 647 2726 parati
659 2650 749 2710 sunt.
763 2637 873 2726 Neque
888 2637 921 2704 id
935 2651 1022 2706 reete
1038 2663 1124 2706 eom-

105 2761 241 2837 paratum
260 2761 318 2814 est.
344 2747 484 2826 Quidam
504 2747 589 2816 enim
607 2743 814 2834 pbilosopbiae
836 2769 954 2816 nomen
976 2758 1008 2812 et
1029 2747 1123 2818 babi-

108 2869 167 2922 turu
180 2881 243 2945 prae
257 2879 291 2922 se
302 2857 420 2931 lerunt,
432 2856 486 2943 qui
497 2853 576 2930 nihil
592 2854 724 2942 dignum
739 2854 802 2920 boc
815 2839 972 2942 promisso
984 2852 1119 2928 socinum

108 2988 158 3031 nco
171 2988 224 3030 ros
234 2963 311 3030 latet
322 2987 376 3029 eos
391 2964 444 3052 qui
460 2952 616 3031 contraria
634 2959 711 3028 olim
721 2963 805 3028 inter
822 2983 856 3028 se
870 2983 995 3028 sensere
1009 2983 1048 3028 ae
1063 2962 1123 3030 do-

109 3097 202 3150 cuere,
218 3075 347 3142 nomine
369 3095 433 3138 uno
455 3071 605 3160 appellari
623 3070 837 3161 philosophos.
862 3071 910 3138 Ac
924 3094 1035 3138 eorum
1050 3073 1121 3160 qui-

108 3180 320 3252 domnonnulli
327 3178 431 3247 nullos
439 3177 514 3245 deos
522 3203 591 3246 esso
599 3181 788 3253 docuerunt
800 3170 1122 3268 Jovemotts'mpoeta

109 3313 160 3356 una
174 3313 247 3356 cum
262 3292 335 3378 ejus
348 3287 421 3354 tiliis
435 3287 633 3375 impudicum
651 3287 836 3363 decantant.
850 3311 991 3374 quorum
1000 3287 1122 3354 fabulas
1140 3315 1147 3336 ⁴

110 3398 153 3483 qui
167 3410 261 3486 agunt
281 3421 348 3468 non
362 3397 573 3484 probibentur
592 3417 609 3460 a
625 3397 725 3470 vobis,
748 3396 805 3462 sed
824 3395 899 3461 deos
911 3417 1029 3464 sonora
1044 3420 1123 3465 voco
1149 3395 1152 3401 ’
1252 3391 1254 3396 ’

110 3507 324 3594 exagitantibus
338 3505 466 3592 praemin
481 3515 513 3570 et
527 3504 664 3570 bonores
678 3504 804 3592 ponitis.

144 3613 178 3680 V.
198 3613 284 3694 Quid
298 3611 368 3688 brec
379 3612 475 3700 igitur
486 3612 544 3678 sibi
560 3611 691 3678 volunt?
705 3613 786 3700 Erga
802 3635 873 3688 nos,
889 3611 1036 3698 quinihil
1049 3615 1122 3680 mali

27 3725 28 3728 ’
108 3719 248 3798 lecturos,
259 3743 324 3787 nec
334 3720 432 3810 impia
446 3719 497 3788 illn
513 3722 695 3809 opinaturos
707 3719 906 3810 pollicemur,
923 3745 989 3788 non
1002 3724 1122 3812 judicia

106 3831 289 3906 examinatis,
310 3831 367 3899 scd
385 3829 501 3901 affectu
520 3855 537 3896 n
557 3832 678 3900 ratione
697 3829 811 3906 alieno,
832 3855 869 3900 ac
885 3830 1041 3900 melorum
1058 3835 1124 3900 ἀω-
