2688 4626
349 243 358 259 ‚
491 199 643 241 srouoors
668 199 771 242 rmus.
1080 201 1143 266 ⁹²7

116 307 211 376 nibus
222 304 382 394 appellati,
399 319 433 372 et
442 328 513 396 quae
526 306 677 372 dicuntur
688 306 775 396 apud
790 331 846 372 vos
860 307 1002 384 orseuis,
1018 309 1146 398 Amphi-

115 413 214 491 lochi,
230 415 373 482 Dodone
388 427 421 480 et
435 414 570 503 Pythie,
587 427 620 482 et
636 437 844 505 quecumque
861 414 920 480 alia
935 416 1104 504 ejusmodi,
1116 432 1148 484 et

115 527 311 616 scriptorum
330 527 507 600 sententie,
526 524 729 616 Empedoclis
745 539 777 592 et
794 523 995 614 Pythagoras,
1013 525 1150 594 Platonis

115 647 150 700 et
165 634 320 711 Socratis,
332 634 428 702 et'iile
440 635 526 724 opud
538 635 712 700 Homerum
724 635 819 710 sosse,
830 645 863 700 et
874 635 1045 702 descensus
1059 636 1151 725 Ulys-

116 746 161 810 sis
176 745 295 810 borum
311 743 519 810 videndorum
533 769 641 820 eausa,
657 757 690 809 et
706 767 819 810 eorum
834 745 1013 812 testimonio
1030 748 1084 836 qui
1102 771 1153 812 eo-

119 856 198 922 dem
212 877 250 922 eo
266 855 315 920 isti
334 855 499 924 dixerunt:
518 856 631 945 quibus
649 877 707 920 nos
725 854 836 922 saitem
852 879 942 945 aeque
960 857 1148 946 approbate.

87 1041 93 1046 ι
118 966 175 1053 qui
191 987 256 1031 nou
271 966 376 1030 minus
391 984 486 1052 quom
498 963 554 1040 iiii,
569 965 636 1030 imo
647 965 747 1053 magis
761 965 829 1032 Deo
845 965 1018 1042 credimus,
1030 966 1149 1056 quippe

115 1093 194 1142 eum
214 1085 322 1139 nostro
343 1095 476 1164 corporo
495 1074 590 1140 etiem
610 1086 735 1140 mortuo
758 1086 791 1138 st
811 1074 843 1140 in
864 1087 980 1140 terram
999 1075 1147 1166 conjectu

116 1205 175 1250 nos
197 1205 305 1250 rursus
326 1197 509 1274 recepturos
531 1207 707 1273 speremus,
732 1181 811 1250 nihil
835 1207 899 1250 non
923 1207 1014 1272 posse
1036 1209 1054 1250 n
1077 1186 1146 1251 Deo

118 1293 186 1362 steri
201 1305 383 1360 asserentes.

160 1398 250 1468 XIX.
270 1399 310 1467 Et
327 1423 402 1468 sone
418 1403 496 1492 quid
512 1401 730 1470 incredibilius
748 1402 894 1468 videatur
910 1414 1031 1468 attente
1047 1405 1149 1470 eonsi-

115 1511 253 1586 demnti,
266 1513 399 1598 quamsi
414 1513 447 1578 in
462 1535 597 1603 corpore
611 1535 677 1578 non
692 1535 845 1588 essemus,
862 1512 1018 1600 nobisque
1030 1512 1150 1579 diceret

114 1620 229 1709 aliquis
243 1645 284 1686 ex
297 1643 393 1710 porse
407 1624 545 1710 quedam
560 1623 692 1689 humani
704 1622 833 1687 seminis
847 1633 936 1710 gutte
952 1643 1022 1687 osse
1034 1633 1067 1686 et
1079 1645 1151 1688 cor-

115 1751 174 1796 ues
190 1751 243 1806 es,
253 1753 349 1818 quom
360 1731 516 1806 ridemus,
529 1732 630 1796 forme
642 1731 711 1796 ueri
723 1731 838 1820 posse?
853 1729 889 1795 ld
899 1730 985 1796 euim
997 1755 1083 1798 nunc
1094 1731 1151 1798 sm-

115 1839 225 1928 gendo
237 1836 391 1904 dieamus.
411 1839 445 1904 si
460 1837 537 1904 toles
553 1861 618 1906 nou
635 1841 758 1915 essetis,
773 1859 877 1928 neque
893 1840 954 1905 orti
969 1840 1150 1918 extalibus,

120 1949 277 2034 vobisque
297 1948 408 2036 aliquis
428 1949 566 2014 hominis
587 1969 696 2014 semen
714 1960 746 2012 et
764 1949 882 2037 piotsm
902 1937 1071 2038 imaginem
1093 1952 1150 2018 de-

119 2065 316 2128 monstrans,
331 2075 371 2118 ex
383 2051 436 2117 tuli
451 2075 486 2118 re
498 2075 572 2118 oum
583 2054 725 2142 generari
739 2075 832 2141 posse
846 2069 1056 2128 asseverarem
1070 2081 1148 2124 num

114 2164 305 2252 priusquam
318 2161 463 2227 videretis
473 2163 606 2236 suctum,
619 2161 811 2228 crederetis?
821 2161 921 2228 Nemo
930 2165 1147 2232 eontrodioere

114 2273 258 2338 audebit.
280 2273 402 2338 Eodem
420 2271 518 2338 modo
536 2272 609 2361 quie
629 2273 772 2338 nondum
791 2272 907 2338 vidistis
927 2287 1091 2342 mortuum
1106 2278 1147 2342 od

115 2383 424 2456 ritem-revocetum,
442 2378 597 2446 inereduli
609 2379 691 2446 estis.
711 2379 777 2446 Sed
787 2382 1057 2470 quemadmodum
1068 2409 1150 2451 nun-

117 2492 363 2580 quam-omniuo
384 2489 597 2558 credidissetis
618 2489 695 2556 teies
715 2511 772 2556 vos
792 2511 831 2556 ex
850 2513 946 2580 perro
966 2507 1056 2582 gutte
1078 2495 1147 2561 {ieri

115 2622 222 2690 posse,
243 2613 276 2665 et
296 2613 403 2666 temen
425 2600 526 2666 sectos
549 2596 677 2672 videtiss
706 2599 821 2664 eodem
844 2600 940 2664 modo
963 2600 1033 2666 fieri
1055 2625 1149 2691 posse

113 2711 301 2787 existimate,
318 2723 354 2776 ut
367 2708 519 2776 dissolute
538 2708 705 2774 bominum
725 2729 872 2796 oorpors,
892 2719 925 2770 st
940 2708 1040 2773 instar
1054 2712 1151 2776 semi-

113 2843 194 2888 num
213 2823 246 2886 in
264 2833 382 2887 terrem
401 2819 553 2894 resoluta,
573 2819 631 2884 Dei
651 2820 755 2907 jussu,
774 2829 863 2883 certo
885 2828 1030 2906 tempore
1047 2843 1150 2886 resur·

114 2943 193 3022 gont
211 2945 244 2996 et
262 2927 535 3020 incorruptionem
552 2929 698 2995 induent.
722 2927 804 2994 Num
824 2928 877 3015 qui
899 2931 1148 3022 unumquodque

117 3044 152 3106 in
174 3041 209 3104 id
228 3037 313 3106 uude
332 3041 436 3106 extitit
456 3040 577 3114 redire,
598 3059 636 3103 so
661 3049 813 3127 pretereo
833 3059 873 3102 no
891 3027 994 3104 Deum
1018 3041 1148 3127 quidem

121 3149 294 3238 quidquem
316 3147 402 3214 aliud
424 3171 514 3237 posse
538 3146 662 3224 dieunt,
685 3148 706 3212 ii
728 3159 866 3212 statuere
887 3169 953 3214 non
979 3171 1147 3238 possumus

119 3277 259 3346 ecquem
272 3257 340 3322 Deo
356 3256 481 3346 diguam
495 3258 670 3345 potentiam
688 3253 876 3344 relinquunt.
902 3255 967 3321 Sed
982 3255 1061 3322 illud
1075 3281 1148 3347 per-

117 3367 286 3458 spicimrts,
304 3385 502 3453 nequequam
519 3384 572 3431 eos
587 3365 764 3432 credituros
780 3364 876 3430 feisse
890 3362 970 3428 teies
986 3387 1019 3430 se
1034 3377 1066 3431 et
1079 3371 1149 3434 uni·

117 3501 249 3546 versum
264 3476 422 3542 mendum
441 3474 509 3539 {ieri
526 3497 631 3562 posse,
651 3472 759 3561 queies
778 3487 811 3538 et
829 3493 868 3538 ex
885 3471 1032 3560 qualibus
1048 3477 1146 3547 fretos

68 3627 78 3638 ·
117 3589 235 3656 rident.
254 3587 481 3654 Setiussutem
493 3605 561 3649 esse
572 3605 609 3648 eo
621 3581 762 3656 eredere,
779 3604 849 3668 quse
859 3593 892 3648 et
903 3594 1015 3651 nostrae
1026 3599 1146 3658 naturae

117 3715 149 3768 et
160 3699 293 3766 oliorum
305 3698 474 3764 bominum
486 3695 569 3760 vires
581 3703 743 3784 superent,
760 3715 853 3784 quem
864 3694 982 3784 pariter
992 3720 1067 3766 oum
1078 3701 1146 3770 ediis

90 3801 94 3810 ’
118 3808 296 3876 incredulos
316 3831 397 3884 esse,
419 3805 613 3894 occepimus.
628 3803 896 3892 Quandoquidem
912 3817 944 3872 et
959 3811 1144 3900 magistrum

913 3915 963 3980 15.
