2646 4596
271 219 333 292 4η
565 244 677 287 saucrt
700 245 820 290 tusrnu
845 247 996 290 uanrrnrs

270 343 355 408 tariis
373 344 595 432 Apostolorum
610 351 696 436 ejus3
717 373 756 416 ex
775 353 889 418 Arabia
903 351 997 440 Magi,
1012 372 1048 414 re
1065 373 1106 414 ex
1123 350 1187 416 boo
1201 351 1272 438 igno

272 450 408 540 cognita,
424 453 630 533 advenerunt,
644 481 782 547 eumque
795 460 1016 526 adoraverunt.

314 559 409 627 cv11.
434 562 530 641 Quod
549 576 656 631 autem
670 569 763 634 tertio
778 567 829 634 die
844 579 1012 657 postquam
1024 563 1201 632 cmoiiixtu
1212 563 1271 632 iri·

216 753 219 766 '
270 681 318 734 set
328 682 561 740 resurrecturus
572 685 653 751 erat,
665 676 817 764 seriptum
830 689 878 742 est
889 677 922 742 in
937 675 1050 742 iisdem
1061 673 1269 741 commoni·

268 774 410 844 hominos
427 780 519 849 vestri
538 782 673 868 generis,
690 803 764 848 oum
779 782 975 870 disputarent
989 803 1067 847 cum
1081 803 1137 854 eo,
1151 780 1267 846 diri-a:

277 882 436 952 «Ostende
447 887 539 954 nobis
551 889 693 977 signum
706 911 864 977 »eumque
872 891 1071 978 reapondisse
1083 911 1093 952 ε
1106 887 1270 954 «ommis

269 1020 282 1052 a
297 1014 391 1078 prava
410 1005 444 1058 et
457 993 598 1060 adultera
612 995 735 1085 siguum
750 998 873 1085 quaerit,
887 1009 920 1062 et
943 999 1073 1086 signum
1089 1019 1155 1062 non
1168 996 1271 1063 abts

268 1126 281 1159 a
295 1099 340 1164 eis
355 1101 413 1200 nisi
435 1103 559 1192 signum
579 1103 699 1194 Jonae¹.
718 1105 823 1184 »Quae
844 1127 918 1174 oum
932 1107 973 1170 ab
987 1129 1030 1172 eo
1044 1105 1218 1170 dieantur
1227 1123 1270 1168 ar

268 1229 359 1282 eane,
380 1207 552 1302 intelligere
572 1225 640 1278 erat
658 1213 869 1289 audientibus,
890 1235 978 1288 eum,
999 1225 1168 1302 postquam
1181 1211 1268 1280 und·

267 1315 348 1383 fixus
362 1318 482 1396 fuisset,
498 1321 590 1386 tertio
604 1321 655 1386 die
669 1333 929 1388 resurrecturum.
945 1322 994 1387 Ao
1010 1335 1153 1387 vestram
1166 1321 1269 1410 moda

268 1427 501 1514 generationem
516 1429 701 1516 nequiorem
713 1441 747 1494 et
760 1430 859 1518 magis
873 1427 1053 1506 aduiteram
1068 1431 1193 1496 citime
1202 1429 1268 1496 tint

269 1535 403 1602 vitarum
421 1537 667 1614 demonstrabat,
687 1540 741 1626 qui
762 1561 837 1605 oum
851 1539 895 1604 eis
911 1539 1009 1605 Jonas
1027 1563 1048 1604 e
1064 1537 1270 1625 vennemepi

268 1645 362 1732 piscis
376 1647 469 1713 tertio
484 1647 534 1712 die
549 1649 669 1735 ejeetus
683 1649 882 1736 praedicasset
894 1647 974 1723 iore,
996 1659 1032 1712 nt
1047 1661 1124 1736 post
1141 1645 1270 1736 (qude-

269 1755 374 1843 ginta)
389 1767 457 1821 tres
463 1757 529 1824 dios
540 1757 676 1821 universi
687 1757 839 1846 perirent,
848 1757 1004 1844 jejunium
1011 1757 1268 1844 omninmptuttu

267 1862 463 1940 animalium,
480 1864 644 1930 hominum
663 1863 782 1931 seilicet
801 1875 833 1928 et
854 1863 1027 1952 pecudum,
1046 1885 1125 1928 eum
1144 1859 1269 1930 suomet

269 1971 447 2036 vehementi
468 1970 600 2058 ejulatu,
621 1982 653 2036 et
673 1993 745 2037 vera
760 1995 800 2036 ex
819 1969 968 2037 cordibus
983 1969 1270 2035 oonvoeeioneetd

268 2080 468 2167 improbitate
475 2080 920 2168 diseemionepromuigarunt,
933 2091 1022 2144 oeno
1032 2075 1270 2144 tammum

267 2187 504 2252 misericordem
518 2200 551 2252 et
565 2187 737 2277 benignum
747 2209 814 2252 esse
825 2187 858 2252 in
869 2208 923 2252 eos
935 2209 1046 2252 omnes
1058 2188 1110 2274 qui
1120 2207 1138 2250 a
1147 2183 1271 2272 nequitia

193 2351 197 2357 .
267 2291 449 2363 discedunt:
468 2292 511 2356 ita
528 2305 562 2358 ut
577 2294 644 2380 ipse
658 2294 752 2358 etiam
768 2315 823 2358 rex
836 2293 969 2360 civitatis
983 2291 1266 2380 iiiiusamgnates

266 2398 408 2466 similiter
422 2401 521 2466 saonis
535 2401 638 2466 induti
653 2401 685 2465 in
700 2402 820 2488 jejunio
834 2413 866 2465 et
882 2401 1106 2489 supplicatione
1115 2419 1270 2487 pamene-

266 2523 349 2584 rent,
371 2531 410 2576 ao
429 2533 469 2575 ne
485 2512 560 2576 urbs
574 2511 715 2600 ipsorum
733 2523 926 2576 everteretur
947 2511 1161 2598 impetrarent.
1176 2507 1270 2588 Qm'n-

266 2618 362 2686 etiam
374 2641 448 2683 oum
457 2631 607 2697 moernret
616 2617 726 2690 Jonas,
739 2617 824 2704 quod
836 2617 887 2682 die
902 2615 1267 2706 (quadragesimo)tar·tio.
1300 2660 1308 2677 .

265 2741 302 2794 ut
313 2728 549 2817 praedicaverat,
568 2727 642 2792 urbs
656 2747 762 2792 eversa
778 2747 842 2791 non
858 2723 982 2798 inissem
997 2725 1148 2814 prudenti
1158 2719 1272 2792 sufflo

265 2837 350 2902 Deus
365 2835 481 2902 hedera
494 2833 569 2900 illie
584 2848 668 2899 terra
678 2833 879 2924 proferenda,
891 2835 949 2898 sub
961 2852 1023 2920 qua
1035 2833 1150 2898 sedens
1160 2835 1198 2898 ab
1207 2841 1272 2896 asta

266 2944 517 3011 obumbrabatur
540 2941 625 3028 (erat
644 2955 750 3008 antem
768 2942 898 3016 hedera,
922 2942 1087 3029 repentina
1109 2939 1270 3010 cumin,

266 3076 328 3120 neo
346 3052 486 3141 plantata
505 3075 522 3116 a
537 3050 633 3127 dona,
648 3075 709 3118 nec
723 3053 862 3140 irrigata,
879 3051 935 3117 sed
957 3051 1062 3116 subito
1081 3049 1124 3114 ad
1145 3047 1273 3116 umbem

265 3163 294 3228 ei
306 3161 545 3227 ministrandam
560 3163 702 3248 exorta),
717 3183 817 3248 eaque
832 3181 939 3225 rursus
950 3157 1012 3224 aiio
1022 3170 1184 3246 maeeepto
1192 3158 1275 3222 etsie

263 3271 378 3344 eandm
405 3291 465 3356 qua
486 3291 525 3334 ex
546 3290 581 3334 re
602 3269 776 3356 angebatur
794 3267 906 3340 Jonas3
929 3267 1037 3353 inique
1055 3287 1130 3330 eum
1152 3285 1274 3348 maereo

263 3379 365 3470 arguit
379 3379 477 3453 Deus,
493 3377 578 3464 quod
600 3376 707 3442 oia-itas
727 3375 934 3442 Ninivitarum
951 3397 1059 3440 eversa
1080 3397 1145 3439 non
1165 3372 1273 3436 tine.

272 3489 345 3552 «Tu
359 3486 539 3576 pepercisti,
555 3484 668 3572 inquit,
684 3484 822 3559 hederae,
839 3485 871 3548 in
887 3505 946 3570 qua
962 3479 1039 3546 nihii
1051 3479 1151 3546 saciati
1168 3501 1276 3567 opera,

262 3617 394 3681 »neque
415 3594 570 3660 nutrivisti
590 3617 673 3668 eam,
690 3617 762 3681 quae
779 3593 837 3659 sub
853 3603 980 3657 noctem
995 3611 1085 3655 suam
1107 3585 1235 3676 prodiit,
1252 3599 1276 3650 et

262 3729 275 3763 s
290 3703 347 3766 sub
363 3715 490 3768 noetem
504 3725 591 3768 suam
606 3701 719 3790 periit:
734 3715 767 3768 et
778 3725 836 3791 ego
848 3723 911 3767 non
924 3721 1054 3788 parcam
1065 3719 1158 3786 super
1173 3695 1277 3763 Ninive

297 3826 304 3858 ¹
318 3825 407 3876 ttatrb.
422 3843 467 3886 ιιι,
478 3827 519 3890 39.
