2772 4620
266 335 416 378 arenosus
442 335 503 378 corr
526 333 692 378 rnrrnoun
715 332 831 374 annaeo.
1005 311 1065 397 507

42 442 186 506 nbuistis
199 459 309 505 omnes
322 452 357 504 ut
372 438 543 504 Christiani
556 437 750 502 diceremini.
766 435 865 502 Nobis
881 447 1000 512 eutem,
1012 440 1066 525 qui

42 552 96 625 tei,
114 573 134 614 a
153 551 330 638 quostiam
347 549 481 637 hicipse
502 548 604 614 sactus
618 559 679 621 est,
696 545 832 612 cultores
853 566 974 621 sumus,
992 547 1068 613 nihil

42 683 109 746 pus
126 671 179 724 est
194 670 230 722 ut
246 679 321 722 eum
336 655 548 723 confiteamur
561 667 617 720 aut
631 655 807 720 adoremus.

71 765 126 830 Ad
141 765 215 830 haec
229 787 289 852 ego
306 785 314 828 ε
334 762 367 828 Si
383 764 484 838 vobis,
502 764 644 852 inquam,
661 761 802 851 Trypho,
820 761 924 827 studio
939 775 1068 828 conten·
1106 801 1116 814 =

42 875 127 938 iouis
145 883 179 937 et
194 857 320 938 levitate
335 871 443 937 similis
457 893 571 946 essem,
589 893 653 934 non
672 871 737 956 jam
760 871 864 936 adhuc
885 891 1068 958 persevera-

42 1005 101 1046 em
117 981 287 1046 vobiscum
302 980 537 1046 communicare
552 999 727 1050 sermones;
742 980 857 1068 quippe
874 979 927 1066 qui
943 1000 1006 1044 non
1025 978 1066 1042 nd

44 1113 65 1152 n
91 1113 165 1178 quse
188 1089 338 1154 dicuntur
356 1086 559 1176 intelligenda
580 1109 635 1152 vos
655 1087 788 1175 paretis,
812 1088 868 1152 sed
884 1097 1007 1152 tantum
1027 1087 1067 1150 nd

47 1195 154 1283 liquid
167 1197 339 1263 dicendum
350 1198 520 1262 exacuetis.
535 1195 561 1262 N
565 1217 628 1261 nnc
639 1208 747 1260 eutem
759 1196 831 1282 quia
844 1195 998 1283 judicium
1009 1195 1067 1261 Dei

42 1306 185 1380 ormido,
201 1305 241 1370 de
251 1303 339 1369 nullo
350 1327 390 1369 ex
404 1317 508 1370 vestro
520 1327 634 1393 genere
646 1303 834 1391 praejudico,
850 1314 956 1368 utrum
966 1305 992 1369 is
1004 1327 1068 1368 non

44 1413 71 1476 it
94 1435 135 1476 ex
156 1432 269 1474 eorum
291 1431 425 1475 numero
441 1409 496 1497 qui
516 1409 694 1474 secundnm
713 1408 846 1496 gratiam
861 1407 988 1473 Domini
1009 1407 1068 1471 Sa-

42 1520 131 1585 ‚aoth
147 1517 259 1584 salvari
275 1531 416 1606 possunt.
433 1519 637 1604 Quapropter
648 1518 791 1605 quamvis
806 1540 871 1581 non
885 1518 986 1606 probe
1000 1542 1068 1608 aga-

42 1629 83 1701 is,
102 1649 233 1714 pergam
249 1637 356 1691 tamen
368 1625 523 1712 quidquid
539 1625 658 1690 avobis
673 1625 871 1712 propositum
886 1638 942 1689 ant
958 1639 1068 1693 contra

42 1736 129 1800 uerit
146 1736 282 1810 dictum,
296 1734 336 1798 nd
349 1735 381 1799 id
392 1733 602 1822 respondere;
619 1735 704 1820 quod
717 1733 801 1798 idem
812 1735 908 1798 etiam
919 1736 1069 1801 adversus

42 1867 147 1910 rmnes
163 1843 295 1908 omnino
306 1865 347 1906 ex
360 1842 448 1906 omni
464 1841 630 1905 hominum
646 1863 774 1928 genere,
791 1843 845 1928 qui
860 1843 908 1907 his
920 1843 959 1907 dc
974 1846 1069 1910 rebus

42 1965 92 2016 rut
107 1973 237 2016 mecum
253 1950 461 2016 commentari
476 1961 532 2014 aut
547 1970 585 2012 ex
600 1972 652 2014 me
667 1949 818 2014 sciscitari
837 1949 1003 2027 voluerint,
1022 1953 1070 2018 la-

42 2059 100 2126 tio.
120 2058 154 2124 Si
171 2059 266 2146 igitur
281 2059 423 2122 animum
439 2057 527 2122 adea
539 2076 609 2143 quae
623 2079 662 2125 ex
677 2053 848 2144 Scripturis
859 2057 949 2123 attuli
961 2059 1068 2125 adver

42 2168 166 2241 vissetis,
185 2190 239 2233 eos
254 2167 349 2231 etiam
364 2167 417 2254 qui
431 2187 471 2231 ex
482 2177 586 2230 vestro
600 2187 714 2253 genere
726 2163 897 2243 salvantur,
914 2188 971 2256 per
982 2169 1069 2240 bunc

42 2276 163 2349 salvari,
180 2287 274 2362 atque
286 2275 318 2340 in
333 2276 404 2362 ejus
418 2287 508 2364 parte
518 2295 586 2340 esse
601 2273 827 2340 intellexissetis
838 2276 994 2363 prolecto,
1008 2301 1068 2344 nec

42 2409 89 2448 me
105 2383 251 2450 videlieet
266 2407 302 2449 ea
319 2385 358 2449 de
382 2407 416 2448 re
432 2384 540 2449 essetis
560 2383 748 2470 percontati.
771 2384 890 2449 lterum
906 2386 1001 2473 igitur
1015 2409 1067 2450 ro-

42 2495 138 2560 icram
153 2519 221 2582 quae
243 2517 282 2560 ex
303 2491 423 2559 Devide
438 2505 529 2558 antea
545 2490 679 2581 protuli;
699 2514 737 2561 ac
751 2515 806 2558 vos
826 2515 883 2557 oro
903 2506 938 2558 ut
959 2494 998 2558 ad
1018 2495 1067 2559 in-

42 2599 258 2688 telligendum,
280 2623 344 2668 non
369 2613 475 2666 entem
495 2601 536 2666 ad
558 2601 702 2688 improbe
725 2600 881 2688 agendum
903 2613 936 2665 et
958 2612 1068 2665 contra

42 2709 260 2774 tautummodo
279 2708 456 2776 dicendum
474 2732 528 2773 vos
545 2708 692 2774 incitetis.
714 2706 841 2772 Davidis
860 2719 967 2772 autem
986 2708 1069 2773 dicta

42 2819 209 2884 dehabent
221 2841 228 2883 :
240 2817 416 2884 «Dominus
424 2817 582 2906 regnavit;
598 2817 774 2882 irascantur
785 2815 892 2903 populi
902 2838 910 2878 ι
921 2817 973 2904 qui
983 2817 1071 2881 sedet

42 2957 53 2988 a
72 2949 165 3014 super
179 2926 370 2997 Cherubim3
389 2937 555 2990 moveatur
574 2937 668 2988 terra.
686 2924 841 2990 Dominus
856 2924 889 2988 in
909 2923 985 2990 Sion
1001 2947 1070 2989 ma-

42 3063 54 3094 »
70 3057 161 3121 gnus,
176 3045 208 3097 et
222 3032 363 3098 excelsus
379 3017 475 3120 super
489 3053 599 3098 omnes
614 3030 758 3120 populos.
775 3031 994 3099 Conliteantur
1010 3058 1069 3099 no-

44 3172 57 3202 »
75 3141 150 3206 mini
168 3154 223 3205 tuo
245 3163 359 3229 magno
377 3165 385 3206 ε
403 3141 554 3228 quoniam
574 3140 715 3205 terribile
730 3153 762 3206 et
781 3154 926 3208 sanctum
946 3157 993 3209 est
1011 3167 1019 3208 ε
1038 3157 1070 3209 ct

46 3249 177 3314 »bonor
191 3248 272 3336 regis
291 3249 444 3334 judicium
461 3248 571 3337 diligit.
590 3247 640 3312 Tu
655 3249 770 3336 parasti
793 3249 990 3316 directiones.
1011 3254 1073 3318 du-

45 3391 58 3422 »
77 3360 191 3423 dicium
208 3369 241 3422 et
255 3358 407 3443 justitiam
418 3358 451 3424 in
462 3357 561 3424 Jacob
575 3369 609 3421 tu
622 3357 732 3422 fecisti.
747 3357 889 3424 Exultate
900 3361 1072 3426 Dominum

45 3501 57 3534 a
75 3470 176 3534 Deum
192 3478 350 3542 nostrum,
366 3478 398 3531 et
420 3465 547 3531 adorate
563 3465 736 3532 scabellum
751 3465 870 3554 pedum
888 3468 970 3554 ejus,
992 3493 1071 3556 quo-

47 3611 58 3642 »
74 3580 155 3644 niam
171 3588 299 3644 sanctus
314 3589 371 3642 est.
390 3574 492 3640 bloses
507 3587 540 3639 et
555 3575 659 3640 Aaron
671 3575 704 3639 in
716 3575 931 3641 sacerdotibus
943 3579 1024 3665 ejus,
1040 3593 1071 3644 et

47 3685 196 3752 »Samuel
219 3687 303 3752 inter
323 3685 448 3774 eosqui
472 3685 619 3749 invocant
641 3705 758 3748 nomen
780 3684 858 3772 ejus
879 3686 1070 3754 Invocabont

48 3828 60 3860 s
77 3797 255 3871 Dominum,
272 3809 304 3860 et
320 3796 387 3885 ipsc
402 3794 589 3859 exaudiebat
604 3816 658 3859 eos
676 3816 683 3856 :
703 3793 734 3858 in
751 3792 897 3860 columna
914 3799 1006 3862 nubis
1021 3797 1071 3862 lo-

50 3893 228 3992 »quebatur
250 3906 289 3970 nd
308 3929 377 3978 eos3
400 3904 550 3992 qnoniam
566 3901 786 3969 custodiebant
804 3905 982 3972 testimonia
1001 3909 1071 3996 ejus
