2492 4632
375 311 497 356 contus
521 311 673 380 ligum-

372 531 528 601 CAPUT
550 531 665 605 xv11.

10 739 77 778 cm
97 725 244 785 wao‘dus
254 737 280 786 et
293 727 393 808 typicis
405 726 589 790 obludonidns
600 749 635 790 ac
643 727 794 811 sacrificiis
806 751 862 792 non
874 732 1041 815 indignius,

9 843 67 880 sec
94 847 157 903 per
171 847 205 886 co
223 825 345 888 Ιιοιηὺιω
366 850 464 889 ueram
472 827 619 910 justitium
638 833 772 908 consequi
783 835 914 909 muoso.
932 835 1041 898 Idcirco

9 924 47 978 fs
65 925 229 1008 abrogatis
244 949 345 990 novum
358 949 393 989 ac
404 951 503 990 oerum
515 931 582 990 novi
592 931 757 994 Tuomst
767 932 939 1016 sacrficium
950 939 1041 1013 n'psuu

8 1033 164 1104 ros-pons
178 1051 213 1090 uc
229 1031 377 1110 snrgunt
391 1029 500 1092 Otreos·
508 1031 781 1116 uuulutumfoissc‚
796 1048 849 1095 toto
863 1035 926 1098 orte
937 1039 1044 1100 oomni

7 1125 158 1188 Domino
172 1127 349 1212 offermdtun.

9 1304 45 1369 l.
76 1305 253 1386 Quoniam
267 1319 376 1375 autem
395 1332 460 1378 non
478 1309 623 1400 indigens
642 1310 729 1378 Deus
746 1310 896 1379 servitute
910 1333 1036 1390 eorum,

6 1411 29 1477 d
45 1428 201 1505 propter
211 1417 296 1506 ipsos
307 1417 462 1508 quasdam
474 1421 690 1488 observantias
701 1421 734 1486 in
744 1419 829 1511 Lege
839 1423 1038 1512 preceperit,

5 1525 183 1592 unissime
198 1525 365 1616 Prophetae
382 1528 533 1596 indicant.
556 1529 597 1596 Et
611 1553 721 1597 numus
737 1531 887 1620 quoniam
903 1553 969 1598 non
987 1532 1039 1599 in-

5 1646 77 1722 get
97 1633 190 1701 Deus
208 1635 368 1705 oblatione
382 1661 507 1715 eornm,
528 1639 584 1706 sed
605 1651 738 1730 propter
757 1640 861 1729 ipsum
883 1640 938 1729 qui
962 1639 1038 1709 olle-

4 1755 46 1818 ιι,
70 1742 260 1824 hominem,
276 1747 441 1815 manifeste
456 1748 612 1816 Dominus
628 1749 750 1826 docuit,
767 1748 1041 1836 quemadmodum

2 1852 210 1921 stondinaus.
229 1853 407 1946 siquando
425 1857 512 1923 enim
530 1855 726 1948 negligentes
747 1879 801 1924 eos
821 1856 989 1945 justitiam,
1006 1867 1039 1925 et

1 1961 196 2028 bstinentes
214 1985 232 2027 a
255 1961 424 2030 dilectione
437 1963 497 2032 Dei
515 1963 656 2042 videbat,
675 1987 734 2054 pen
751 1963 906 2032 sacrificia
928 1977 1039 2032 autem

2 2084 16 2136 t
34 2071 185 2162 reliquas
199 2073 321 2163 typicas
336 2074 551 2141 observantias
569 2086 718 2166 putantes
734 2073 898 2164 propitiari
913 2073 1036 2152 Deum,

8 2182 130 2249 ieehat
149 2182 194 2249 eis
215 2180 344 2248 Samuel
367 2182 496 2272 quidem
520 2183 567 2251 sic
587 2207 596 2248 ε
620 2208 634 2246 a
656 2181 728 2250 Non
747 2180 815 2248 vult
838 2181 926 2249 Deus
945 2181 1040 2252 holo-

16 2305 140 2358 causta
159 2303 192 2358 et
203 2291 371 2369 sacrificia,
386 2293 442 2360 sed
456 2291 524 2359 vult
539 2291 681 2360 exaudiri
698 2313 809 2360 vocem
824 2315 924 2360 suam.
940 2294 1038 2372 nece,

1 2437 3 2454 ·
22 2401 160 2468 auditus
174 2403 278 2468 bonus
294 2425 390 2492 super
403 2402 609 2480 sacrificium,
622 2414 655 2468 et
665 2401 792 2469 auditus
807 2423 903 2493 super
913 2403 1042 2494 adipem

0 2559 1 2562 ,
24 2513 170 2578 arietum
183 2509 205 2577 ¹.
222 2541 235 2576 ι
249 2510 351 2578 David
362 2523 469 2580 autem
480 2513 524 2579 ait
540 2535 549 2579 :
563 2539 576 2574 a
589 2511 790 2580 Sacrificium
801 2524 834 2579 et
845 2511 1040 2580 oblationem

27 2619 173 2697 noluisti:
193 2645 284 2689 nunes
302 2633 411 2689 antem
430 2621 588 2713 perfecisti
603 2621 684 2688 mihi
703 2645 713 2689 z
734 2620 922 2689 holocausta
942 2622 1040 2688 etiam

0 2777 1 2780 κ
22 2754 87 2820 pro
110 2729 225 2799 delicto
245 2753 311 2798 non
333 2731 497 2820 postulasti
513 2731 537 2798 ².
557 2759 570 2796 s
590 2731 717 2798 Docens
734 2752 788 2796 eos
808 2729 960 2817 quoniam
983 2731 1039 2796 ob-

0 2841 197 2907 uditioncm
215 2838 282 2907 vult
296 2838 401 2918 Dens,
418 2863 489 2929 qnae
506 2851 610 2906 servat
625 2861 698 2915 eos,
714 2858 812 2925 quam
830 2835 984 2903 sacrificia
1005 2849 1038 2904 et

3 2947 286 3026 solocaustomata,
303 2971 374 3038 quse
389 2947 468 3017 nihil
480 2948 669 3037 eisprosunt
683 2944 892 3032 adjustitiam
906 2967 915 3009 ε
930 2958 964 3011 et
978 2969 1034 3014 no-

19 3083 76 3126 um
100 3058 195 3126 simul
221 3059 415 3149 prophetans
437 3056 688 3124 Testamentum.
712 3051 906 3120 Manifestius
929 3067 1038 3123 autem

0 3169 107 3236 adhuc
122 3170 155 3236 in
170 3168 430 3260 quinquagesimo
446 3165 571 3234 Psalmo
586 3165 627 3232 de
648 3164 698 3233 lais
712 3165 756 3230 ait
775 3187 784 3230 ε
806 3189 819 3224 s
836 3163 996 3245 Quoniam
1012 3167 1039 3234 si

22 3278 178 3346 voluisses
196 3278 402 3356 sacrificium,
422 3276 579 3343 dedissem
598 3275 734 3364 utique:
755 3273 949 3343 holocaustis
971 3299 1037 3344 non

0 3431 1 3436 κ
26 3387 251 3457 delectaberis.
271 3387 472 3457 Sacrificium
486 3387 555 3454 Deo
570 3385 698 3478 spiritns
714 3384 963 3461 contribulatum
982 3410 1040 3455 con

25 3499 204 3566 contritum
220 3511 253 3565 et
268 3497 471 3566 humiliatum
484 3497 640 3564 Dominus
655 3518 720 3562 non
736 3505 864 3586 spernet
880 3493 903 3562 ⁸.
922 3495 1037 3577 »Quo-

0 3609 88 3674 iam
112 3631 189 3698 cngo
211 3605 290 3676 nihil
316 3607 437 3697 indiget
461 3607 561 3681 Deus,
584 3605 618 3670 in
641 3627 680 3670 eo
700 3603 754 3691 qui
780 3615 830 3670 est
855 3616 928 3670 ante
951 3603 1039 3673 huno

0 3726 1 3773 l
21 3717 125 3786 salmo
142 3717 207 3783 ait:
233 3711 328 3786 «Noia
345 3715 501 3806 accipiam
519 3714 559 3780 de
579 3713 676 3780 domo
693 3723 747 3777 tua
768 3709 895 3790 vitulos,
915 3735 978 3781 nec
996 3715 1037 3782 de

0 3862 2 3881 ·
27 3827 177 3918 gregibus
198 3827 260 3894 tuis
280 3827 396 3896 hircos.
423 3823 585 3905 Quoniam
605 3843 686 3890 meae
705 3833 780 3888 aunt
800 3842 909 3888 omnes
929 3822 1037 3892 bestie

34 3954 42 3989 ¹
57 3971 65 4004 a
81 3955 142 4022 llcg.
156 3971 197 4018 u,
210 3952 384 4007 n.-²1‘·al.
400 3967 485 4014 xxxix,
497 3965 521 4016 7.
531 3949 582 3990 -⁸
593 3947 658 4002 Peel.
673 3967 695 4014 o,
708 3947 746 4010 18,
761 3963 799 4014 ¹9·
