2648 4598
318 252 452 294 neonrro
476 251 531 292 nno
556 251 757 294 cnmsrranrs.
1005 233 1045 294 85

35 355 117 418 onim
131 377 187 420 nos
201 356 295 421 etiam
309 356 394 422 Deus
409 357 558 442 tanquam
572 378 685 444 pecora
698 368 729 421 et
740 357 881 442 jumenta
896 357 1046 446 perfunc-

34 463 111 526 torie
125 474 157 528 et
169 474 204 527 ιιι
214 464 387 552 periremus
401 475 433 528 et
443 485 711 540 evanesceremus.
725 465 859 554 creavit)
875 489 883 530 ε
903 466 936 532 in
945 465 993 531 his
1003 466 1049 532 in·

33 571 147 636 stitutis
169 571 335 638 verisimile
356 595 421 636 non
442 583 489 637 est
509 583 543 636 ιιι
563 571 695 640 libenter
719 597 903 662 peccemus,
928 597 1047 660 nosque

34 699 148 763 magun
162 675 267 742 tudici
283 676 456 766 puniendos
471 677 639 745 tradamus.

78 785 216 851 XXXll.
238 785 320 853 lllud
333 799 440 852 autem
457 786 586 860 minime
604 787 730 863 mirum,
748 790 832 876 quod
846 813 883 856 ea
898 792 988 859 uobis
1005 792 1048 856 al·

34 893 157 982 fingunt
174 917 243 980 quae
262 894 303 960 de
317 895 375 960 diis
387 895 450 960 suis
461 895 584 970 dieunt,
596 919 731 984 quorum
742 898 954 991 perpessiones
965 922 1035 987 mys

35 1002 110 1070 teria
125 1001 275 1069 efficiunt.
295 1004 435 1070 Decebot
450 1016 556 1070 autem
571 1017 618 1079 ut,
635 1006 660 1070 si
679 1004 810 1076 licenter
824 1018 857 1071 et
872 1009 1048 1094 promiscue
1098 1040 1102 1051 ·

32 1111 157 1178 misceri
172 1112 289 1201 grande
304 1112 389 1178 nefas
403 1112 573 1200 judicaturi
587 1125 690 1187 erant,
708 1112 756 1178 vel
771 1113 882 1182 lovem
897 1116 1047 1191 odissent,

34 1221 87 1306 qui
107 1244 146 1286 ex
164 1219 251 1286 Rhea
270 1231 370 1288 matre
391 1231 423 1286 et
444 1220 507 1285 lilia
522 1220 707 1309 Proserpina
723 1220 837 1286 liberos
852 1225 1001 1310 suscepit,
1017 1237 1050 1290 et

34 1329 159 1417 propria
175 1351 282 1394 sorore
297 1353 370 1394 usus
385 1339 432 1394 est
451 1351 562 1400 uxorea
580 1326 629 1394 vel
643 1327 758 1394 boram
778 1328 973 1396 inventorem
988 1331 1051 1397 Or-

32 1437 165 1525 pheum,
182 1450 217 1501 nt
233 1437 285 1526 qui
300 1437 412 1504 Jorem
425 1437 563 1526 Thyeste
585 1437 652 1526 ipso
667 1437 878 1508 scelestiorem
895 1451 927 1503 et
942 1450 1052 1506 conta-

33 1548 231 1614 minationem
246 1547 391 1614 lecisset:
410 1548 435 1614 is
449 1547 534 1614 enim
548 1569 588 1612 ex
602 1545 730 1612 oraculo
742 1559 887 1635 stuprum
899 1546 1003 1615 intulit
1018 1549 1053 1614 fi-

33 1657 94 1732 liae,
114 1679 188 1724 cum
204 1681 334 1747 regnare
356 1681 394 1723 ac
416 1681 450 1722 se
468 1657 578 1724 ulcisci
597 1656 697 1723 vellet.
722 1657 785 1734 Illos
803 1669 909 1724 autem
929 1669 1051 1726 tautum

32 1768 182 1831 absumus
197 1789 215 1829 a
229 1765 415 1854 promiscuis
426 1763 561 1852 llugitiis,
575 1775 610 1828 ut
620 1765 711 1830 nobis
722 1787 762 1828 ne
773 1765 913 1853 aspicere
923 1765 1052 1852 quidem

33 1873 126 1938 liceat
141 1873 182 1938 ad
195 1871 493 1960 concupiscendum.
510 1871 616 1938 «Nam
632 1871 685 1958 qui
701 1871 796 1948 videt,
814 1872 927 1959 iuquit,
943 1873 1053 1938 mulie-

35 2011 47 2042 ι
63 1981 183 2050 remed
193 1981 483 2068 concupiscendum
494 2002 577 2058 eam,
592 1981 658 2068 jam
671 1980 845 2052 moechatus
856 1981 947 2050 estin
958 1982 1053 2048 eorde

34 2089 152 2156 »suo¹.
169 2119 183 2152 ι
199 2091 324 2169 Quibus
338 2091 432 2180 igitur
448 2087 612 2156 oculorum
627 2112 701 2156 usus
717 2113 755 2155 eo
770 2089 833 2156 fine
851 2091 1049 2166 terminatur,

33 2199 74 2263 ad
89 2221 184 2286 quem
199 2199 283 2264 Deus
298 2197 407 2264 oculos
421 2197 577 2273 formavit,
594 2219 707 2286 nempe
722 2211 757 2264 ιιι
772 2199 863 2264 nobis
878 2197 984 2276 lumen
1000 2222 1051 2264 es-

32 2320 117 2380 sent;
129 2309 305 2396 quibusque
313 2305 361 2372 vel
374 2306 413 2371 de
424 2307 488 2396 ipsa
500 2306 687 2394 cogitatione
697 2306 730 2371 in
741 2305 896 2392 judicium
904 2307 1051 2372 vocandis

35 2417 205 2504 jucundior
219 2427 362 2504 aspectus
377 2413 565 2484 adulterium
578 2425 639 2488 est,
656 2414 728 2501 quia
743 2411 820 2480 alios
836 2414 867 2478 in
883 2437 956 2480 usus
968 2415 1052 2480 oculi

37 2523 189 2595 instituti:
212 2523 233 2587 ii
252 2521 409 2610 quomodo
428 2532 637 2607 temperantes
653 2541 717 2585 non
732 2519 924 2586 credantur?
944 2519 1053 2606 Neque

35 2633 121 2696 enim
137 2632 227 2697 nobis
241 2631 321 2696 ratio
334 2641 382 2695 est
394 2651 470 2695 cum
484 2627 630 2702 humanis
645 2626 778 2715 legibus,
795 2651 872 2712 quas
892 2629 1055 2714 improbus

36 2742 105 2828 quis
126 2741 220 2806 etiam
240 2739 334 2805 lateat
354 2739 461 2824 (vobis
476 2749 582 2802 autem
596 2736 698 2810 initio,
710 2735 850 2807 Domini,
864 2734 1056 2800 demonstra-

37 2853 111 2915 bam
130 2849 307 2915 doctrinam
325 2859 466 2912 nostram
485 2867 502 2908 a
518 2845 585 2910 Deo
600 2841 747 2906 traditam
763 2844 867 2930 esse);
892 2842 947 2906 sed
966 2844 1057 2908 nobis

38 2959 155 3022 sancita
170 2956 220 3022 lex
233 2967 293 3029 est,
308 2967 345 3018 ut
359 2954 485 3039 justitiae
499 2972 680 3016 mensuram
696 2971 734 3014 ex
749 2950 839 3018 nobis
855 2961 887 3014 et
901 2973 940 3016 ex
950 2954 1055 3038 proxi-

39 3064 99 3127 mis
113 3063 227 3126 nostris
242 3060 460 3147 dijudicemus.
479 3057 560 3122 llinc
574 3078 632 3142 pro
647 3067 737 3120 oetate
752 3054 828 3122 alios
842 3056 923 3122 lilios
934 3071 967 3126 et
977 3060 1056 3126 filias

40 3172 196 3243 novimus,
213 3167 288 3234 alios
303 3167 412 3233 iratres
427 3179 459 3231 et
473 3189 595 3231 sorores
609 3163 774 3242 habemus,
792 3188 830 3231 ac
848 3169 985 3234 seniores
1000 3193 1057 3256 pu-

40 3295 127 3344 trum
139 3290 171 3342 et
189 3289 326 3342 matrum
342 3275 412 3342 loco
428 3273 568 3342 colimus.
586 3275 674 3353 Quos
686 3275 779 3363 igitur
793 3274 904 3341 fratres
920 3288 953 3340 et
969 3301 1057 3344 soro-

40 3413 103 3464 res,
113 3383 498 3474 caeterisquecognationis
510 3382 688 3449 nominibus
699 3381 904 3470 appellamus,
914 3385 1071 3451 maxima·

41 3497 133 3564 nobis
147 3516 232 3561 corre
245 3505 305 3568 est,
321 3505 356 3556 ut
371 3492 551 3558 intaminata
567 3503 599 3556 et
612 3490 792 3579 incorrupta
804 3514 915 3556 eornm
927 3516 1056 3580 corpora

42 3613 256 3695 permaneant.
274 3603 346 3669 lluc
357 3600 479 3669 accedit
494 3597 544 3666 illa
560 3599 713 3687 scriptura
732 3622 740 3662 τ
758 3625 771 3658 ι
786 3597 818 3664 Si
834 3599 903 3686 quis
918 3601 1059 3668 osculum

45 3724 238 3802 »propterea
265 3722 397 3799 repetat,
424 3709 509 3796 quod
535 3728 573 3773 eo
599 3705 782 3774 delectetur.
805 3707 915 3772 »Tum
944 3709 1059 3776 addit:

78 3841 86 3874 ¹
101 3840 188 3888 Murra.
201 3855 225 3898 v,
236 3837 275 3886 28.
