<?xml version="1.0" encoding="UTF-8"?>
<!DOCTYPE html PUBLIC "-//W3C//DTD XHTML 1.0 Transitional//EN"
    "http://www.w3.org/TR/xhtml1/DTD/xhtml1-transitional.dtd">
<html xmlns="http://www.w3.org/1999/xhtml" xml:lang="en" lang="en">
 <head>
  <title>
</title>
<meta http-equiv="Content-Type" content="text/html;charset=utf-8" />
  <meta name='ocr-system' content='tesseract 3.04.00' />
  <meta name='ocr-capabilities' content='ocr_page ocr_carea ocr_par ocr_line ocrx_word'/>
</head>
<body>
  <div class='ocr_page' id='page_1' title='image "./collectioselect02guilgoog_0134.png"; bbox 0 0 2710 4662; ppageno 0'>
   <div class='ocr_carea' id='block_1_1' title="bbox 461 211 1109 272">
    <p class='ocr_par' dir='ltr' id='par_1_1' title="bbox 461 211 1109 272">
     <span class='ocr_line' id='line_1_1' title="bbox 461 211 1109 272; baseline -0.012 -14"><span class='ocrx_word' id='word_1_1' title='bbox 461 214 575 258; x_wconf 79' lang='lat' dir='ltr'><strong>ssuons</strong></span> <span class='ocrx_word' id='word_1_2' title='bbox 598 213 730 256; x_wconf 74' lang='lat' dir='ltr'><strong>seusun.</strong></span> <span class='ocrx_word' id='word_1_3' title='bbox 1050 211 1109 272; x_wconf 75' lang='lat'><strong>¹¹0</strong></span> 
     </span>
    </p>
   </div>
   <div class='ocr_carea' id='block_1_2' title="bbox 54 311 1170 2028">
    <p class='ocr_par' dir='ltr' id='par_1_2' title="bbox 54 311 1116 1063">
     <span class='ocr_line' id='line_1_2' title="bbox 105 311 1109 410; baseline -0.001 -26"><span class='ocrx_word' id='word_1_4' title='bbox 105 311 244 388; x_wconf 71' lang='lat' dir='ltr'><strong>xxiv.</strong></span> <span class='ocrx_word' id='word_1_5' title='bbox 263 317 436 410; x_wconf 78' lang='lat' dir='ltr'><strong>Postquam</strong></span> <span class='ocrx_word' id='word_1_6' title='bbox 448 321 822 388; x_wconf 77' lang='lat' dir='ltr'><strong>sutemhaeeevenecunt</strong></span> <span class='ocrx_word' id='word_1_7' title='bbox 833 317 1109 406; x_wconf 77' lang='lat' dir='ltr'><strong>etlinemnccepe</strong></span> 
     </span>
     <span class='ocr_line' id='line_1_3' title="bbox 55 424 1110 518; baseline -0.01 -17"><span class='ocrx_word' id='word_1_8' title='bbox 55 438 163 500; x_wconf 63' lang='lat'>‘⁰⁰13</span> <span class='ocrx_word' id='word_1_9' title='bbox 186 426 245 518; x_wconf 67' lang='lat' dir='ltr'><strong>qui</strong></span> <span class='ocrx_word' id='word_1_10' title='bbox 260 429 371 496; x_wconf 77' lang='lat' dir='ltr'><strong>Romae</strong></span> <span class='ocrx_word' id='word_1_11' title='bbox 382 441 476 496; x_wconf 78' lang='lat' dir='ltr'><strong>erent</strong></span> <span class='ocrx_word' id='word_1_12' title='bbox 490 427 613 505; x_wconf 88' lang='lat' dir='ltr'><strong>lideles,</strong></span> <span class='ocrx_word' id='word_1_13' title='bbox 625 428 663 494; x_wconf 82' lang='lat' dir='ltr'><strong>etl</strong></span> <span class='ocrx_word' id='word_1_14' title='bbox 674 451 755 516; x_wconf 88' lang='lat' dir='ltr'><strong>quos</strong></span> <span class='ocrx_word' id='word_1_15' title='bbox 771 427 879 494; x_wconf 71' lang='lat' dir='ltr'><strong>adhuc</strong></span> <span class='ocrx_word' id='word_1_16' title='bbox 893 427 999 494; x_wconf 75' lang='lat' dir='ltr'><strong>sivetu</strong></span> <span class='ocrx_word' id='word_1_17' title='bbox 1008 424 1110 490; x_wconf 74' lang='lat' dir='ltr'><strong>Theo-</strong></span> 
     </span>
     <span class='ocr_line' id='line_1_4' title="bbox 54 520 1113 628; baseline 0.004 -30"><span class='ocrx_word' id='word_1_18' title='bbox 54 533 201 618; x_wconf 79' lang='lat' dir='ltr'><strong>phorus</strong></span> <span class='ocrx_word' id='word_1_19' title='bbox 224 520 575 628; x_wconf 65' lang='lat' dir='ltr'><strong>scripseretlgnntius,</strong></span> <span class='ocrx_word' id='word_1_20' title='bbox 601 538 655 604; x_wconf 87' lang='lat' dir='ltr'><strong>uhi</strong></span> <span class='ocrx_word' id='word_1_21' title='bbox 677 537 843 602; x_wconf 79' lang='lat' dir='ltr'><strong>dimisosm</strong></span> <span class='ocrx_word' id='word_1_22' title='bbox 866 535 926 600; x_wconf 84' lang='lat' dir='ltr'><strong>fuit</strong></span> <span class='ocrx_word' id='word_1_23' title='bbox 945 533 1113 608; x_wconf 77' lang='lat' dir='ltr'><strong>theutrum,</strong></span> 
     </span>
     <span class='ocr_line' id='line_1_5' title="bbox 58 642 1115 735; baseline 0.001 -29"><span class='ocrx_word' id='word_1_24' title='bbox 58 646 418 720; x_wconf 57' lang='lat' dir='ltr'><strong>conveniensem</strong></span> <span class='ocrx_word' id='word_1_25' title='bbox 435 669 505 712; x_wconf 87' lang='lat' dir='ltr'><strong>osse</strong></span> <span class='ocrx_word' id='word_1_26' title='bbox 524 645 725 735; x_wconf 86' lang='lat' dir='ltr'><strong>cupientibus</strong></span> <span class='ocrx_word' id='word_1_27' title='bbox 742 643 888 714; x_wconf 80' lang='lat' dir='ltr'><strong>m&#39;snihns</strong></span> <span class='ocrx_word' id='word_1_28' title='bbox 906 642 1115 716; x_wconf 73' lang='lat' dir='ltr'><strong>sustulissent,</strong></span> 
     </span>
     <span class='ocr_line' id='line_1_6' title="bbox 62 753 1112 845; baseline 0.004 -31"><span class='ocrx_word' id='word_1_29' title='bbox 62 773 189 837; x_wconf 80' lang='lat' dir='ltr'><strong>eaque</strong></span> <span class='ocrx_word' id='word_1_30' title='bbox 211 753 388 824; x_wconf 82' lang='lat' dir='ltr'><strong>honorifice</strong></span> <span class='ocrx_word' id='word_1_31' title='bbox 410 777 448 824; x_wconf 88' lang='lat' dir='ltr'><strong>ec</strong></span> <span class='ocrx_word' id='word_1_32' title='bbox 470 767 651 824; x_wconf 69' lang='lat' dir='ltr'><strong>retenentes</strong></span> <span class='ocrx_word' id='word_1_33' title='bbox 672 755 934 845; x_wconf 88' lang='lat' dir='ltr'><strong>composuissent,</strong></span> <span class='ocrx_word' id='word_1_34' title='bbox 959 753 1112 842; x_wconf 89' lang='lat' dir='ltr'><strong>deposue-</strong></span> 
     </span>
     <span class='ocr_line' id='line_1_7' title="bbox 67 861 1116 953; baseline 0.004 -31"><span class='ocrx_word' id='word_1_35' title='bbox 67 872 167 926; x_wconf 79' lang='lat' dir='ltr'><strong>runt</strong></span> <span class='ocrx_word' id='word_1_36' title='bbox 184 861 218 928; x_wconf 89' lang='lat' dir='ltr'><strong>in</strong></span> <span class='ocrx_word' id='word_1_37' title='bbox 238 861 309 930; x_wconf 90' lang='lat' dir='ltr'><strong>loco</strong></span> <span class='ocrx_word' id='word_1_38' title='bbox 327 863 437 953; x_wconf 83' lang='lat' dir='ltr'><strong>insigni</strong></span> <span class='ocrx_word' id='word_1_39' title='bbox 458 877 543 932; x_wconf 77' lang='lat' dir='ltr'><strong>extre</strong></span> <span class='ocrx_word' id='word_1_40' title='bbox 564 867 689 941; x_wconf 83' lang='lat' dir='ltr'><strong>urbem,</strong></span> <span class='ocrx_word' id='word_1_41' title='bbox 709 887 818 932; x_wconf 86' lang='lat' dir='ltr'><strong>mense</strong></span> <span class='ocrx_word' id='word_1_42' title='bbox 837 863 1014 930; x_wconf 74' lang='lat' dir='ltr'><strong>decembris</strong></span> <span class='ocrx_word' id='word_1_43' title='bbox 1030 864 1116 950; x_wconf 85' lang='lat' dir='ltr'><strong>vige-</strong></span> 
     </span>
     <span class='ocr_line' id='line_1_8' title="bbox 73 967 1113 1063; baseline 0.004 -31"><span class='ocrx_word' id='word_1_44' title='bbox 73 967 210 1034; x_wconf 83' lang='lat' dir='ltr'><strong>simum</strong></span> <span class='ocrx_word' id='word_1_45' title='bbox 224 969 308 1040; x_wconf 87' lang='lat' dir='ltr'><strong>diem</strong></span> <span class='ocrx_word' id='word_1_46' title='bbox 326 985 401 1040; x_wconf 89' lang='lat' dir='ltr'><strong>tunc</strong></span> <span class='ocrx_word' id='word_1_47' title='bbox 419 974 565 1040; x_wconf 86' lang='lat' dir='ltr'><strong>hshcnte.</strong></span> <span class='ocrx_word' id='word_1_48' title='bbox 588 975 664 1042; x_wconf 84' lang='lat' dir='ltr'><strong>llcc</strong></span> <span class='ocrx_word' id='word_1_49' title='bbox 682 986 791 1063; x_wconf 81' lang='lat' dir='ltr'><strong>postes</strong></span> <span class='ocrx_word' id='word_1_50' title='bbox 811 973 974 1062; x_wconf 73' lang='lat' dir='ltr'><strong>depos-tots</strong></span> <span class='ocrx_word' id='word_1_51' title='bbox 990 969 1113 1037; x_wconf 88' lang='lat' dir='ltr'><strong>suntin</strong></span> 
     </span>
    </p>

    <p class='ocr_par' dir='ltr' id='par_1_3' title="bbox 72 1076 1170 2028">
     <span class='ocr_line' id='line_1_9' title="bbox 74 1076 1114 1170; baseline 0 -26"><span class='ocrx_word' id='word_1_52' title='bbox 74 1076 224 1164; x_wconf 74' lang='lat' dir='ltr'><strong>patrium</strong></span> <span class='ocrx_word' id='word_1_53' title='bbox 238 1083 385 1168; x_wconf 74' lang='lat' dir='ltr'><strong>martyris</strong></span> <span class='ocrx_word' id='word_1_54' title='bbox 400 1082 624 1149; x_wconf 79' lang='lat' dir='ltr'><strong>Antiochiam:</strong></span> <span class='ocrx_word' id='word_1_55' title='bbox 642 1095 675 1148; x_wconf 88' lang='lat' dir='ltr'><strong>et</strong></span> <span class='ocrx_word' id='word_1_56' title='bbox 692 1105 762 1170; x_wconf 85' lang='lat' dir='ltr'><strong>quae</strong></span> <span class='ocrx_word' id='word_1_57' title='bbox 779 1083 863 1148; x_wconf 79' lang='lat' dir='ltr'><strong>inter</strong></span> <span class='ocrx_word' id='word_1_58' title='bbox 879 1093 1047 1169; x_wconf 77' lang='lat' dir='ltr'><strong>utromque</strong></span> <span class='ocrx_word' id='word_1_59' title='bbox 1064 1101 1114 1144; x_wconf 81' lang='lat' dir='ltr'><strong>ur-</strong></span> 
     </span>
     <span class='ocr_line' id='line_1_10' title="bbox 75 1187 1109 1282; baseline 0.01 -32"><span class='ocrx_word' id='word_1_60' title='bbox 75 1187 163 1256; x_wconf 81' lang='lat' dir='ltr'><strong>bem</strong></span> <span class='ocrx_word' id='word_1_61' title='bbox 184 1201 257 1254; x_wconf 88' lang='lat' dir='ltr'><strong>sunt</strong></span> <span class='ocrx_word' id='word_1_62' title='bbox 278 1189 436 1267; x_wconf 79' lang='lat' dir='ltr'><strong>civitates,</strong></span> <span class='ocrx_word' id='word_1_63' title='bbox 458 1190 618 1281; x_wconf 79' lang='lat' dir='ltr'><strong>duplicem</strong></span> <span class='ocrx_word' id='word_1_64' title='bbox 640 1213 812 1282; x_wconf 75' lang='lat' dir='ltr'><strong>percepere</strong></span> <span class='ocrx_word' id='word_1_65' title='bbox 834 1190 1109 1260; x_wconf 77' lang='lat' dir='ltr'><strong>benedictionem:</strong></span> 
     </span>
     <span class='ocr_line' id='line_1_11' title="bbox 72 1299 1114 1390; baseline 0.005 -31"><span class='ocrx_word' id='word_1_66' title='bbox 72 1307 155 1362; x_wconf 89' lang='lat' dir='ltr'><strong>tum</strong></span> <span class='ocrx_word' id='word_1_67' title='bbox 174 1299 270 1386; x_wconf 82' lang='lat' dir='ltr'><strong>prins,</strong></span> <span class='ocrx_word' id='word_1_68' title='bbox 290 1302 417 1388; x_wconf 80' lang='lat' dir='ltr'><strong>qomodo</strong></span> <span class='ocrx_word' id='word_1_69' title='bbox 437 1302 557 1390; x_wconf 71' lang='lat' dir='ltr'><strong>Mattyo-</strong></span> <span class='ocrx_word' id='word_1_70' title='bbox 579 1302 704 1369; x_wconf 84' lang='lat' dir='ltr'><strong>vinctus</strong></span> <span class='ocrx_word' id='word_1_71' title='bbox 723 1303 901 1367; x_wconf 80' lang='lat' dir='ltr'><strong>‹lucebotnn</strong></span> <span class='ocrx_word' id='word_1_72' title='bbox 921 1300 1057 1368; x_wconf 81' lang='lat' dir='ltr'><strong>llomem</strong></span> <span class='ocrx_word' id='word_1_73' title='bbox 1074 1321 1114 1364; x_wconf 88' lang='lat' dir='ltr'><strong>ex</strong></span> 
     </span>
     <span class='ocr_line' id='line_1_12' title="bbox 72 1405 1115 1499; baseline 0.002 -31"><span class='ocrx_word' id='word_1_74' title='bbox 72 1405 269 1479; x_wconf 83' lang='lat' dir='ltr'><strong>Antiochie;</strong></span> <span class='ocrx_word' id='word_1_75' title='bbox 288 1420 356 1473; x_wconf 86' lang='lat' dir='ltr'><strong>tum</strong></span> <span class='ocrx_word' id='word_1_76' title='bbox 372 1431 473 1484; x_wconf 89' lang='lat' dir='ltr'><strong>nunc,</strong></span> <span class='ocrx_word' id='word_1_77' title='bbox 488 1409 618 1499; x_wconf 83' lang='lat' dir='ltr'><strong>quando</strong></span> <span class='ocrx_word' id='word_1_78' title='bbox 630 1432 706 1475; x_wconf 90' lang='lat' dir='ltr'><strong>cum</strong></span> <span class='ocrx_word' id='word_1_79' title='bbox 721 1408 882 1498; x_wconf 80' lang='lat' dir='ltr'><strong>proeclaris</strong></span> <span class='ocrx_word' id='word_1_80' title='bbox 894 1408 1019 1496; x_wconf 74' lang='lat' dir='ltr'><strong>tropaeis</strong></span> <span class='ocrx_word' id='word_1_81' title='bbox 1030 1405 1115 1472; x_wconf 92' lang='lat' dir='ltr'><strong>illinc</strong></span> 
     </span>
     <span class='ocr_line' id='line_1_13' title="bbox 72 1509 1072 1602; baseline 0 -28"><span class='ocrx_word' id='word_1_82' title='bbox 72 1509 292 1586; x_wconf 75' lang='lat' dir='ltr'><strong>resemhetur,</strong></span> <span class='ocrx_word' id='word_1_83' title='bbox 304 1523 459 1602; x_wconf 82' lang='lat' dir='ltr'><strong>tenqussn</strong></span> <span class='ocrx_word' id='word_1_84' title='bbox 469 1536 545 1602; x_wconf 76' lang='lat' dir='ltr'><strong>spes</strong></span> <span class='ocrx_word' id='word_1_85' title='bbox 556 1512 679 1589; x_wconf 73' lang='lat' dir='ltr'><strong>savum,</strong></span> <span class='ocrx_word' id='word_1_86' title='bbox 695 1512 787 1580; x_wconf 87' lang='lat' dir='ltr'><strong>illum</strong></span> <span class='ocrx_word' id='word_1_87' title='bbox 798 1509 1072 1580; x_wconf 79' lang='lat' dir='ltr'><strong>circumvolantes.</strong></span> 
     </span>
     <span class='ocr_line' id='line_1_14' title="bbox 126 1617 1122 1709; baseline 0 -25"><span class='ocrx_word' id='word_1_88' title='bbox 126 1617 234 1686; x_wconf 85' lang='lat' dir='ltr'><strong>XXV.</strong></span> <span class='ocrx_word' id='word_1_89' title='bbox 253 1620 357 1708; x_wconf 83' lang='lat' dir='ltr'><strong>htque</strong></span> <span class='ocrx_word' id='word_1_90' title='bbox 372 1621 492 1690; x_wconf 83' lang='lat' dir='ltr'><strong>dicitur</strong></span> <span class='ocrx_word' id='word_1_91' title='bbox 507 1621 652 1708; x_wconf 83' lang='lat' dir='ltr'><strong>quidem,</strong></span> <span class='ocrx_word' id='word_1_92' title='bbox 667 1621 757 1708; x_wconf 84' lang='lat' dir='ltr'><strong>quod</strong></span> <span class='ocrx_word' id='word_1_93' title='bbox 770 1633 844 1709; x_wconf 76' lang='lat' dir='ltr'><strong>post</strong></span> <span class='ocrx_word' id='word_1_94' title='bbox 858 1620 916 1684; x_wconf 78' lang='lat' dir='ltr'><strong>visi</strong></span> <span class='ocrx_word' id='word_1_95' title='bbox 931 1642 988 1708; x_wconf 81' lang='lat' dir='ltr'><strong>per</strong></span> <span class='ocrx_word' id='word_1_96' title='bbox 1003 1632 1122 1706; x_wconf 76' lang='lat' dir='ltr'><strong>marty-</strong></span> 
     </span>
     <span class='ocr_line' id='line_1_15' title="bbox 78 1725 1124 1814; baseline 0.008 -26"><span class='ocrx_word' id='word_1_97' title='bbox 78 1727 174 1792; x_wconf 84' lang='lat' dir='ltr'><strong>rium</strong></span> <span class='ocrx_word' id='word_1_98' title='bbox 187 1728 514 1802; x_wconf 71' lang='lat' dir='ltr'><strong>consummationem,</strong></span> <span class='ocrx_word' id='word_1_99' title='bbox 531 1749 608 1792; x_wconf 88' lang='lat' dir='ltr'><strong>cum</strong></span> <span class='ocrx_word' id='word_1_100' title='bbox 620 1725 770 1814; x_wconf 77' lang='lat' dir='ltr'><strong>lugerent</strong></span> <span class='ocrx_word' id='word_1_101' title='bbox 783 1725 867 1790; x_wconf 91' lang='lat' dir='ltr'><strong>illius</strong></span> <span class='ocrx_word' id='word_1_102' title='bbox 882 1727 1088 1814; x_wconf 77' lang='lat' dir='ltr'><strong>privationem</strong></span> <span class='ocrx_word' id='word_1_103' title='bbox 1102 1728 1124 1796; x_wconf 95' lang='lat' dir='ltr'><strong>ii</strong></span> 
     </span>
     <span class='ocr_line' id='line_1_16' title="bbox 86 1832 1170 1922; baseline 0.002 -22"><span class='ocrx_word' id='word_1_104' title='bbox 86 1837 151 1922; x_wconf 86' lang='lat' dir='ltr'><strong>qui</strong></span> <span class='ocrx_word' id='word_1_105' title='bbox 158 1836 272 1902; x_wconf 77' lang='lat' dir='ltr'><strong>llomte</strong></span> <span class='ocrx_word' id='word_1_106' title='bbox 282 1849 374 1901; x_wconf 78' lang='lat' dir='ltr'><strong>erent</strong></span> <span class='ocrx_word' id='word_1_107' title='bbox 385 1835 510 1908; x_wconf 80' lang='lat' dir='ltr'><strong>fideles,</strong></span> <span class='ocrx_word' id='word_1_108' title='bbox 526 1846 559 1898; x_wconf 87' lang='lat' dir='ltr'><strong>ct</strong></span> <span class='ocrx_word' id='word_1_109' title='bbox 576 1832 696 1899; x_wconf 84' lang='lat' dir='ltr'><strong>nullom</strong></span> <span class='ocrx_word' id='word_1_110' title='bbox 707 1834 837 1900; x_wconf 89' lang='lat' dir='ltr'><strong>omnino</strong></span> <span class='ocrx_word' id='word_1_111' title='bbox 848 1835 1026 1922; x_wconf 78' lang='lat' dir='ltr'><strong>sccipemnt</strong></span> <span class='ocrx_word' id='word_1_112' title='bbox 1037 1835 1125 1902; x_wconf 84' lang='lat' dir='ltr'><strong>tlolo·</strong></span> <span class='ocrx_word' id='word_1_113' title='bbox 1167 1857 1170 1873; x_wconf 67' lang='lat'><em>³</em></span> 
     </span>
     <span class='ocr_line' id='line_1_17' title="bbox 93 1936 1123 2028; baseline 0.003 -24"><span class='ocrx_word' id='word_1_114' title='bbox 93 1939 144 2004; x_wconf 82' lang='lat' dir='ltr'><strong>ris</strong></span> <span class='ocrx_word' id='word_1_115' title='bbox 157 1938 423 2014; x_wconf 76' lang='lat' dir='ltr'><strong>consolationem,</strong></span> <span class='ocrx_word' id='word_1_116' title='bbox 442 1949 590 2004; x_wconf 74' lang='lat' dir='ltr'><strong>vocarent</strong></span> <span class='ocrx_word' id='word_1_117' title='bbox 610 1961 684 2003; x_wconf 75' lang='lat' dir='ltr'><strong>vero</strong></span> <span class='ocrx_word' id='word_1_118' title='bbox 703 1936 929 2027; x_wconf 81' lang='lat' dir='ltr'><strong>sepulcrolibns</strong></span> <span class='ocrx_word' id='word_1_119' title='bbox 948 1941 1073 2028; x_wconf 83' lang='lat' dir='ltr'><strong>hymnis</strong></span> <span class='ocrx_word' id='word_1_120' title='bbox 1087 1965 1123 2007; x_wconf 86' lang='lat' dir='ltr'><strong>sc</strong></span> 
     </span>
    </p>
   </div>
   <div class='ocr_carea' id='block_1_3' title="bbox 75 2043 1162 3773">
    <p class='ocr_par' dir='ltr' id='par_1_4' title="bbox 80 2043 1122 2790">
     <span class='ocr_line' id='line_1_18' title="bbox 97 2043 1118 2140; baseline 0.008 -30"><span class='ocrx_word' id='word_1_121' title='bbox 97 2043 228 2136; x_wconf 75' lang='lat' dir='ltr'><strong>vigiliis,</strong></span> <span class='ocrx_word' id='word_1_122' title='bbox 245 2046 310 2134; x_wconf 84' lang='lat' dir='ltr'><strong>ipse</strong></span> <span class='ocrx_word' id='word_1_123' title='bbox 326 2048 358 2112; x_wconf 89' lang='lat' dir='ltr'><strong>in</strong></span> <span class='ocrx_word' id='word_1_124' title='bbox 376 2046 494 2140; x_wconf 78' lang='lat' dir='ltr'><strong>somnis</strong></span> <span class='ocrx_word' id='word_1_125' title='bbox 507 2047 671 2134; x_wconf 80' lang='lat' dir='ltr'><strong>sppsr&#39;ens,</strong></span> <span class='ocrx_word' id='word_1_126' title='bbox 692 2057 725 2109; x_wconf 88' lang='lat' dir='ltr'><strong>et</strong></span> <span class='ocrx_word' id='word_1_127' title='bbox 743 2069 796 2112; x_wconf 87' lang='lat' dir='ltr'><strong>eos</strong></span> <span class='ocrx_word' id='word_1_128' title='bbox 811 2045 901 2135; x_wconf 78' lang='lat' dir='ltr'><strong>qussi</strong></span> <span class='ocrx_word' id='word_1_129' title='bbox 916 2048 1118 2138; x_wconf 76' lang='lat' dir='ltr'><strong>amplectens,</strong></span> 
     </span>
     <span class='ocr_line' id='line_1_19' title="bbox 96 2153 1119 2246; baseline 0.004 -24"><span class='ocrx_word' id='word_1_130' title='bbox 96 2156 155 2244; x_wconf 86' lang='lat' dir='ltr'><strong>qui</strong></span> <span class='ocrx_word' id='word_1_131' title='bbox 169 2153 291 2222; x_wconf 86' lang='lat' dir='ltr'><strong>scilicet</strong></span> <span class='ocrx_word' id='word_1_132' title='bbox 305 2177 338 2222; x_wconf 85' lang='lat' dir='ltr'><strong>ec</strong></span> <span class='ocrx_word' id='word_1_133' title='bbox 352 2155 436 2243; x_wconf 86' lang='lat' dir='ltr'><strong>ipsos</strong></span> <span class='ocrx_word' id='word_1_134' title='bbox 449 2155 536 2244; x_wconf 83' lang='lat' dir='ltr'><strong>prius</strong></span> <span class='ocrx_word' id='word_1_135' title='bbox 547 2155 747 2246; x_wconf 64' lang='lat' dir='ltr'><strong>praebuerunt</strong></span> <span class='ocrx_word' id='word_1_136' title='bbox 762 2156 873 2245; x_wconf 81' lang='lat' dir='ltr'><strong>dignos</strong></span> <span class='ocrx_word' id='word_1_137' title='bbox 889 2155 970 2224; x_wconf 90' lang='lat' dir='ltr'><strong>illius</strong></span> <span class='ocrx_word' id='word_1_138' title='bbox 985 2183 1119 2228; x_wconf 80' lang='lat' dir='ltr'><strong>consue-</strong></span> 
     </span>
     <span class='ocr_line' id='line_1_20' title="bbox 93 2261 1120 2362; baseline 0.006 -32"><span class='ocrx_word' id='word_1_139' title='bbox 93 2265 218 2340; x_wconf 87' lang='lat' dir='ltr'><strong>tudine,</strong></span> <span class='ocrx_word' id='word_1_140' title='bbox 232 2261 353 2332; x_wconf 83' lang='lat' dir='ltr'><strong>luctum</strong></span> <span class='ocrx_word' id='word_1_141' title='bbox 364 2264 409 2330; x_wconf 89' lang='lat' dir='ltr'><strong>eis</strong></span> <span class='ocrx_word' id='word_1_142' title='bbox 420 2263 659 2362; x_wconf 75' lang='lat' dir='ltr'><strong>effecitfncilem</strong></span> <span class='ocrx_word' id='word_1_143' title='bbox 670 2287 709 2332; x_wconf 83' lang='lat' dir='ltr'><strong>sc</strong></span> <span class='ocrx_word' id='word_1_144' title='bbox 719 2263 886 2341; x_wconf 78' lang='lat' dir='ltr'><strong>leniorem,</strong></span> <span class='ocrx_word' id='word_1_145' title='bbox 903 2279 934 2334; x_wconf 87' lang='lat' dir='ltr'><strong>et</strong></span> <span class='ocrx_word' id='word_1_146' title='bbox 946 2267 1063 2336; x_wconf 81' lang='lat' dir='ltr'><strong>doloris</strong></span> <span class='ocrx_word' id='word_1_147' title='bbox 1074 2293 1120 2336; x_wconf 91' lang='lat' dir='ltr'><strong>se-</strong></span> 
     </span>
     <span class='ocr_line' id='line_1_21' title="bbox 88 2375 1119 2451; baseline 0.002 -11"><span class='ocrx_word' id='word_1_148' title='bbox 88 2375 179 2440; x_wconf 75' lang='lat' dir='ltr'><strong>davit</strong></span> <span class='ocrx_word' id='word_1_149' title='bbox 199 2375 437 2442; x_wconf 73' lang='lat' dir='ltr'><strong>vehementium.</strong></span> <span class='ocrx_word' id='word_1_150' title='bbox 463 2375 522 2442; x_wconf 80' lang='lat' dir='ltr'><strong>Alii</strong></span> <span class='ocrx_word' id='word_1_151' title='bbox 541 2398 650 2442; x_wconf 85' lang='lat' dir='ltr'><strong>rursus</strong></span> <span class='ocrx_word' id='word_1_152' title='bbox 672 2375 832 2451; x_wconf 78' lang='lat' dir='ltr'><strong>dixemnt,</strong></span> <span class='ocrx_word' id='word_1_153' title='bbox 857 2378 1023 2444; x_wconf 79' lang='lat' dir='ltr'><strong>sevidisse</strong></span> <span class='ocrx_word' id='word_1_154' title='bbox 1044 2401 1119 2444; x_wconf 88' lang='lat' dir='ltr'><strong>eum</strong></span> 
     </span>
     <span class='ocr_line' id='line_1_22' title="bbox 88 2483 1121 2574; baseline 0.004 -27"><span class='ocrx_word' id='word_1_155' title='bbox 88 2483 210 2550; x_wconf 80' lang='lat' dir='ltr'><strong>sudore</strong></span> <span class='ocrx_word' id='word_1_156' title='bbox 224 2483 429 2560; x_wconf 85' lang='lat' dir='ltr'><strong>diffluentem,</strong></span> <span class='ocrx_word' id='word_1_157' title='bbox 446 2497 595 2573; x_wconf 79' lang='lat' dir='ltr'><strong>tanquam</strong></span> <span class='ocrx_word' id='word_1_158' title='bbox 611 2486 666 2574; x_wconf 87' lang='lat' dir='ltr'><strong>qui</strong></span> <span class='ocrx_word' id='word_1_159' title='bbox 682 2509 785 2574; x_wconf 79' lang='lat' dir='ltr'><strong>nuper</strong></span> <span class='ocrx_word' id='word_1_160' title='bbox 801 2485 1019 2572; x_wconf 78' lang='lat' dir='ltr'><strong>tespinsssets</strong></span> <span class='ocrx_word' id='word_1_161' title='bbox 1036 2485 1121 2552; x_wconf 87' lang='lat' dir='ltr'><strong>lobo-</strong></span> 
     </span>
     <span class='ocr_line' id='line_1_23' title="bbox 85 2591 1122 2684; baseline 0.004 -28"><span class='ocrx_word' id='word_1_162' title='bbox 85 2591 181 2658; x_wconf 77' lang='lat' dir='ltr'><strong>rihus</strong></span> <span class='ocrx_word' id='word_1_163' title='bbox 200 2592 429 2668; x_wconf 78' lang='lat' dir='ltr'><strong>decertetionis,</strong></span> <span class='ocrx_word' id='word_1_164' title='bbox 449 2606 483 2660; x_wconf 90' lang='lat' dir='ltr'><strong>et</strong></span> <span class='ocrx_word' id='word_1_165' title='bbox 499 2607 686 2684; x_wconf 77' lang='lat' dir='ltr'><strong>precantem</strong></span> <span class='ocrx_word' id='word_1_166' title='bbox 703 2617 761 2684; x_wconf 81' lang='lat' dir='ltr'><strong>pno</strong></span> <span class='ocrx_word' id='word_1_167' title='bbox 780 2592 882 2660; x_wconf 76' lang='lat' dir='ltr'><strong>salute</strong></span> <span class='ocrx_word' id='word_1_168' title='bbox 902 2595 1037 2660; x_wconf 74' lang='lat' dir='ltr'><strong>civitatis</strong></span> <span class='ocrx_word' id='word_1_169' title='bbox 1056 2617 1122 2660; x_wconf 87' lang='lat' dir='ltr'><strong>om-</strong></span> 
     </span>
     <span class='ocr_line' id='line_1_24' title="bbox 80 2701 465 2790; baseline 0.01 -23"><span class='ocrx_word' id='word_1_170' title='bbox 80 2701 243 2790; x_wconf 87' lang='lat' dir='ltr'><strong>niumque</strong></span> <span class='ocrx_word' id='word_1_171' title='bbox 257 2703 409 2771; x_wconf 83' lang='lat' dir='ltr'><strong>fidelium.</strong></span> <span class='ocrx_word' id='word_1_172' title='bbox 453 2721 465 2756; x_wconf 85' lang='lat'><strong><em>¹</em></strong></span> 
     </span>
    </p>

    <p class='ocr_par' dir='ltr' id='par_1_5' title="bbox 75 2810 1162 3773">
     <span class='ocr_line' id='line_1_25' title="bbox 131 2810 1122 2903; baseline 0 -25"><span class='ocrx_word' id='word_1_173' title='bbox 131 2810 253 2878; x_wconf 82' lang='lat' dir='ltr'><strong>XXVI.</strong></span> <span class='ocrx_word' id='word_1_174' title='bbox 272 2813 332 2880; x_wconf 90' lang='lat' dir='ltr'><strong>llic</strong></span> <span class='ocrx_word' id='word_1_175' title='bbox 342 2814 472 2903; x_wconf 88' lang='lat' dir='ltr'><strong>quidem</strong></span> <span class='ocrx_word' id='word_1_176' title='bbox 484 2815 655 2884; x_wconf 84' lang='lat' dir='ltr'><strong>fnitexitns</strong></span> <span class='ocrx_word' id='word_1_177' title='bbox 666 2814 869 2902; x_wconf 77' lang='lat' dir='ltr'><strong>Theopheri3</strong></span> <span class='ocrx_word' id='word_1_178' title='bbox 888 2813 957 2886; x_wconf 67' lang='lat' dir='ltr'><strong>haec</strong></span> <span class='ocrx_word' id='word_1_179' title='bbox 972 2825 1047 2878; x_wconf 87' lang='lat' dir='ltr'><strong>sunt</strong></span> <span class='ocrx_word' id='word_1_180' title='bbox 1057 2835 1122 2880; x_wconf 79' lang='lat' dir='ltr'><strong>ceo-</strong></span> 
     </span>
     <span class='ocr_line' id='line_1_26' title="bbox 78 2919 1121 3012; baseline 0.004 -28"><span class='ocrx_word' id='word_1_181' title='bbox 78 2919 226 2994; x_wconf 75' lang='lat' dir='ltr'><strong>taminn3</strong></span> <span class='ocrx_word' id='word_1_182' title='bbox 241 2920 272 2988; x_wconf 88' lang='lat' dir='ltr'><strong>hi</strong></span> <span class='ocrx_word' id='word_1_183' title='bbox 285 2923 448 3012; x_wconf 78' lang='lat' dir='ltr'><strong>conspicui</strong></span> <span class='ocrx_word' id='word_1_184' title='bbox 460 2926 529 3010; x_wconf 82' lang='lat' dir='ltr'><strong>ejus</strong></span> <span class='ocrx_word' id='word_1_185' title='bbox 541 2946 666 2990; x_wconf 76' lang='lat' dir='ltr'><strong>omenes</strong></span> <span class='ocrx_word' id='word_1_186' title='bbox 678 2923 712 2988; x_wconf 91' lang='lat' dir='ltr'><strong>in</strong></span> <span class='ocrx_word' id='word_1_187' title='bbox 724 2919 899 2987; x_wconf 69' lang='lat' dir='ltr'><strong>Christum:</strong></span> <span class='ocrx_word' id='word_1_188' title='bbox 917 2923 956 2986; x_wconf 88' lang='lat' dir='ltr'><strong>Et</strong></span> <span class='ocrx_word' id='word_1_189' title='bbox 967 2922 1027 2987; x_wconf 82' lang='lat' dir='ltr'><strong>lert</strong></span> <span class='ocrx_word' id='word_1_190' title='bbox 1039 2924 1121 2988; x_wconf 85' lang='lat' dir='ltr'><strong>testi-</strong></span> 
     </span>
     <span class='ocr_line' id='line_1_27' title="bbox 76 3030 1121 3121; baseline 0.002 -25"><span class='ocrx_word' id='word_1_191' title='bbox 76 3030 235 3096; x_wconf 88' lang='lat' dir='ltr'><strong>moninm</strong></span> <span class='ocrx_word' id='word_1_192' title='bbox 245 3032 381 3098; x_wconf 81' lang='lat' dir='ltr'><strong>lscoaeus</strong></span> <span class='ocrx_word' id='word_1_193' title='bbox 392 3031 613 3121; x_wconf 73' lang='lat' dir='ltr'><strong>Lugdunensis</strong></span> <span class='ocrx_word' id='word_1_194' title='bbox 624 3031 805 3120; x_wconf 80' lang='lat' dir='ltr'><strong>episcopus,</strong></span> <span class='ocrx_word' id='word_1_195' title='bbox 823 3031 870 3096; x_wconf 78' lang='lat' dir='ltr'><strong>sir</strong></span> <span class='ocrx_word' id='word_1_196' title='bbox 886 3032 990 3121; x_wconf 74' lang='lat' dir='ltr'><strong>magni</strong></span> <span class='ocrx_word' id='word_1_197' title='bbox 1001 3032 1121 3098; x_wconf 81' lang='lat' dir='ltr'><strong>lacien-</strong></span> 
     </span>
     <span class='ocr_line' id='line_1_28' title="bbox 76 3137 1162 3230; baseline 0.002 -26"><span class='ocrx_word' id='word_1_198' title='bbox 76 3139 163 3213; x_wconf 89' lang='lat' dir='ltr'><strong>dus,</strong></span> <span class='ocrx_word' id='word_1_199' title='bbox 181 3141 236 3226; x_wconf 83' lang='lat' dir='ltr'><strong>qui</strong></span> <span class='ocrx_word' id='word_1_200' title='bbox 249 3139 432 3230; x_wconf 82' lang='lat' dir='ltr'><strong>Theophosi</strong></span> <span class='ocrx_word' id='word_1_201' title='bbox 450 3139 585 3208; x_wconf 86' lang='lat' dir='ltr'><strong>multem</strong></span> <span class='ocrx_word' id='word_1_202' title='bbox 599 3139 677 3206; x_wconf 81' lang='lat' dir='ltr'><strong>lecit</strong></span> <span class='ocrx_word' id='word_1_203' title='bbox 695 3139 899 3206; x_wconf 75' lang='lat' dir='ltr'><strong>montionem.</strong></span> <span class='ocrx_word' id='word_1_204' title='bbox 924 3141 1011 3220; x_wconf 85' lang='lat' dir='ltr'><strong>Quin</strong></span> <span class='ocrx_word' id='word_1_205' title='bbox 1024 3141 1119 3206; x_wconf 83' lang='lat' dir='ltr'><strong>etism</strong></span> <span class='ocrx_word' id='word_1_206' title='bbox 1159 3137 1162 3154; x_wconf 85' lang='lat'>&#39;</span> 
     </span>
     <span class='ocr_line' id='line_1_29' title="bbox 75 3247 1124 3338; baseline 0.002 -26"><span class='ocrx_word' id='word_1_207' title='bbox 75 3247 302 3338; x_wconf 76' lang='lat' dir='ltr'><strong>polycarpus,</strong></span> <span class='ocrx_word' id='word_1_208' title='bbox 313 3249 514 3337; x_wconf 80' lang='lat' dir='ltr'><strong>Smymensis</strong></span> <span class='ocrx_word' id='word_1_209' title='bbox 527 3249 669 3316; x_wconf 75' lang='lat' dir='ltr'><strong>ecclesiae</strong></span> <span class='ocrx_word' id='word_1_210' title='bbox 684 3249 826 3324; x_wconf 82' lang='lat' dir='ltr'><strong>antistes,</strong></span> <span class='ocrx_word' id='word_1_211' title='bbox 839 3250 895 3336; x_wconf 88' lang='lat' dir='ltr'><strong>qui</strong></span> <span class='ocrx_word' id='word_1_212' title='bbox 911 3271 987 3315; x_wconf 90' lang='lat' dir='ltr'><strong>cum</strong></span> <span class='ocrx_word' id='word_1_213' title='bbox 1001 3271 1040 3314; x_wconf 90' lang='lat' dir='ltr'><strong>eo</strong></span> <span class='ocrx_word' id='word_1_214' title='bbox 1052 3271 1124 3314; x_wconf 84' lang='lat' dir='ltr'><strong>ven-</strong></span> 
     </span>
     <span class='ocr_line' id='line_1_30' title="bbox 75 3355 1123 3450; baseline 0.004 -30"><span class='ocrx_word' id='word_1_215' title='bbox 75 3355 200 3422; x_wconf 77' lang='lat' dir='ltr'><strong>sitavit</strong></span> <span class='ocrx_word' id='word_1_216' title='bbox 223 3357 264 3423; x_wconf 84' lang='lat' dir='ltr'><strong>ad</strong></span> <span class='ocrx_word' id='word_1_217' title='bbox 295 3357 450 3426; x_wconf 73' lang='lat' dir='ltr'><strong>loannem</strong></span> <span class='ocrx_word' id='word_1_218' title='bbox 473 3359 696 3450; x_wconf 69' lang='lat' dir='ltr'><strong>evangelistam</strong></span> <span class='ocrx_word' id='word_1_219' title='bbox 723 3373 756 3424; x_wconf 85' lang='lat' dir='ltr'><strong>et</strong></span> <span class='ocrx_word' id='word_1_220' title='bbox 778 3355 981 3446; x_wconf 74' lang='lat' dir='ltr'><strong>theologums</strong></span> <span class='ocrx_word' id='word_1_221' title='bbox 1009 3359 1123 3447; x_wconf 83' lang='lat' dir='ltr'><strong>quique</strong></span> 
     </span>
     <span class='ocr_line' id='line_1_31' title="bbox 82 3463 1119 3554; baseline 0.005 -24"><span class='ocrx_word' id='word_1_222' title='bbox 82 3487 171 3536; x_wconf 84' lang='lat' dir='ltr'><strong>cmn</strong></span> <span class='ocrx_word' id='word_1_223' title='bbox 186 3464 331 3554; x_wconf 76' lang='lat' dir='ltr'><strong>captivus</strong></span> <span class='ocrx_word' id='word_1_224' title='bbox 346 3463 398 3530; x_wconf 91' lang='lat' dir='ltr'><strong>ille</strong></span> <span class='ocrx_word' id='word_1_225' title='bbox 411 3464 545 3530; x_wconf 80' lang='lat' dir='ltr'><strong>Romam</strong></span> <span class='ocrx_word' id='word_1_226' title='bbox 558 3466 729 3532; x_wconf 83' lang='lat' dir='ltr'><strong>doceretur</strong></span> <span class='ocrx_word' id='word_1_227' title='bbox 744 3465 925 3542; x_wconf 78' lang='lat' dir='ltr'><strong>Antiochia,</strong></span> <span class='ocrx_word' id='word_1_228' title='bbox 937 3489 1023 3544; x_wconf 87' lang='lat' dir='ltr'><strong>eum,</strong></span> <span class='ocrx_word' id='word_1_229' title='bbox 1040 3469 1119 3535; x_wconf 87' lang='lat' dir='ltr'><strong>sicut</strong></span> 
     </span>
     <span class='ocr_line' id='line_1_32' title="bbox 88 3571 1122 3668; baseline 0.004 -28"><span class='ocrx_word' id='word_1_230' title='bbox 88 3577 161 3664; x_wconf 80' lang='lat' dir='ltr'><strong>jem</strong></span> <span class='ocrx_word' id='word_1_231' title='bbox 182 3573 333 3648; x_wconf 85' lang='lat' dir='ltr'><strong>vidimus,</strong></span> <span class='ocrx_word' id='word_1_232' title='bbox 353 3571 514 3644; x_wconf 76' lang='lat' dir='ltr'><strong>salutavit;</strong></span> <span class='ocrx_word' id='word_1_233' title='bbox 536 3572 604 3640; x_wconf 83' lang='lat' dir='ltr'><strong>hec</strong></span> <span class='ocrx_word' id='word_1_234' title='bbox 622 3573 740 3640; x_wconf 77' lang='lat' dir='ltr'><strong>alicubi</strong></span> <span class='ocrx_word' id='word_1_235' title='bbox 759 3572 899 3640; x_wconf 77' lang='lat' dir='ltr'><strong>scribens</strong></span> <span class='ocrx_word' id='word_1_236' title='bbox 919 3575 949 3640; x_wconf 93' lang='lat' dir='ltr'><strong>in</strong></span> <span class='ocrx_word' id='word_1_237' title='bbox 970 3576 1031 3642; x_wconf 87' lang='lat' dir='ltr'><strong>suis</strong></span> <span class='ocrx_word' id='word_1_238' title='bbox 1045 3579 1122 3668; x_wconf 83' lang='lat' dir='ltr'><strong>Epi·-</strong></span> 
     </span>
     <span class='ocr_line' id='line_1_33' title="bbox 91 3681 1123 3773; baseline 0.004 -23"><span class='ocrx_word' id='word_1_239' title='bbox 91 3682 204 3752; x_wconf 85' lang='lat' dir='ltr'><strong>stolis:</strong></span> <span class='ocrx_word' id='word_1_240' title='bbox 225 3681 338 3773; x_wconf 76' lang='lat' dir='ltr'><strong>«Rogo</strong></span> <span class='ocrx_word' id='word_1_241' title='bbox 354 3707 421 3758; x_wconf 85' lang='lat' dir='ltr'><strong>vos,</strong></span> <span class='ocrx_word' id='word_1_242' title='bbox 438 3682 562 3759; x_wconf 65' lang='lat' dir='ltr'><strong>statues,</strong></span> <span class='ocrx_word' id='word_1_243' title='bbox 580 3695 614 3748; x_wconf 90' lang='lat' dir='ltr'><strong>ut</strong></span> <span class='ocrx_word' id='word_1_244' title='bbox 631 3683 794 3759; x_wconf 85' lang='lat' dir='ltr'><strong>obedistis,</strong></span> <span class='ocrx_word' id='word_1_245' title='bbox 810 3697 841 3750; x_wconf 86' lang='lat' dir='ltr'><strong>et</strong></span> <span class='ocrx_word' id='word_1_246' title='bbox 859 3709 984 3754; x_wconf 88' lang='lat' dir='ltr'><strong>omnem</strong></span> <span class='ocrx_word' id='word_1_247' title='bbox 1000 3691 1123 3754; x_wconf 77' lang='lat' dir='ltr'><strong>exerci-</strong></span> 
     </span>
    </p>
   </div>
   <div class='ocr_carea' id='block_1_4' title="bbox 96 3793 1124 3889">
    <p class='ocr_par' dir='ltr' id='par_1_6' title="bbox 96 3793 1124 3889">
     <span class='ocr_line' id='line_1_34' title="bbox 96 3793 1124 3889; baseline 0.003 -29"><span class='ocrx_word' id='word_1_248' title='bbox 96 3793 195 3860; x_wconf 76' lang='lat' dir='ltr'><strong>»tetis</strong></span> <span class='ocrx_word' id='word_1_249' title='bbox 212 3793 424 3870; x_wconf 77' lang='lat' dir='ltr'><strong>tolerantiam,</strong></span> <span class='ocrx_word' id='word_1_250' title='bbox 440 3817 538 3883; x_wconf 84' lang='lat' dir='ltr'><strong>quesn</strong></span> <span class='ocrx_word' id='word_1_251' title='bbox 555 3793 673 3862; x_wconf 80' lang='lat' dir='ltr'><strong>vidistis</strong></span> <span class='ocrx_word' id='word_1_252' title='bbox 689 3793 798 3872; x_wconf 89' lang='lat' dir='ltr'><strong>oculis,</strong></span> <span class='ocrx_word' id='word_1_253' title='bbox 815 3819 878 3889; x_wconf 87' lang='lat' dir='ltr'><strong>non</strong></span> <span class='ocrx_word' id='word_1_254' title='bbox 894 3795 995 3863; x_wconf 89' lang='lat' dir='ltr'><strong>solum</strong></span> <span class='ocrx_word' id='word_1_255' title='bbox 1008 3799 1039 3863; x_wconf 94' lang='lat' dir='ltr'><strong>in</strong></span> <span class='ocrx_word' id='word_1_256' title='bbox 1051 3799 1124 3864; x_wconf 84' lang='lat' dir='ltr'><strong>beo-</strong></span> 
     </span>
    </p>
   </div>
   <div class='ocr_carea' id='block_1_5' title="bbox 0 0 1360 4662">
    <p class='ocr_par' dir='ltr' id='par_1_7' title="bbox 0 0 1360 4662">
     <span class='ocr_line' id='line_1_35' title="bbox 0 0 1360 4662; baseline 0 7"><span class='ocrx_word' id='word_1_257' title='bbox 0 0 1360 4662; x_wconf 95' lang='lat' dir='ltr'><strong> </strong></span> 
     </span>
    </p>
   </div>
  </div>
 </body>
</html>
