2492 4632
21 311 25 358 ¹
320 325 443 374 corruo
466 323 616 374 umens.
640 351 644 358 -
920 305 985 390 4¹9

21 444 149 500 eutem
164 433 207 510 ei,
223 442 271 500 cst
286 431 390 500 lacere
405 432 474 520 ejus
489 429 684 498 voluntatem
695 434 706 520 )
714 455 723 505 a
738 453 793 498 eos
809 443 917 499 autem
931 434 985 522 qui

21 541 181 619 credunt,
196 554 230 608 et
244 551 377 633 propter
391 541 455 608 boc
469 540 594 630 lugiunt
616 540 727 608 lumen
741 543 826 631 ejus,
842 543 875 608 in
896 551 988 610 tone-

22 689 23 692 =
42 673 129 739 ques
147 651 206 741 ipsi
221 652 280 719 albi
296 649 474 740 elegerunt,
490 651 573 738 juste
588 648 742 718 recludet.
762 649 921 720 Omnibus
933 651 989 742 igi-

23 759 175 828 evelerit
193 785 227 828 se
243 761 350 836 Pater,
370 759 520 827 omuibus
535 758 676 828 Verbum
692 781 787 827 suum
802 759 924 827 visibile
940 761 989 826 lo·

21 893 28 934 s
49 892 57 932 ι
87 879 122 935 et
145 893 254 936 rursus
269 868 413 936 Verbum
434 867 582 934 omnibus
602 869 789 936 ostendebat
809 867 935 936 Patrem
958 880 991 936 et

27 1002 79 1054 m.
96 1001 177 1047 cum
191 980 232 1046 ab
253 979 402 1046 omnibus
418 977 590 1046 rideretur.
604 979 652 1067 :Et
670 979 743 1046 ideo
760 981 881 1069 justum
903 981 991 1071 judi·
1069 1003 1070 1008 ¹

21 1115 29 1153 ι
48 1089 110 1156 Dei
128 1111 226 1179 super
240 1111 365 1166 omnes,
380 1088 436 1177 qui
450 1085 594 1155 similiter
608 1088 739 1176 quidem
752 1089 912 1169 viderunt,
925 1113 991 1158 non

21 1221 57 1264 m
73 1197 224 1266 similiter
239 1197 454 1266 crediderunt.

21 1309 46 1373 l.
63 1307 197 1374 Etenim
211 1331 269 1397 per
284 1308 384 1398 ipsam
400 1305 618 1374 conditionem
633 1303 754 1374 revelat
764 1307 907 1376 Verbum
918 1333 994 1379 con·

21 1438 90 1482 rem
112 1416 232 1493 Deum
254 1427 287 1482 et
307 1438 364 1505 per
379 1415 536 1482 mundum
556 1414 783 1484 fabricatorem
798 1418 910 1484 mundi
924 1418 991 1486 Do-

21 1549 91 1602 um,
107 1537 142 1592 et
157 1548 215 1615 per
236 1524 356 1614 plasma
376 1547 452 1593 eum
471 1523 525 1614 qui
545 1524 748 1615 plasmaverit
766 1525 935 1604 artificem,
957 1541 990 1594 et

21 1636 146 1704 Filium
160 1660 236 1704 eum
258 1637 394 1722 Patrem,
407 1637 463 1727 qui
486 1637 685 1729 generaverit
706 1635 852 1704 Filium:
877 1649 909 1704 et
924 1637 994 1706 baec

21 1771 65 1814 res
81 1746 229 1814 similiter
243 1747 374 1836 quidem
389 1747 630 1838 colloquuntur,
647 1771 713 1814 non
728 1757 836 1816 autem
851 1748 998 1816 similiter

21 1858 102 1924 lunt.
122 1856 189 1923 Sed
207 1857 397 1947 perlegam
412 1868 445 1924 et
459 1857 633 1948 Prophetas
647 1855 792 1924 similiter
804 1855 948 1924 Verbum
964 1870 999 1924 et

21 1965 164 2054 etipsum
178 1977 211 2031 et
224 1965 352 2032 Patrem
368 1965 583 2056 predicebat:
600 1976 634 2032 et
648 1966 768 2033 audivit
782 1965 913 2054 quidem
928 1965 997 2032 uni-

21 2097 66 2140 sus
87 2071 225 2163 populus
243 2072 403 2149 similiter;
429 2095 494 2142 non
513 2071 658 2142 similiter
675 2086 782 2140 autem
801 2097 912 2141 omnes
930 2097 999 2143 cre·

21 2193 121 2246 arunt.
145 2180 186 2246 Et
206 2202 264 2269 per
284 2179 390 2270 ipsum
411 2177 554 2248 Verbum
574 2179 729 2248 visibilem
750 2191 783 2246 et
805 2179 997 2270 palpabilem

21 2311 81 2354 um
106 2286 201 2354 Pater
224 2288 464 2364 ostendebatur,
486 2287 693 2355 etiamsinon
714 2309 825 2358 omnes
852 2290 997 2359 similiter
1030 2330 1033 2336 ι

21 2399 137 2466 debant
155 2395 201 2471 eis
223 2397 281 2464 sed
298 2419 408 2464 omnes
425 2395 574 2466 viderunt
591 2397 625 2462 in
642 2396 724 2464 Filio
740 2395 867 2466 Patrem
885 2423 894 2466 r
915 2400 998 2468 invi-

21 2508 53 2575 le
71 2507 192 2574 etenim
210 2505 281 2576 Filii
300 2506 405 2584 Pater,
428 2504 550 2573 visibile
571 2515 680 2572 autem
699 2505 800 2572 Patris
823 2506 933 2575 Filius.
957 2510 1000 2576 Et

21 2630 96 2707 pter
113 2617 177 2684 boc
193 2637 304 2692 omnes
319 2613 482 2682 Christum
497 2611 712 2703 loquebantur
726 2627 881 2704 praesente
895 2639 948 2692 eo,
968 2630 1002 2683 et

21 2751 70 2794 rm
81 2726 298 2794 nominabant.
316 2723 381 2790 Sed
395 2737 428 2791 et
439 2725 600 2792 daemoms
611 2723 754 2792 sidentes
769 2721 900 2800 Filium,
916 2723 1000 2792 diee-

21 2849 42 2903 rt
58 2860 66 2902 :
84 2835 232 2904 «Scimus
242 2847 276 2901 te
286 2834 340 2923 qui
352 2856 401 2911 es,
417 2845 547 2900 sanctus
562 2831 640 2900 Dei·
655 2853 663 2895 τ
678 2859 691 2894 a
705 2843 739 2896 et
753 2841 878 2899 tentans
893 2833 1002 2900 diabo

21 2997 29 3022 ‚
48 2946 155 3012 ridens
169 2967 257 3020 cum,
278 2943 428 3010 dicebat:
450 2941 509 3007 «st
530 2953 616 3008 tues
637 2939 736 3006 Filius
756 2939 857 3008 Dei²:
873 2971 886 3005 ι
902 2944 1002 3010 omni·

21 3079 29 3122 s
50 3052 177 3142 quidem
196 3050 378 3116 videntibus
397 3059 430 3115 et
449 3047 650 3137 loquentibus
671 3045 788 3116 Filium
808 3060 841 3116 et
860 3049 1000 3129 Patrem,
1123 3073 1126 3080 ¹

21 3189 35 3230 a
50 3175 154 3229 autem
168 3161 316 3228 omnibus
331 3158 544 3229 credentibus.

21 3272 85 3340 Vll.
104 3269 277 3358 Oportebat
289 3267 376 3335 enim
387 3266 552 3334 veritatem
567 3269 607 3334 ub
623 3267 772 3334 omnibus
785 3269 931 3360 accipere
943 3280 1003 3337 tes-

21 3381 150 3457 aonium,
165 3391 199 3445 et
209 3401 277 3446 esse
288 3377 446 3467 judicium
456 3379 489 3446 in
501 3375 636 3444 salutem
647 3376 777 3466 quidem
788 3378 1001 3456 credentium,

21 3488 311 3559 condemnationem
326 3497 433 3554 autem
448 3509 514 3554 non
526 3485 738 3561 credentium,
750 3497 786 3551 ut
797 3509 908 3553 omues
918 3487 1002 3575 juste

21 3601 165 3674 licentur,
187 3610 219 3664 et
239 3619 276 3664 ea
297 3618 368 3686 quae
389 3606 437 3663 est
457 3595 491 3662 in
511 3595 639 3664 Patrem
658 3607 691 3661 et
711 3593 737 3660 F
739 3592 829 3663 illum
845 3595 939 3672 fides,
960 3600 1001 3665 ab

21 3710 120 3777 onibus
140 3708 377 3797 comprobetur,
404 3705 436 3772 id
459 3717 519 3782 est,
546 3707 586 3772 ab
608 3704 757 3772 omnibus
778 3704 999 3782 confirmetur,

37 3819 176 3890 omuibus
193 3817 352 3907 accipiens
371 3814 600 3890 testimouium,
620 3824 684 3882 eta
706 3813 900 3891 domesticis,
920 3839 1002 3904 quo·
1112 3823 1116 3832 ‘

21 3953 25 3987 t
37 3953 111 4002 blare.
122 3967 138 4010 r,
150 3949 185 4009 al.
199 3946 248 3986 -2
261 3947 354 3999 blatth.
366 3961 400 4004 rs,
413 3945 435 3994 3.

769 4051 819 4115 27.
