<?xml version="1.0" encoding="UTF-8"?>
<!DOCTYPE html PUBLIC "-//W3C//DTD XHTML 1.0 Transitional//EN"
    "http://www.w3.org/TR/xhtml1/DTD/xhtml1-transitional.dtd">
<html xmlns="http://www.w3.org/1999/xhtml" xml:lang="en" lang="en">
 <head>
  <title>
</title>
<meta http-equiv="Content-Type" content="text/html;charset=utf-8" />
  <meta name='ocr-system' content='tesseract 3.04.00' />
  <meta name='ocr-capabilities' content='ocr_page ocr_carea ocr_par ocr_line ocrx_word'/>
</head>
<body>
  <div class='ocr_page' id='page_1' title='image "./collectioselect02guilgoog_0644.png"; bbox 0 0 2616 4620; ppageno 0'>
   <div class='ocr_carea' id='block_1_1' title="bbox 344 265 1060 350">
    <p class='ocr_par' dir='ltr' id='par_1_1' title="bbox 344 265 1060 350">
     <span class='ocr_line' id='line_1_1' title="bbox 344 265 1060 350; baseline 0 -20"><span class='ocrx_word' id='word_1_1' title='bbox 344 289 384 330; x_wconf 76' lang='lat' dir='ltr'><strong>tu</strong></span> <span class='ocrx_word' id='word_1_2' title='bbox 409 287 607 340; x_wconf 81' lang='lat' dir='ltr'><strong>noronucou,</strong></span> <span class='ocrx_word' id='word_1_3' title='bbox 631 289 690 331; x_wconf 80' lang='lat' dir='ltr'><strong>urs.</strong></span> <span class='ocrx_word' id='word_1_4' title='bbox 719 288 753 330; x_wconf 82' lang='grc' dir='ltr'><strong>ιι.</strong></span> <span class='ocrx_word' id='word_1_5' title='bbox 1002 265 1060 350; x_wconf 80' lang='lat'><strong>159</strong></span> 
     </span>
    </p>
   </div>
   <div class='ocr_carea' id='block_1_2' title="bbox 1 393 1064 1348">
    <p class='ocr_par' dir='ltr' id='par_1_2' title="bbox 1 393 1064 1348">
     <span class='ocr_line' id='line_1_2' title="bbox 83 393 1063 483; baseline 0.001 -25"><span class='ocrx_word' id='word_1_6' title='bbox 83 394 137 460; x_wconf 93' lang='lat' dir='ltr'><strong>lll.</strong></span> <span class='ocrx_word' id='word_1_7' title='bbox 157 396 204 460; x_wconf 83' lang='lat' dir='ltr'><strong>Ac</strong></span> <span class='ocrx_word' id='word_1_8' title='bbox 217 404 295 459; x_wconf 87' lang='lat' dir='ltr'><strong>tuuc</strong></span> <span class='ocrx_word' id='word_1_9' title='bbox 309 393 438 481; x_wconf 88' lang='lat' dir='ltr'><strong>quidem</strong></span> <span class='ocrx_word' id='word_1_10' title='bbox 449 395 595 471; x_wconf 86' lang='lat' dir='ltr'><strong>deorum,</strong></span> <span class='ocrx_word' id='word_1_11' title='bbox 608 396 632 460; x_wconf 90' lang='lat' dir='ltr'><strong>si</strong></span> <span class='ocrx_word' id='word_1_12' title='bbox 645 396 773 483; x_wconf 89' lang='lat' dir='ltr'><strong>quidem</strong></span> <span class='ocrx_word' id='word_1_13' title='bbox 787 394 883 483; x_wconf 89' lang='lat' dir='ltr'><strong>geniti</strong></span> <span class='ocrx_word' id='word_1_14' title='bbox 895 395 996 468; x_wconf 86' lang='lat' dir='ltr'><strong>fuere,</strong></span> <span class='ocrx_word' id='word_1_15' title='bbox 1008 393 1063 460; x_wconf 83' lang='lat' dir='ltr'><strong>loe-</strong></span> 
     </span>
     <span class='ocr_line' id='line_1_3' title="bbox 40 500 1063 592; baseline -0.002 -26"><span class='ocrx_word' id='word_1_16' title='bbox 40 503 141 566; x_wconf 87' lang='lat' dir='ltr'><strong>cunda</strong></span> <span class='ocrx_word' id='word_1_17' title='bbox 157 502 317 592; x_wconf 88' lang='lat' dir='ltr'><strong>generatio</strong></span> <span class='ocrx_word' id='word_1_18' title='bbox 337 502 564 568; x_wconf 78' lang='lat' dir='ltr'><strong>inveniebatur.</strong></span> <span class='ocrx_word' id='word_1_19' title='bbox 586 501 678 567; x_wconf 89' lang='lat' dir='ltr'><strong>Nunc</strong></span> <span class='ocrx_word' id='word_1_20' title='bbox 694 525 766 566; x_wconf 86' lang='lat' dir='ltr'><strong>vero</strong></span> <span class='ocrx_word' id='word_1_21' title='bbox 791 501 844 567; x_wconf 93' lang='lat' dir='ltr'><strong>ubi</strong></span> <span class='ocrx_word' id='word_1_22' title='bbox 861 500 993 566; x_wconf 91' lang='lat' dir='ltr'><strong>deorum</strong></span> <span class='ocrx_word' id='word_1_23' title='bbox 1007 523 1063 588; x_wconf 91' lang='lat' dir='ltr'><strong>ge-</strong></span> 
     </span>
     <span class='ocr_line' id='line_1_4' title="bbox 40 608 1061 699; baseline -0.002 -25"><span class='ocrx_word' id='word_1_24' title='bbox 40 612 160 676; x_wconf 86' lang='lat' dir='ltr'><strong>neratio</strong></span> <span class='ocrx_word' id='word_1_25' title='bbox 175 609 374 676; x_wconf 70' lang='lat' dir='ltr'><strong>ostenditur?</strong></span> <span class='ocrx_word' id='word_1_26' title='bbox 385 610 465 675; x_wconf 90' lang='lat' dir='ltr'><strong>Nam</strong></span> <span class='ocrx_word' id='word_1_27' title='bbox 481 609 506 675; x_wconf 90' lang='lat' dir='ltr'><strong>si</strong></span> <span class='ocrx_word' id='word_1_28' title='bbox 521 621 597 674; x_wconf 91' lang='lat' dir='ltr'><strong>tnnc</strong></span> <span class='ocrx_word' id='word_1_29' title='bbox 612 611 781 699; x_wconf 82' lang='lat' dir='ltr'><strong>gignebant</strong></span> <span class='ocrx_word' id='word_1_30' title='bbox 792 621 823 673; x_wconf 90' lang='lat' dir='ltr'><strong>et</strong></span> <span class='ocrx_word' id='word_1_31' title='bbox 840 608 1061 698; x_wconf 89' lang='lat' dir='ltr'><strong>gignebantur,</strong></span> 
     </span>
     <span class='ocr_line' id='line_1_5' title="bbox 41 714 1064 805; baseline 0.003 -26.898"><span class='ocrx_word' id='word_1_32' title='bbox 41 714 139 802; x_wconf 92' lang='lat' dir='ltr'><strong>liquet</strong></span> <span class='ocrx_word' id='word_1_33' title='bbox 154 718 248 782; x_wconf 89' lang='lat' dir='ltr'><strong>etiam</strong></span> <span class='ocrx_word' id='word_1_34' title='bbox 265 717 330 783; x_wconf 89' lang='lat' dir='ltr'><strong>huc</strong></span> <span class='ocrx_word' id='word_1_35' title='bbox 345 741 442 805; x_wconf 90' lang='lat' dir='ltr'><strong>usque</strong></span> <span class='ocrx_word' id='word_1_36' title='bbox 463 715 548 782; x_wconf 89' lang='lat' dir='ltr'><strong>nasci</strong></span> <span class='ocrx_word' id='word_1_37' title='bbox 569 717 683 783; x_wconf 88' lang='lat' dir='ltr'><strong>debere</strong></span> <span class='ocrx_word' id='word_1_38' title='bbox 702 717 822 805; x_wconf 88' lang='lat' dir='ltr'><strong>genitos</strong></span> <span class='ocrx_word' id='word_1_39' title='bbox 836 717 925 790; x_wconf 86' lang='lat' dir='ltr'><strong>deos;</strong></span> <span class='ocrx_word' id='word_1_40' title='bbox 944 718 992 781; x_wconf 86' lang='lat' dir='ltr'><strong>sin</strong></span> <span class='ocrx_word' id='word_1_41' title='bbox 1007 717 1064 781; x_wconf 91' lang='lat' dir='ltr'><strong>mi-</strong></span> 
     </span>
     <span class='ocr_line' id='line_1_6' title="bbox 42 824 1063 913; baseline 0.005 -27"><span class='ocrx_word' id='word_1_42' title='bbox 42 848 114 899; x_wconf 91' lang='lat' dir='ltr'><strong>nus,</strong></span> <span class='ocrx_word' id='word_1_43' title='bbox 132 848 230 913; x_wconf 90' lang='lat' dir='ltr'><strong>genus</strong></span> <span class='ocrx_word' id='word_1_44' title='bbox 242 826 397 912; x_wconf 88' lang='lat' dir='ltr'><strong>ejusmodi</strong></span> <span class='ocrx_word' id='word_1_45' title='bbox 413 824 575 892; x_wconf 84' lang='lat' dir='ltr'><strong>infirmum</strong></span> <span class='ocrx_word' id='word_1_46' title='bbox 590 825 659 890; x_wconf 89' lang='lat' dir='ltr'><strong>erit.</strong></span> <span class='ocrx_word' id='word_1_47' title='bbox 674 824 732 890; x_wconf 85' lang='lat' dir='ltr'><strong>Vel</strong></span> <span class='ocrx_word' id='word_1_48' title='bbox 747 826 831 890; x_wconf 89' lang='lat' dir='ltr'><strong>enim</strong></span> <span class='ocrx_word' id='word_1_49' title='bbox 846 848 991 900; x_wconf 84' lang='lat' dir='ltr'><strong>sonuere,</strong></span> <span class='ocrx_word' id='word_1_50' title='bbox 1003 848 1063 891; x_wconf 90' lang='lat' dir='ltr'><strong>nee</strong></span> 
     </span>
     <span class='ocr_line' id='line_1_7' title="bbox 40 933 1058 1023; baseline 0.002 -27"><span class='ocrx_word' id='word_1_51' title='bbox 40 935 105 1019; x_wconf 85' lang='lat' dir='ltr'><strong>jem</strong></span> <span class='ocrx_word' id='word_1_52' title='bbox 113 946 245 1021; x_wconf 81' lang='lat' dir='ltr'><strong>possunt</strong></span> <span class='ocrx_word' id='word_1_53' title='bbox 256 937 397 1023; x_wconf 81' lang='lat' dir='ltr'><strong>gignere,</strong></span> <span class='ocrx_word' id='word_1_54' title='bbox 406 933 454 999; x_wconf 85' lang='lat' dir='ltr'><strong>vel</strong></span> <span class='ocrx_word' id='word_1_55' title='bbox 466 934 583 999; x_wconf 91' lang='lat' dir='ltr'><strong>mortui</strong></span> <span class='ocrx_word' id='word_1_56' title='bbox 595 947 668 999; x_wconf 90' lang='lat' dir='ltr'><strong>sunt</strong></span> <span class='ocrx_word' id='word_1_57' title='bbox 676 957 778 1021; x_wconf 89' lang='lat' dir='ltr'><strong>neque</strong></span> <span class='ocrx_word' id='word_1_58' title='bbox 786 933 1058 1022; x_wconf 81' lang='lat' dir='ltr'><strong>exstantnmplius.</strong></span> 
     </span>
     <span class='ocr_line' id='line_1_8' title="bbox 40 1043 1061 1132; baseline 0 -24"><span class='ocrx_word' id='word_1_59' title='bbox 40 1043 121 1108; x_wconf 88' lang='lat' dir='ltr'><strong>Nam</strong></span> <span class='ocrx_word' id='word_1_60' title='bbox 142 1044 166 1108; x_wconf 90' lang='lat' dir='ltr'><strong>si</strong></span> <span class='ocrx_word' id='word_1_61' title='bbox 189 1046 400 1109; x_wconf 87' lang='lat' dir='ltr'><strong>nascebantur</strong></span> <span class='ocrx_word' id='word_1_62' title='bbox 422 1044 482 1119; x_wconf 91' lang='lat' dir='ltr'><strong>dii,</strong></span> <span class='ocrx_word' id='word_1_63' title='bbox 503 1045 670 1132; x_wconf 81' lang='lat' dir='ltr'><strong>oportebat</strong></span> <span class='ocrx_word' id='word_1_64' title='bbox 698 1067 752 1110; x_wconf 90' lang='lat' dir='ltr'><strong>eos</strong></span> <span class='ocrx_word' id='word_1_65' title='bbox 781 1045 875 1110; x_wconf 86' lang='lat' dir='ltr'><strong>etiam</strong></span> <span class='ocrx_word' id='word_1_66' title='bbox 898 1043 1061 1132; x_wconf 89' lang='lat' dir='ltr'><strong>hucusque</strong></span> 
     </span>
     <span class='ocr_line' id='line_1_9' title="bbox 9 1151 1063 1240; baseline -0.001 -24"><span class='ocrx_word' id='word_1_67' title='bbox 9 1185 12 1195; x_wconf 87' lang='lat'>·</span> <span class='ocrx_word' id='word_1_68' title='bbox 39 1153 139 1226; x_wconf 88' lang='lat' dir='ltr'><strong>nasci,</strong></span> <span class='ocrx_word' id='word_1_69' title='bbox 163 1152 434 1240; x_wconf 87' lang='lat' dir='ltr'><strong>quemadmodum</strong></span> <span class='ocrx_word' id='word_1_70' title='bbox 454 1163 485 1216; x_wconf 89' lang='lat' dir='ltr'><strong>et</strong></span> <span class='ocrx_word' id='word_1_71' title='bbox 505 1151 649 1217; x_wconf 89' lang='lat' dir='ltr'><strong>homiues</strong></span> <span class='ocrx_word' id='word_1_72' title='bbox 669 1163 855 1226; x_wconf 88' lang='lat' dir='ltr'><strong>nascuntur,</strong></span> <span class='ocrx_word' id='word_1_73' title='bbox 875 1152 940 1228; x_wconf 83' lang='lat' dir='ltr'><strong>imo</strong></span> <span class='ocrx_word' id='word_1_74' title='bbox 959 1151 1063 1240; x_wconf 90' lang='lat' dir='ltr'><strong>plures</strong></span> 
     </span>
     <span class='ocr_line' id='line_1_10' title="bbox 1 1258 751 1348; baseline 0.001 -25"><span class='ocrx_word' id='word_1_75' title='bbox 1 1299 2 1303; x_wconf 59' lang='lat'><em>=</em></span> <span class='ocrx_word' id='word_1_76' title='bbox 40 1283 108 1326; x_wconf 87' lang='lat' dir='ltr'><strong>esse</strong></span> <span class='ocrx_word' id='word_1_77' title='bbox 125 1260 200 1326; x_wconf 88' lang='lat' dir='ltr'><strong>deos</strong></span> <span class='ocrx_word' id='word_1_78' title='bbox 216 1283 310 1348; x_wconf 90' lang='lat' dir='ltr'><strong>quam</strong></span> <span class='ocrx_word' id='word_1_79' title='bbox 327 1260 483 1333; x_wconf 79' lang='lat' dir='ltr'><strong>homines,</strong></span> <span class='ocrx_word' id='word_1_80' title='bbox 499 1271 535 1324; x_wconf 90' lang='lat' dir='ltr'><strong>ut</strong></span> <span class='ocrx_word' id='word_1_81' title='bbox 549 1259 592 1324; x_wconf 89' lang='lat' dir='ltr'><strong>ait</strong></span> <span class='ocrx_word' id='word_1_82' title='bbox 605 1258 725 1347; x_wconf 78' lang='lat' dir='ltr'><strong>Sibylla</strong></span> <span class='ocrx_word' id='word_1_83' title='bbox 743 1281 751 1324; x_wconf 91' lang='lat'>:</span> 
     </span>
    </p>
   </div>
   <div class='ocr_carea' id='block_1_3' title="bbox 1 1418 834 1607">
    <p class='ocr_par' dir='ltr' id='par_1_3' title="bbox 1 1411 834 1607">
     <span class='ocr_line' id='line_1_11' title="bbox 120 1418 834 1509; baseline -0.002 -19.286"><span class='ocrx_word' id='word_1_84' title='bbox 120 1418 194 1490; x_wconf 72' lang='lat' dir='ltr'><strong>Nam</strong></span> <span class='ocrx_word' id='word_1_85' title='bbox 206 1431 229 1489; x_wconf 89' lang='lat' dir='ltr'><strong>si</strong></span> <span class='ocrx_word' id='word_1_86' title='bbox 242 1431 279 1490; x_wconf 93' lang='lat' dir='ltr'><strong>Di</strong></span> <span class='ocrx_word' id='word_1_87' title='bbox 291 1431 409 1509; x_wconf 85' lang='lat' dir='ltr'><strong>gignunt</strong></span> <span class='ocrx_word' id='word_1_88' title='bbox 423 1429 655 1508; x_wconf 79' lang='lat' dir='ltr'><strong>immortalesque</strong></span> <span class='ocrx_word' id='word_1_89' title='bbox 667 1430 834 1503; x_wconf 83' lang='lat' dir='ltr'><strong>manebunt,</strong></span> 
     </span>
     <span class='ocr_line' id='line_1_12' title="bbox 1 1528 773 1607; baseline 0.003 -22"><span class='ocrx_word' id='word_1_90' title='bbox 1 1536 22 1558; x_wconf 62' lang='lat'><strong>³·</strong></span> <span class='ocrx_word' id='word_1_91' title='bbox 117 1530 156 1586; x_wconf 91' lang='lat' dir='ltr'><strong>Di</strong></span> <span class='ocrx_word' id='word_1_92' title='bbox 170 1529 257 1607; x_wconf 87' lang='lat' dir='ltr'><strong>geniti</strong></span> <span class='ocrx_word' id='word_1_93' title='bbox 271 1528 368 1606; x_wconf 89' lang='lat' dir='ltr'><strong>plnres</strong></span> <span class='ocrx_word' id='word_1_94' title='bbox 382 1529 473 1587; x_wconf 92' lang='lat' dir='ltr'><strong>multo</strong></span> <span class='ocrx_word' id='word_1_95' title='bbox 487 1529 657 1588; x_wconf 81' lang='lat' dir='ltr'><strong>mortalibus</strong></span> <span class='ocrx_word' id='word_1_96' title='bbox 671 1542 773 1604; x_wconf 84' lang='lat' dir='ltr'><strong>essent,</strong></span> 
     </span>
    </p>
   </div>
   <div class='ocr_carea' id='block_1_4' title="bbox 15 1630 934 1714">
    <p class='ocr_par' dir='ltr' id='par_1_4' title="bbox 15 1630 934 1714">
     <span class='ocr_line' id='line_1_13' title="bbox 15 1630 934 1714; baseline 0 -26"><span class='ocrx_word' id='word_1_97' title='bbox 15 1663 20 1668; x_wconf 95' lang='lat'>-</span> <span class='ocrx_word' id='word_1_98' title='bbox 114 1634 176 1688; x_wconf 88' lang='lat' dir='ltr'><strong>Nec</strong></span> <span class='ocrx_word' id='word_1_99' title='bbox 187 1631 267 1688; x_wconf 90' lang='lat' dir='ltr'><strong>locus</strong></span> <span class='ocrx_word' id='word_1_100' title='bbox 280 1643 353 1690; x_wconf 85' lang='lat' dir='ltr'><strong>essct</strong></span> <span class='ocrx_word' id='word_1_101' title='bbox 367 1630 418 1690; x_wconf 92' lang='lat' dir='ltr'><strong>ubi</strong></span> <span class='ocrx_word' id='word_1_102' title='bbox 426 1631 486 1710; x_wconf 83' lang='lat' dir='ltr'><strong>jam</strong></span> <span class='ocrx_word' id='word_1_103' title='bbox 498 1630 627 1691; x_wconf 89' lang='lat' dir='ltr'><strong>homines</strong></span> <span class='ocrx_word' id='word_1_104' title='bbox 641 1633 796 1691; x_wconf 87' lang='lat' dir='ltr'><strong>consistere</strong></span> <span class='ocrx_word' id='word_1_105' title='bbox 809 1643 934 1714; x_wconf 85' lang='lat' dir='ltr'><strong>possent.</strong></span> 
     </span>
    </p>
   </div>
   <div class='ocr_carea' id='block_1_5' title="bbox 1 1802 1063 2330">
    <p class='ocr_par' dir='ltr' id='par_1_5' title="bbox 1 1802 1063 2330">
     <span class='ocr_line' id='line_1_14' title="bbox 1 1802 1061 1894; baseline 0.001 -27"><span class='ocrx_word' id='word_1_106' title='bbox 1 1853 20 1894; x_wconf 54' lang='lat' dir='ltr'><strong>a:</strong></span> <span class='ocrx_word' id='word_1_107' title='bbox 37 1802 118 1868; x_wconf 84' lang='lat' dir='ltr'><strong>Nam</strong></span> <span class='ocrx_word' id='word_1_108' title='bbox 133 1803 159 1869; x_wconf 89' lang='lat' dir='ltr'><strong>si</strong></span> <span class='ocrx_word' id='word_1_109' title='bbox 174 1827 213 1869; x_wconf 84' lang='lat' dir='ltr'><strong>ex</strong></span> <span class='ocrx_word' id='word_1_110' title='bbox 227 1803 421 1881; x_wconf 83' lang='lat' dir='ltr'><strong>hominibus,</strong></span> <span class='ocrx_word' id='word_1_111' title='bbox 437 1806 490 1893; x_wconf 90' lang='lat' dir='ltr'><strong>qui</strong></span> <span class='ocrx_word' id='word_1_112' title='bbox 506 1804 654 1872; x_wconf 80' lang='lat' dir='ltr'><strong>mortales</strong></span> <span class='ocrx_word' id='word_1_113' title='bbox 670 1816 743 1871; x_wconf 89' lang='lat' dir='ltr'><strong>suut</strong></span> <span class='ocrx_word' id='word_1_114' title='bbox 755 1817 790 1870; x_wconf 90' lang='lat' dir='ltr'><strong>et</strong></span> <span class='ocrx_word' id='word_1_115' title='bbox 803 1803 860 1870; x_wconf 84' lang='lat' dir='ltr'><strong>aevi</strong></span> <span class='ocrx_word' id='word_1_116' title='bbox 874 1803 1061 1879; x_wconf 85' lang='lat' dir='ltr'><strong>brevissimi,</strong></span> 
     </span>
     <span class='ocr_line' id='line_1_15' title="bbox 4 1911 1062 2006; baseline 0 -30"><span class='ocrx_word' id='word_1_117' title='bbox 4 1984 12 2006; x_wconf 18' lang='lat' dir='ltr'><strong>&#39;J</strong></span> <span class='ocrx_word' id='word_1_118' title='bbox 39 1912 193 1976; x_wconf 88' lang='lat' dir='ltr'><strong>hactenus</strong></span> <span class='ocrx_word' id='word_1_119' title='bbox 208 1911 288 1977; x_wconf 85' lang='lat' dir='ltr'><strong>lilios</strong></span> <span class='ocrx_word' id='word_1_120' title='bbox 300 1915 442 2001; x_wconf 84' lang='lat' dir='ltr'><strong>generari</strong></span> <span class='ocrx_word' id='word_1_121' title='bbox 457 1926 592 1988; x_wconf 85' lang='lat' dir='ltr'><strong>constat,</strong></span> <span class='ocrx_word' id='word_1_122' title='bbox 606 1935 666 1979; x_wconf 92' lang='lat' dir='ltr'><strong>nec</strong></span> <span class='ocrx_word' id='word_1_123' title='bbox 678 1913 764 1980; x_wconf 89' lang='lat' dir='ltr'><strong>nasci</strong></span> <span class='ocrx_word' id='word_1_124' title='bbox 774 1913 918 1980; x_wconf 88' lang='lat' dir='ltr'><strong>homines</strong></span> <span class='ocrx_word' id='word_1_125' title='bbox 929 1912 1062 1986; x_wconf 88' lang='lat' dir='ltr'><strong>desiere,</strong></span> 
     </span>
     <span class='ocr_line' id='line_1_16' title="bbox 5 2021 1061 2117; baseline 0.001 -33"><span class='ocrx_word' id='word_1_126' title='bbox 5 2077 16 2117; x_wconf 38' lang='grc' dir='ltr'>ί</span> <span class='ocrx_word' id='word_1_127' title='bbox 36 2044 76 2084; x_wconf 85' lang='lat' dir='ltr'><strong>ex</strong></span> <span class='ocrx_word' id='word_1_128' title='bbox 90 2043 154 2109; x_wconf 90' lang='lat' dir='ltr'><strong>quo</strong></span> <span class='ocrx_word' id='word_1_129' title='bbox 169 2021 206 2086; x_wconf 90' lang='lat' dir='ltr'><strong>lit</strong></span> <span class='ocrx_word' id='word_1_130' title='bbox 221 2034 256 2087; x_wconf 91' lang='lat' dir='ltr'><strong>ut</strong></span> <span class='ocrx_word' id='word_1_131' title='bbox 270 2021 370 2110; x_wconf 83' lang='lat' dir='ltr'><strong>plenae</strong></span> <span class='ocrx_word' id='word_1_132' title='bbox 384 2024 446 2088; x_wconf 90' lang='lat' dir='ltr'><strong>sint</strong></span> <span class='ocrx_word' id='word_1_133' title='bbox 461 2025 555 2090; x_wconf 86' lang='lat' dir='ltr'><strong>urbes</strong></span> <span class='ocrx_word' id='word_1_134' title='bbox 571 2035 603 2088; x_wconf 93' lang='lat' dir='ltr'><strong>et</strong></span> <span class='ocrx_word' id='word_1_135' title='bbox 617 2025 746 2112; x_wconf 87' lang='lat' dir='ltr'><strong>oppida,</strong></span> <span class='ocrx_word' id='word_1_136' title='bbox 763 2045 801 2089; x_wconf 89' lang='lat' dir='ltr'><strong>ac</strong></span> <span class='ocrx_word' id='word_1_137' title='bbox 815 2023 874 2111; x_wconf 91' lang='lat' dir='ltr'><strong>ipsi</strong></span> <span class='ocrx_word' id='word_1_138' title='bbox 889 2023 985 2088; x_wconf 88' lang='lat' dir='ltr'><strong>etiam</strong></span> <span class='ocrx_word' id='word_1_139' title='bbox 996 2022 1061 2110; x_wconf 88' lang='lat' dir='ltr'><strong>agri</strong></span> 
     </span>
     <span class='ocr_line' id='line_1_17' title="bbox 11 2127 1063 2221; baseline -0.004 -23"><span class='ocrx_word' id='word_1_140' title='bbox 11 2127 230 2204; x_wconf 79' lang='lat' dir='ltr'><strong>‚incolantur3</strong></span> <span class='ocrx_word' id='word_1_141' title='bbox 254 2154 359 2197; x_wconf 87' lang='lat' dir='ltr'><strong>annon</strong></span> <span class='ocrx_word' id='word_1_142' title='bbox 381 2130 480 2220; x_wconf 86' lang='lat' dir='ltr'><strong>magis</strong></span> <span class='ocrx_word' id='word_1_143' title='bbox 503 2133 669 2220; x_wconf 85' lang='lat' dir='ltr'><strong>oportebat</strong></span> <span class='ocrx_word' id='word_1_144' title='bbox 693 2133 781 2208; x_wconf 88' lang='lat' dir='ltr'><strong>deos,</strong></span> <span class='ocrx_word' id='word_1_145' title='bbox 803 2133 869 2221; x_wconf 89' lang='lat' dir='ltr'><strong>qui,</strong></span> <span class='ocrx_word' id='word_1_146' title='bbox 892 2143 928 2195; x_wconf 91' lang='lat' dir='ltr'><strong>ut</strong></span> <span class='ocrx_word' id='word_1_147' title='bbox 952 2128 1063 2208; x_wconf 85' lang='lat' dir='ltr'><strong>volunt</strong></span> 
     </span>
     <span class='ocr_line' id='line_1_18' title="bbox 35 2239 1061 2330; baseline -0.006 -22.192"><span class='ocrx_word' id='word_1_148' title='bbox 35 2250 149 2326; x_wconf 69' lang='lat' dir='ltr'><strong>poetae,</strong></span> <span class='ocrx_word' id='word_1_149' title='bbox 169 2263 232 2306; x_wconf 89' lang='lat' dir='ltr'><strong>non</strong></span> <span class='ocrx_word' id='word_1_150' title='bbox 255 2241 446 2316; x_wconf 89' lang='lat' dir='ltr'><strong>moriuntur,</strong></span> <span class='ocrx_word' id='word_1_151' title='bbox 469 2243 596 2330; x_wconf 87' lang='lat' dir='ltr'><strong>gignere</strong></span> <span class='ocrx_word' id='word_1_152' title='bbox 615 2253 648 2305; x_wconf 88' lang='lat' dir='ltr'><strong>et</strong></span> <span class='ocrx_word' id='word_1_153' title='bbox 669 2241 768 2330; x_wconf 85' lang='lat' dir='ltr'><strong>gigni,</strong></span> <span class='ocrx_word' id='word_1_154' title='bbox 793 2239 1061 2328; x_wconf 88' lang='lat' dir='ltr'><strong>quemadmodum</strong></span> 
     </span>
    </p>
   </div>
   <div class='ocr_carea' id='block_1_6' title="bbox 1 2337 1063 3971">
    <p class='ocr_par' dir='ltr' id='par_1_6' title="bbox 1 2337 1063 3971">
     <span class='ocr_line' id='line_1_19' title="bbox 5 2337 1062 2437; baseline -0.003 -26"><span class='ocrx_word' id='word_1_155' title='bbox 5 2337 10 2343; x_wconf 38' lang='lat'><strong>⁸</strong></span> <span class='ocrx_word' id='word_1_156' title='bbox 37 2347 112 2413; x_wconf 87' lang='lat' dir='ltr'><strong>deos</strong></span> <span class='ocrx_word' id='word_1_157' title='bbox 133 2347 254 2437; x_wconf 89' lang='lat' dir='ltr'><strong>genitos</strong></span> <span class='ocrx_word' id='word_1_158' title='bbox 272 2372 340 2414; x_wconf 86' lang='lat' dir='ltr'><strong>esse</strong></span> <span class='ocrx_word' id='word_1_159' title='bbox 363 2349 486 2415; x_wconf 71' lang='lat' dir='ltr'><strong>dicitis?</strong></span> <span class='ocrx_word' id='word_1_160' title='bbox 500 2349 566 2414; x_wconf 87' lang='lat' dir='ltr'><strong>Cur</strong></span> <span class='ocrx_word' id='word_1_161' title='bbox 586 2349 683 2414; x_wconf 87' lang='lat' dir='ltr'><strong>etiam</strong></span> <span class='ocrx_word' id='word_1_162' title='bbox 701 2371 791 2414; x_wconf 89' lang='lat' dir='ltr'><strong>mons</strong></span> <span class='ocrx_word' id='word_1_163' title='bbox 806 2346 857 2413; x_wconf 91' lang='lat' dir='ltr'><strong>ille</strong></span> <span class='ocrx_word' id='word_1_164' title='bbox 877 2347 930 2434; x_wconf 94' lang='lat' dir='ltr'><strong>qui</strong></span> <span class='ocrx_word' id='word_1_165' title='bbox 946 2346 1062 2411; x_wconf 92' lang='lat' dir='ltr'><strong>dicitur</strong></span> 
     </span>
     <span class='ocr_line' id='line_1_20' title="bbox 2 2453 1062 2545; baseline -0.002 -25"><span class='ocrx_word' id='word_1_166' title='bbox 2 2527 13 2541; x_wconf 26' lang='grc' dir='ltr'><strong><em>ἢ</em></strong></span> <span class='ocrx_word' id='word_1_167' title='bbox 36 2455 207 2545; x_wconf 89' lang='lat' dir='ltr'><strong>Olympus,</strong></span> <span class='ocrx_word' id='word_1_168' title='bbox 223 2457 298 2524; x_wconf 87' lang='lat' dir='ltr'><strong>olim</strong></span> <span class='ocrx_word' id='word_1_169' title='bbox 313 2482 331 2524; x_wconf 80' lang='lat' dir='ltr'><strong>a</strong></span> <span class='ocrx_word' id='word_1_170' title='bbox 346 2458 404 2525; x_wconf 88' lang='lat' dir='ltr'><strong>diis</strong></span> <span class='ocrx_word' id='word_1_171' title='bbox 421 2456 629 2534; x_wconf 85' lang='lat' dir='ltr'><strong>incolebatur,</strong></span> <span class='ocrx_word' id='word_1_172' title='bbox 647 2481 735 2525; x_wconf 90' lang='lat' dir='ltr'><strong>nunc</strong></span> <span class='ocrx_word' id='word_1_173' title='bbox 748 2480 823 2524; x_wconf 85' lang='lat' dir='ltr'><strong>vero</strong></span> <span class='ocrx_word' id='word_1_174' title='bbox 838 2457 981 2522; x_wconf 89' lang='lat' dir='ltr'><strong>desertus</strong></span> <span class='ocrx_word' id='word_1_175' title='bbox 992 2453 1062 2520; x_wconf 76' lang='lat' dir='ltr'><strong>est?</strong></span> 
     </span>
     <span class='ocr_line' id='line_1_21' title="bbox 1 2560 1061 2658; baseline -0.001 -27"><span class='ocrx_word' id='word_1_176' title='bbox 1 2560 3 2563; x_wconf 55' lang='grc'>’</span> <span class='ocrx_word' id='word_1_177' title='bbox 36 2563 103 2631; x_wconf 84' lang='lat' dir='ltr'><strong>Aut</strong></span> <span class='ocrx_word' id='word_1_178' title='bbox 118 2587 176 2632; x_wconf 89' lang='lat' dir='ltr'><strong>cur</strong></span> <span class='ocrx_word' id='word_1_179' title='bbox 195 2566 269 2633; x_wconf 91' lang='lat' dir='ltr'><strong>olim</strong></span> <span class='ocrx_word' id='word_1_180' title='bbox 289 2569 323 2634; x_wconf 88' lang='lat' dir='ltr'><strong>in</strong></span> <span class='ocrx_word' id='word_1_181' title='bbox 341 2579 449 2636; x_wconf 90' lang='lat' dir='ltr'><strong>monte</strong></span> <span class='ocrx_word' id='word_1_182' title='bbox 464 2568 519 2634; x_wconf 90' lang='lat' dir='ltr'><strong>lda</strong></span> <span class='ocrx_word' id='word_1_183' title='bbox 533 2567 659 2658; x_wconf 86' lang='lat' dir='ltr'><strong>Jupiter</strong></span> <span class='ocrx_word' id='word_1_184' title='bbox 678 2568 839 2642; x_wconf 85' lang='lat' dir='ltr'><strong>manebat,</strong></span> <span class='ocrx_word' id='word_1_185' title='bbox 859 2565 966 2654; x_wconf 93' lang='lat' dir='ltr'><strong>ibique</strong></span> <span class='ocrx_word' id='word_1_186' title='bbox 987 2587 1061 2630; x_wconf 91' lang='lat' dir='ltr'><strong>eum</strong></span> 
     </span>
     <span class='ocr_line' id='line_1_22' title="bbox 35 2678 1058 2767; baseline -0.003 -27.096"><span class='ocrx_word' id='word_1_187' title='bbox 35 2698 165 2743; x_wconf 88' lang='lat' dir='ltr'><strong>manere</strong></span> <span class='ocrx_word' id='word_1_188' title='bbox 179 2690 317 2744; x_wconf 86' lang='lat' dir='ltr'><strong>notares</strong></span> <span class='ocrx_word' id='word_1_189' title='bbox 332 2691 412 2757; x_wconf 89' lang='lat' dir='ltr'><strong>crat,</strong></span> <span class='ocrx_word' id='word_1_190' title='bbox 430 2692 466 2744; x_wconf 93' lang='lat' dir='ltr'><strong>ut</strong></span> <span class='ocrx_word' id='word_1_191' title='bbox 479 2681 636 2746; x_wconf 88' lang='lat' dir='ltr'><strong>Homerus</strong></span> <span class='ocrx_word' id='word_1_192' title='bbox 650 2692 682 2746; x_wconf 88' lang='lat' dir='ltr'><strong>et</strong></span> <span class='ocrx_word' id='word_1_193' title='bbox 697 2678 749 2744; x_wconf 86' lang='lat' dir='ltr'><strong>alii</strong></span> <span class='ocrx_word' id='word_1_194' title='bbox 770 2689 871 2767; x_wconf 84' lang='lat' dir='ltr'><strong>poetae</strong></span> <span class='ocrx_word' id='word_1_195' title='bbox 885 2687 1058 2750; x_wconf 85' lang='lat' dir='ltr'><strong>testantur,</strong></span> 
     </span>
     <span class='ocr_line' id='line_1_23' title="bbox 2 2779 1062 2878; baseline -0.002 -30"><span class='ocrx_word' id='word_1_196' title='bbox 2 2779 8 2875; x_wconf 62' lang='lat' dir='ltr'>J</span> <span class='ocrx_word' id='word_1_197' title='bbox 35 2807 123 2850; x_wconf 89' lang='lat' dir='ltr'><strong>nunc</strong></span> <span class='ocrx_word' id='word_1_198' title='bbox 138 2807 211 2852; x_wconf 82' lang='lat' dir='ltr'><strong>vero</strong></span> <span class='ocrx_word' id='word_1_199' title='bbox 226 2788 354 2854; x_wconf 89' lang='lat' dir='ltr'><strong>ubinam</strong></span> <span class='ocrx_word' id='word_1_200' title='bbox 366 2789 406 2854; x_wconf 89' lang='lat' dir='ltr'><strong>sit</strong></span> <span class='ocrx_word' id='word_1_201' title='bbox 421 2789 608 2878; x_wconf 70' lang='lat' dir='ltr'><strong>ignoratur?</strong></span> <span class='ocrx_word' id='word_1_202' title='bbox 621 2789 687 2854; x_wconf 89' lang='lat' dir='ltr'><strong>Gur</strong></span> <span class='ocrx_word' id='word_1_203' title='bbox 701 2809 765 2852; x_wconf 91' lang='lat' dir='ltr'><strong>non</strong></span> <span class='ocrx_word' id='word_1_204' title='bbox 781 2796 849 2851; x_wconf 88' lang='lat' dir='ltr'><strong>erat</strong></span> <span class='ocrx_word' id='word_1_205' title='bbox 864 2785 994 2874; x_wconf 89' lang='lat' dir='ltr'><strong>ubique,</strong></span> <span class='ocrx_word' id='word_1_206' title='bbox 1007 2782 1062 2846; x_wconf 87' lang='lat' dir='ltr'><strong>sed</strong></span> 
     </span>
     <span class='ocr_line' id='line_1_24' title="bbox 34 2891 1061 2985; baseline -0.002 -28.062"><span class='ocrx_word' id='word_1_207' title='bbox 34 2895 68 2958; x_wconf 94' lang='lat' dir='ltr'><strong>in</strong></span> <span class='ocrx_word' id='word_1_208' title='bbox 84 2904 174 2961; x_wconf 82' lang='lat' dir='ltr'><strong>terrae</strong></span> <span class='ocrx_word' id='word_1_209' title='bbox 193 2908 284 2985; x_wconf 85' lang='lat' dir='ltr'><strong>parte</strong></span> <span class='ocrx_word' id='word_1_210' title='bbox 298 2897 539 2964; x_wconf 74' lang='lat' dir='ltr'><strong>inveniebatur?</strong></span> <span class='ocrx_word' id='word_1_211' title='bbox 550 2896 609 2964; x_wconf 90' lang='lat' dir='ltr'><strong>Vel</strong></span> <span class='ocrx_word' id='word_1_212' title='bbox 624 2897 708 2962; x_wconf 90' lang='lat' dir='ltr'><strong>enim</strong></span> <span class='ocrx_word' id='word_1_213' title='bbox 724 2907 852 2962; x_wconf 74' lang='lat' dir='ltr'><strong>caterae</strong></span> <span class='ocrx_word' id='word_1_214' title='bbox 871 2891 1061 2982; x_wconf 89' lang='lat' dir='ltr'><strong>negligebat,</strong></span> 
     </span>
     <span class='ocr_line' id='line_1_25' title="bbox 2 2999 1061 3093; baseline -0.004 -25"><span class='ocrx_word' id='word_1_215' title='bbox 2 3006 6 3014; x_wconf 86' lang='grc'>’</span> <span class='ocrx_word' id='word_1_216' title='bbox 35 3002 86 3068; x_wconf 89' lang='lat' dir='ltr'><strong>vel</strong></span> <span class='ocrx_word' id='word_1_217' title='bbox 102 3027 165 3069; x_wconf 92' lang='lat' dir='ltr'><strong>non</strong></span> <span class='ocrx_word' id='word_1_218' title='bbox 180 3017 304 3091; x_wconf 87' lang='lat' dir='ltr'><strong>poterat</strong></span> <span class='ocrx_word' id='word_1_219' title='bbox 318 3006 436 3093; x_wconf 90' lang='lat' dir='ltr'><strong>ubique</strong></span> <span class='ocrx_word' id='word_1_220' title='bbox 451 3029 519 3071; x_wconf 87' lang='lat' dir='ltr'><strong>esse</strong></span> <span class='ocrx_word' id='word_1_221' title='bbox 535 3018 567 3070; x_wconf 88' lang='lat' dir='ltr'><strong>et</strong></span> <span class='ocrx_word' id='word_1_222' title='bbox 582 3005 729 3072; x_wconf 87' lang='lat' dir='ltr'><strong>omnibus</strong></span> <span class='ocrx_word' id='word_1_223' title='bbox 744 3002 918 3092; x_wconf 86' lang='lat' dir='ltr'><strong>providere.</strong></span> <span class='ocrx_word' id='word_1_224' title='bbox 940 3001 1020 3069; x_wconf 84' lang='lat' dir='ltr'><strong>Nam</strong></span> <span class='ocrx_word' id='word_1_225' title='bbox 1035 2999 1061 3064; x_wconf 89' lang='lat' dir='ltr'><strong>si</strong></span> 
     </span>
     <span class='ocr_line' id='line_1_26' title="bbox 1 3103 1063 3201; baseline 0 -27"><span class='ocrx_word' id='word_1_226' title='bbox 1 3103 4 3109; x_wconf 69' lang='grc'>’</span> <span class='ocrx_word' id='word_1_227' title='bbox 36 3123 119 3186; x_wconf 87' lang='lat' dir='ltr'><strong>erat,</strong></span> <span class='ocrx_word' id='word_1_228' title='bbox 128 3111 260 3201; x_wconf 86' lang='lat' dir='ltr'><strong>exempli</strong></span> <span class='ocrx_word' id='word_1_229' title='bbox 273 3114 384 3201; x_wconf 80' lang='lat' dir='ltr'><strong>gratia,</strong></span> <span class='ocrx_word' id='word_1_230' title='bbox 398 3113 430 3177; x_wconf 94' lang='lat' dir='ltr'><strong>in</strong></span> <span class='ocrx_word' id='word_1_231' title='bbox 442 3126 531 3201; x_wconf 90' lang='lat' dir='ltr'><strong>parte</strong></span> <span class='ocrx_word' id='word_1_232' title='bbox 538 3111 705 3190; x_wconf 90' lang='lat' dir='ltr'><strong>Orientali,</strong></span> <span class='ocrx_word' id='word_1_233' title='bbox 715 3136 778 3178; x_wconf 91' lang='lat' dir='ltr'><strong>non</strong></span> <span class='ocrx_word' id='word_1_234' title='bbox 790 3123 858 3178; x_wconf 88' lang='lat' dir='ltr'><strong>arat</strong></span> <span class='ocrx_word' id='word_1_235' title='bbox 868 3112 901 3176; x_wconf 93' lang='lat' dir='ltr'><strong>in</strong></span> <span class='ocrx_word' id='word_1_236' title='bbox 908 3110 1063 3177; x_wconf 88' lang='lat' dir='ltr'><strong>Occiden-</strong></span> 
     </span>
     <span class='ocr_line' id='line_1_27' title="bbox 1 3211 1063 3312; baseline 0.001 -28"><span class='ocrx_word' id='word_1_237' title='bbox 1 3211 2 3216; x_wconf 8' lang='grc' dir='ltr'>ἵ</span> <span class='ocrx_word' id='word_1_238' title='bbox 35 3219 108 3292; x_wconf 87' lang='lat' dir='ltr'><strong>tali;</strong></span> <span class='ocrx_word' id='word_1_239' title='bbox 120 3244 227 3288; x_wconf 85' lang='lat' dir='ltr'><strong>rursus</strong></span> <span class='ocrx_word' id='word_1_240' title='bbox 240 3223 265 3287; x_wconf 89' lang='lat' dir='ltr'><strong>si</strong></span> <span class='ocrx_word' id='word_1_241' title='bbox 277 3222 309 3288; x_wconf 93' lang='lat' dir='ltr'><strong>in</strong></span> <span class='ocrx_word' id='word_1_242' title='bbox 326 3221 583 3290; x_wconf 88' lang='lat' dir='ltr'><strong>Occidentalibus</strong></span> <span class='ocrx_word' id='word_1_243' title='bbox 595 3223 685 3299; x_wconf 91' lang='lat' dir='ltr'><strong>locis,</strong></span> <span class='ocrx_word' id='word_1_244' title='bbox 697 3229 897 3312; x_wconf 76' lang='lat' dir='ltr'><strong>nequaquam</strong></span> <span class='ocrx_word' id='word_1_245' title='bbox 907 3222 940 3287; x_wconf 94' lang='lat' dir='ltr'><strong>in</strong></span> <span class='ocrx_word' id='word_1_246' title='bbox 951 3221 1063 3286; x_wconf 85' lang='lat' dir='ltr'><strong>Orien·</strong></span> 
     </span>
     <span class='ocr_line' id='line_1_28' title="bbox 35 3328 1062 3423; baseline -0.002 -28"><span class='ocrx_word' id='word_1_247' title='bbox 35 3328 163 3397; x_wconf 88' lang='lat' dir='ltr'><strong>talibus.</strong></span> <span class='ocrx_word' id='word_1_248' title='bbox 178 3330 237 3396; x_wconf 88' lang='lat' dir='ltr'><strong>Dei</strong></span> <span class='ocrx_word' id='word_1_249' title='bbox 254 3341 361 3396; x_wconf 85' lang='lat' dir='ltr'><strong>autem</strong></span> <span class='ocrx_word' id='word_1_250' title='bbox 373 3329 513 3398; x_wconf 88' lang='lat' dir='ltr'><strong>altissimi</strong></span> <span class='ocrx_word' id='word_1_251' title='bbox 526 3346 558 3398; x_wconf 88' lang='lat' dir='ltr'><strong>et</strong></span> <span class='ocrx_word' id='word_1_252' title='bbox 573 3335 797 3423; x_wconf 92' lang='lat' dir='ltr'><strong>omnipotentis</strong></span> <span class='ocrx_word' id='word_1_253' title='bbox 811 3343 844 3398; x_wconf 91' lang='lat' dir='ltr'><strong>et</strong></span> <span class='ocrx_word' id='word_1_254' title='bbox 856 3355 930 3398; x_wconf 83' lang='lat' dir='ltr'><strong>rere</strong></span> <span class='ocrx_word' id='word_1_255' title='bbox 944 3331 1003 3396; x_wconf 93' lang='lat' dir='ltr'><strong>Dei</strong></span> <span class='ocrx_word' id='word_1_256' title='bbox 1014 3340 1062 3394; x_wconf 89' lang='lat' dir='ltr'><strong>est</strong></span> 
     </span>
     <span class='ocr_line' id='line_1_29' title="bbox 35 3437 1062 3531; baseline -0.002 -25"><span class='ocrx_word' id='word_1_257' title='bbox 35 3463 103 3506; x_wconf 88' lang='lat' dir='ltr'><strong>non</strong></span> <span class='ocrx_word' id='word_1_258' title='bbox 126 3437 229 3504; x_wconf 90' lang='lat' dir='ltr'><strong>solum</strong></span> <span class='ocrx_word' id='word_1_259' title='bbox 249 3440 366 3529; x_wconf 88' lang='lat' dir='ltr'><strong>ubique</strong></span> <span class='ocrx_word' id='word_1_260' title='bbox 387 3463 467 3516; x_wconf 85' lang='lat' dir='ltr'><strong>esse,</strong></span> <span class='ocrx_word' id='word_1_261' title='bbox 491 3441 546 3507; x_wconf 88' lang='lat' dir='ltr'><strong>scd</strong></span> <span class='ocrx_word' id='word_1_262' title='bbox 565 3444 660 3510; x_wconf 90' lang='lat' dir='ltr'><strong>etiam</strong></span> <span class='ocrx_word' id='word_1_263' title='bbox 679 3445 784 3509; x_wconf 90' lang='lat' dir='ltr'><strong>omnia</strong></span> <span class='ocrx_word' id='word_1_264' title='bbox 807 3443 974 3531; x_wconf 89' lang='lat' dir='ltr'><strong>inspicere,</strong></span> <span class='ocrx_word' id='word_1_265' title='bbox 996 3461 1062 3505; x_wconf 89' lang='lat' dir='ltr'><strong>om-</strong></span> 
     </span>
     <span class='ocr_line' id='line_1_30' title="bbox 35 3548 1059 3642; baseline 0 -28"><span class='ocrx_word' id='word_1_266' title='bbox 35 3551 88 3614; x_wconf 90' lang='lat' dir='ltr'><strong>nia</strong></span> <span class='ocrx_word' id='word_1_267' title='bbox 108 3548 230 3625; x_wconf 85' lang='lat' dir='ltr'><strong>audire,</strong></span> <span class='ocrx_word' id='word_1_268' title='bbox 246 3550 365 3616; x_wconf 90' lang='lat' dir='ltr'><strong>nedum</strong></span> <span class='ocrx_word' id='word_1_269' title='bbox 381 3549 452 3618; x_wconf 89' lang='lat' dir='ltr'><strong>loco</strong></span> <span class='ocrx_word' id='word_1_270' title='bbox 464 3553 618 3619; x_wconf 87' lang='lat' dir='ltr'><strong>contineri</strong></span> <span class='ocrx_word' id='word_1_271' title='bbox 634 3579 640 3618; x_wconf 93' lang='lat'>:</span> <span class='ocrx_word' id='word_1_272' title='bbox 659 3553 774 3642; x_wconf 80' lang='lat' dir='ltr'><strong>alioqui</strong></span> <span class='ocrx_word' id='word_1_273' title='bbox 790 3554 955 3619; x_wconf 84' lang='lat' dir='ltr'><strong>continens</strong></span> <span class='ocrx_word' id='word_1_274' title='bbox 971 3551 1059 3617; x_wconf 89' lang='lat' dir='ltr'><strong>locus</strong></span> 
     </span>
     <span class='ocr_line' id='line_1_31' title="bbox 37 3657 1061 3749; baseline -0.002 -25"><span class='ocrx_word' id='word_1_275' title='bbox 37 3659 140 3746; x_wconf 85' lang='lat' dir='ltr'><strong>major</strong></span> <span class='ocrx_word' id='word_1_276' title='bbox 150 3681 189 3723; x_wconf 85' lang='lat' dir='ltr'><strong>eo</strong></span> <span class='ocrx_word' id='word_1_277' title='bbox 201 3658 378 3726; x_wconf 83' lang='lat' dir='ltr'><strong>invenietur</strong></span> <span class='ocrx_word' id='word_1_278' title='bbox 383 3684 393 3734; x_wconf 87' lang='lat'>;</span> <span class='ocrx_word' id='word_1_279' title='bbox 408 3675 456 3728; x_wconf 87' lang='lat' dir='ltr'><strong>est</strong></span> <span class='ocrx_word' id='word_1_280' title='bbox 468 3662 554 3729; x_wconf 89' lang='lat' dir='ltr'><strong>enim</strong></span> <span class='ocrx_word' id='word_1_281' title='bbox 565 3662 652 3749; x_wconf 92' lang='lat' dir='ltr'><strong>quod</strong></span> <span class='ocrx_word' id='word_1_282' title='bbox 662 3663 803 3728; x_wconf 88' lang='lat' dir='ltr'><strong>continet</strong></span> <span class='ocrx_word' id='word_1_283' title='bbox 814 3662 915 3749; x_wconf 86' lang='lat' dir='ltr'><strong>majus</strong></span> <span class='ocrx_word' id='word_1_284' title='bbox 926 3684 964 3726; x_wconf 90' lang='lat' dir='ltr'><strong>eo</strong></span> <span class='ocrx_word' id='word_1_285' title='bbox 975 3657 1061 3747; x_wconf 93' lang='lat' dir='ltr'><strong>quod</strong></span> 
     </span>
     <span class='ocr_line' id='line_1_32' title="bbox 37 3768 1059 3857; baseline -0.002 -22"><span class='ocrx_word' id='word_1_286' title='bbox 37 3768 238 3836; x_wconf 86' lang='lat' dir='ltr'><strong>continetur:</strong></span> <span class='ocrx_word' id='word_1_287' title='bbox 253 3771 337 3838; x_wconf 84' lang='lat' dir='ltr'><strong>Deus</strong></span> <span class='ocrx_word' id='word_1_288' title='bbox 350 3785 456 3839; x_wconf 86' lang='lat' dir='ltr'><strong>autem</strong></span> <span class='ocrx_word' id='word_1_289' title='bbox 471 3773 542 3840; x_wconf 86' lang='lat' dir='ltr'><strong>loco</strong></span> <span class='ocrx_word' id='word_1_290' title='bbox 558 3797 622 3840; x_wconf 90' lang='lat' dir='ltr'><strong>non</strong></span> <span class='ocrx_word' id='word_1_291' title='bbox 634 3773 915 3846; x_wconf 85' lang='lat' dir='ltr'><strong>circumscribitur,</strong></span> <span class='ocrx_word' id='word_1_292' title='bbox 928 3771 982 3836; x_wconf 88' lang='lat' dir='ltr'><strong>sed</strong></span> <span class='ocrx_word' id='word_1_293' title='bbox 994 3770 1059 3857; x_wconf 87' lang='lat' dir='ltr'><strong>ipsc</strong></span> 
     </span>
     <span class='ocr_line' id='line_1_33' title="bbox 39 3878 1059 3971; baseline 0.002 -31"><span class='ocrx_word' id='word_1_294' title='bbox 39 3888 85 3941; x_wconf 90' lang='lat' dir='ltr'><strong>est</strong></span> <span class='ocrx_word' id='word_1_295' title='bbox 100 3878 242 3944; x_wconf 88' lang='lat' dir='ltr'><strong>omnium</strong></span> <span class='ocrx_word' id='word_1_296' title='bbox 257 3878 354 3948; x_wconf 88' lang='lat' dir='ltr'><strong>locus.</strong></span> <span class='ocrx_word' id='word_1_297' title='bbox 375 3881 437 3948; x_wconf 90' lang='lat' dir='ltr'><strong>Sed</strong></span> <span class='ocrx_word' id='word_1_298' title='bbox 454 3905 512 3950; x_wconf 87' lang='lat' dir='ltr'><strong>cur</strong></span> <span class='ocrx_word' id='word_1_299' title='bbox 526 3882 613 3950; x_wconf 85' lang='lat' dir='ltr'><strong>ldam</strong></span> <span class='ocrx_word' id='word_1_300' title='bbox 630 3883 755 3971; x_wconf 81' lang='lat' dir='ltr'><strong>‹lupiter</strong></span> <span class='ocrx_word' id='word_1_301' title='bbox 765 3882 890 3970; x_wconf 91' lang='lat' dir='ltr'><strong>reliquit</strong></span> <span class='ocrx_word' id='word_1_302' title='bbox 900 3882 913 3946; x_wconf 74' lang='lat' dir='ltr'><strong>l</strong></span> <span class='ocrx_word' id='word_1_303' title='bbox 925 3883 973 3948; x_wconf 80' lang='lat' dir='ltr'><strong>dn</strong></span> <span class='ocrx_word' id='word_1_304' title='bbox 985 3879 1059 3968; x_wconf 85' lang='lat' dir='ltr'><strong>quio</strong></span> 
     </span>
    </p>
   </div>
   <div class='ocr_carea' id='block_1_7' title="bbox 0 0 1312 4620">
    <p class='ocr_par' dir='ltr' id='par_1_7' title="bbox 0 0 1312 4620">
     <span class='ocr_line' id='line_1_34' title="bbox 0 0 1312 4620; baseline 0 0"><span class='ocrx_word' id='word_1_305' title='bbox 0 0 1312 4620; x_wconf 95' lang='lat' dir='ltr'><strong> </strong></span> 
     </span>
    </p>
   </div>
  </div>
 </body>
</html>
