2648 4598
332 211 372 298 76
737 233 947 286 trnsnrsonn

332 340 392 406 illis
403 342 603 408 commiserat
614 339 719 406 Deus:
737 340 790 406 alii
802 363 878 406 vero
888 353 921 406 et
930 351 1048 406 nature
1057 341 1250 410 mbstmittnn

334 451 482 518 nere'sibi
498 451 664 516 commisso
679 451 770 516 ebusi
785 461 872 526 sunt,
888 450 947 515 iste
961 448 1100 514 videlieet
1112 450 1252 530 metensis

334 583 394 648 que
414 560 590 647 specierum
608 559 768 647 princeps,
788 569 821 623 et
840 555 893 622 elii
914 539 999 623 eires
1017 558 1141 645 primunr
1153 555 1198 620 hoo
1208 557 1252 619 lm

335 679 478 734 mentum
499 668 661 734 constituti
691 667 792 751 (scitis
812 678 920 764 sutem
947 665 1027 732 nihil
1052 687 1104 732 nos
1125 665 1176 729 sine
1193 667 1251 728 toul.-

337 778 455 852 dioere,
470 777 527 842 sed
541 799 637 864 quaen
651 776 814 864 Prophetis
830 777 1002 864 predicate
1015 786 1086 840 sunt
1097 776 1251 862 exponens:

337 885 465 972 quidem
481 887 514 951 in
528 886 685 974 virginum
697 885 901 974 cupiditatem
917 883 1012 973 lapsi,
1028 895 1060 949 et
1074 884 1160 950 earnis
1171 907 1252 946 anns.-

337 995 451 1081 peruti,
469 991 521 1058 ille
537 1005 643 1059 eutem
659 995 690 1059 in
710 1016 815 1058 rerum
832 995 891 1059 sibi
907 994 1139 1060 commissurum
1151 993 1254 1056 alnido

337 1102 424 1168 tione
439 1102 597 1192 negligens
611 1116 644 1169 et
661 1102 833 1192 improbus.
857 1106 904 1169 Ex
922 1105 972 1168 his
993 1104 1087 1192 igitur
1100 1103 1253 1190 rirginmssr

339 1212 461 1277 toribus
478 1213 544 1277 nuti
563 1224 636 1278 sunt
654 1213 675 1278 ii
694 1214 746 1300 qui
767 1224 918 1278 vocentur
935 1211 1115 1302 gigantes¹t
1142 1211 1172 1274 de
1185 1211 1253 1296 quin

341 1343 402 1407 qun
417 1343 456 1386 ex
470 1333 558 1409 purte
573 1322 630 1411 ipsi
642 1344 768 1409 quoque
780 1333 880 1409 poetae
895 1320 1022 1409 loquuti
1037 1333 1118 1395 sunt,
1131 1320 1247 1384 nemine:

343 1451 418 1494 eum
439 1429 543 1496 divine
563 1431 713 1518 supientia
732 1441 856 1496 tentum
875 1431 968 1495 distet
992 1455 1011 1494 e
1035 1429 1171 1495 mundans
1186 1439 1253 1514 quen

345 1561 456 1604 rerum
473 1561 491 1604 a
510 1538 678 1626 probabili,
702 1551 797 1628 etque
814 1539 883 1606 haee
901 1539 1033 1626 quidem
1053 1537 1177 1610 eoelestis,
1189 1537 1249 1598 ister

345 1657 469 1712 terrene
485 1647 533 1712 sit.
553 1647 633 1714 Nam
648 1648 823 1718 secundum
838 1649 976 1712 materies
993 1647 1156 1735 prinoipem

427 1795 537 1854 Scimus
551 1795 619 1854 falsa
631 1797 721 1874 loqui,
733 1817 791 1855 non
804 1815 894 1875 peuce
904 1795 1054 1854 simillima
1068 1796 1142 1856 veris

390 1937 494 2006 XXV.
512 1940 552 2004 lli
567 1940 662 2028 igitur
677 1939 791 2028 angeli,
808 1939 861 2026 qui
876 1939 915 2004 de
930 1938 1014 2004 coelo
1030 1938 1107 2027 lapsi
1121 1937 1256 2004 cneius-⁴-

348 2059 465 2111 terrem
476 2061 652 2125 versantur,
664 2071 724 2113 neo
734 2048 799 2136 jum
811 2069 904 2135 supra
915 2045 1037 2112 eoelum
1048 2044 1133 2112 evehi
1141 2053 1254 2132 possuttts

349 2154 445 2219 etiem
459 2156 621 2244 gigantum
636 2157 760 2229 nnimae,
776 2154 830 2242 qui
845 2154 1017 2219 errabundi
1031 2164 1106 2218 sunt
1118 2152 1172 2218 citu
1179 2142 1255 2208 nediu

351 2260 522 2338 dromones,
542 2266 696 2330 motiones
712 2266 849 2329 excitent
867 2263 940 2327 :isti
959 2263 1111 2350 quidem,
1127 2253 1255 2343 ΨΜ»

351 2391 420 2444 nes,
440 2383 559 2436 naturae
574 2386 604 2438 et
628 2373 843 2439 constitutioni
857 2394 953 2461 quum
974 2364 1258 2460 aeceperunttl'tttlt

352 2475 471 2543 seilicet
491 2479 612 2569 angeli,
633 2481 872 2569 cupiditatibus,
894 2504 971 2568 quas
992 2501 1134 2554 sensere,
1147 2475 1254 2557 magunt*

354 2587 491 2654 llleteriae
510 2603 616 2654 nutem
634 2591 794 2679 princeps,
816 2602 849 2654 ut
869 2613 907 2656 ex
926 2591 1000 2678 ipsis
1022 2589 1259 2674 retorqueret

351 2720 481 2762 eernere
495 2710 554 2773 est,
571 2698 762 2764 eontrarium
773 2699 832 2765 Dei
844 2700 929 2763 bono
943 2695 1211 2764 administrationem
1217 2697 1255 2761 tlll

353 2808 548 2874 curationem
562 2819 697 2872 exercet.

431 2969 544 3024 Ineerta
557 2985 632 3043 saepe
645 2985 713 3023 cure
727 2975 850 3022 mentem
864 2964 951 3042 agitet
963 2981 1068 3034 meam,

433 3065 522 3122 Castis
535 3061 686 3139 gubernet,
699 3081 736 3120 nn
748 3065 826 3120 Deus
839 3059 982 3118 mortalia.

433 3148 520 3236 Spem
533 3179 637 3238 nempe
652 3170 767 3238 preter,
777 3157 881 3235 jusque
893 3169 1007 3234 praeter,
1019 3155 1074 3212 lms
1087 3150 1187 3231 qsridern

433 3263 530 3318 Domo
544 3259 718 3330 excidentes,
731 3256 864 3317 omnibus
879 3255 972 3314 nudos
987 3255 1084 3324 bonis;

437 3358 505 3416 Illos
518 3359 642 3416 fruentes
656 3356 744 3416 rebus
757 3376 847 3434 usque
858 3355 1014 3434 prosperis.

359 3490 398 3554 lli
412 3501 525 3578 praeter
539 3501 674 3577 spernet
688 3499 801 3577 proeter
815 3511 942 3576 equum
956 3487 1095 3576 prosperi
1104 3493 1154 3548 rut
1163 3467 1258 3542 adnisi*-

360 3621 464 3664 cessus
479 3622 517 3664 eo
534 3599 720 3686 redegerunt
734 3597 932 3685 Euripidem,
947 3607 984 3660 ut
997 3594 1099 3681 eloqui
1113 3611 1167 3656 non
1178 3585 1265 3673 possete

394 3764 403 3795 ¹
415 3766 476 3823 Quae
492 3767 532 3814 hic
545 3767 577 3816 do
589 3769 734 3832 angelomum
749 3767 819 3830 lapsu
831 3783 860 3815 ex
873 3765 1002 3830 impudico
1015 3764 1139 3812 mulierum
1150 3767 1211 3804 arnust
1220 3744 1248 3792 tsi

360 3839 491 3886 nutatione
501 3841 630 3904 gigantum
639 3844 701 3892 dicit
714 3843 892 3908 Athenagoras,
899 3857 929 3890 ex
935 3841 963 3888 S.
971 3841 1071 3888 Justino
1079 3835 1175 3898 accepit,
1184 3821 1230 3888 tpol
1236 3829 1255 3861 '⁴'
