2646 4596
248 229 312 296 508
545 247 657 291 sancus
680 245 799 289 rusrrnr
821 243 976 288 uanrrnrs

246 369 306 424 »et
320 367 476 444 praecepta
486 354 555 442 ojus
566 376 636 441 qrrae
648 352 736 418 dedit
752 351 811 418 illis
821 351 843 416 ¹.
861 349 964 416 »Sunt
981 349 1079 414 ctiam
1095 345 1154 412 alia
1165 347 1259 424 reris,

247 487 317 554 quse
331 487 348 529 o
364 462 483 530 Doride
494 463 696 550 pronuntiata
707 472 740 526 et
750 482 769 525 a
780 482 833 525 mo
848 460 913 546 jam
924 456 1016 523 allata
1028 457 1061 522 in
1074 453 1261 521 Salomonem

247 574 330 638 dicta
351 592 431 645 osse,
452 580 618 658 propterea
636 565 723 655 quod
739 567 772 632 in
795 565 998 632 Salomonem
1020 565 1170 651 inscripta
1188 576 1260 636 sant,

247 680 430 768 insipienter
448 675 664 742 contenditis:
687 675 745 755 sed
763 697 803 739 ex
820 671 881 739 illis
896 674 1134 738 demonstratur
1154 693 1221 736 cunr
1234 671 1260 736 in

249 786 452 852 Salomonem
468 783 552 850 dicta
572 805 635 848 non
652 782 761 858 luisse,
776 794 846 848 tum
866 781 962 846 etiam
980 781 1070 846 hunc
1084 781 1187 870 ipsum
1203 791 1261 846 ante

249 891 348 957 solem
372 913 463 967 esse,
482 914 599 980 eosque
619 913 658 956 en
681 904 786 956 restro
807 887 924 979 populo
948 889 1003 976 qui
1029 880 1198 964 salvantes
1217 911 1262 978 per

249 1024 322 1067 eum
330 999 485 1068 salvatum
496 999 545 1066 iri.
561 999 615 1067 Sic
625 1011 735 1065 nutem
745 1000 865 1065 habent
877 1023 886 1063 :
900 999 1009 1064 «Deus
1020 989 1179 1086 judicium
1187 1009 1262 1064 tuum

250 1137 262 1170 ι
278 1106 411 1196 regida,
428 1117 461 1170 et
475 1107 630 1194 justitium
643 1117 731 1172 tuam
747 1105 812 1171 filio
833 1106 925 1195 regis.
942 1105 1111 1172 iudicabit
1130 1101 1261 1196 populum

250 1228 368 1280 »tuum
382 1214 416 1279 in
430 1214 562 1302 justitio,
578 1224 611 1277 et
632 1235 785 1302 pauperes
800 1226 872 1278 tuos
892 1213 924 1279 in
943 1213 1077 1301 judicio.
1104 1213 1263 1304 Suscipiunt

251 1331 407 1392 »montes
416 1339 530 1407 pacem
544 1315 664 1406 populo
679 1329 711 1382 et
726 1315 822 1383 colles
837 1317 1002 1404 justitiam.
1024 1317 1190 1384 Judicalrit
1198 1341 1264 1408 pau-

252 1449 367 1516 »peres
382 1423 503 1514 populi,
521 1435 553 1488 et
568 1423 669 1490 salros
684 1422 779 1490 faciet
791 1422 872 1489 filios
883 1447 1059 1513 pauperum
1073 1447 1082 1490 ι
1098 1438 1132 1491 et
1142 1423 1267 1492 tunde

252 1536 325 1600 »hit
340 1532 622 1600 calumniatorem:
641 1544 673 1596 et
689 1532 889 1621 permanebit
903 1555 977 1598 cum
994 1533 1075 1608 sole,
1094 1547 1130 1599 ct
1144 1545 1212 1602 aute
1224 1531 1268 1599 lu·

253 1664 355 1707 »nam
373 1641 407 1705 iu
429 1638 646 1727 generationes
665 1637 939 1726 generationum²‚
960 1653 1018 1706 »et
1040 1637 1166 1732 reliqua
1184 1665 1266 1732 usque

253 1749 294 1814 ad
305 1774 336 1814 :s
351 1748 432 1814 Ante
448 1745 546 1811 solem
558 1757 723 1834 permanet
734 1769 852 1812 nomen
866 1748 947 1835 ejus,
960 1761 992 1813 et
1008 1749 1265 1818 henedieonturiu

254 1859 349 1948 »ipso
368 1879 478 1922 omnes
499 1855 600 1920 trihus
624 1867 716 1919 terre
738 1879 746 1918 :
770 1878 880 1922 omnes
902 1869 1012 1946 gentes
1033 1859 1267 1948 magnifiotlunt

255 1997 267 2028 n
284 1991 369 2032 eum.
383 1963 575 2033 Benedictus
587 1963 741 2028 Dominus
756 1963 842 2029 Deus
853 1963 962 2040 lsrael,
976 1965 1029 2054 qui
1042 1965 1121 2033 lacit
1131 1965 1267 2034 mirabilia

258 2109 269 2141 n
286 2076 380 2143 solus.
399 2077 440 2141 Et
454 2074 659 2142 benedictum
676 2097 791 2141 nomen
808 2075 914 2164 gloriae
929 2079 997 2166 ejus
1016 2077 1050 2143 in
1066 2077 1210 2146 emcalum
1223 2103 1269 2144 sa-

257 2183 358 2252 »culi
380 2183 421 2249 Et
436 2182 611 2271 replebitur
626 2181 723 2272 glorie
746 2184 816 2271 ejus
839 2185 941 2250 omnis
965 2195 1061 2251 terra.
1080 2185 1159 2265 riu,
1174 2185 1232 2254 fiat.
1251 2215 1262 2246 ι

259 2294 335 2362 liliis
350 2294 498 2358 etiamen
513 2294 616 2358 verbis
637 2294 754 2383 pariter
768 2316 786 2357 a
802 2291 934 2371 Doride,
952 2308 987 2361 ut
1002 2319 1097 2386 supro
1108 2293 1181 2374 dixi,
1196 2320 1266 2385 pro-

258 2402 421 2476 nuntiatis,
437 2400 579 2466 futurum
593 2399 687 2466 luisse
703 2413 769 2466 ute
785 2425 910 2469 summo
928 2402 1010 2469 coelo
1029 2402 1269 2495 progrederetur,

259 2512 391 2598 ejusque
412 2507 445 2574 iu
468 2508 578 2573 eadem
598 2506 667 2574 loca
689 2509 821 2575 indicari
844 2511 981 2578 reditum
1003 2507 1227 2588 recordemiri'n
1242 2526 1271 2577 ut

259 2618 349 2685 illum
364 2628 396 2682 et
410 2616 514 2682 Deum
528 2641 547 2683 e
563 2616 644 2684 ceto
658 2619 813 2708 prodiisse
827 2632 859 2686 et
875 2620 1037 2688 hominem
1049 2625 1135 2690 iuter
1144 2623 1271 2692 hominu

261 2729 380 2794 luctum
394 2749 462 2792 esse
477 2727 665 2814 agnoscatis,
681 2751 720 2793 ac
740 2751 848 2794 rursus
865 2730 1092 2810 adventurum,
1107 2757 1202 2822 quom
1215 2733 1273 2824 qui·

260 2838 333 2903 dem
349 2835 502 2902 ridebunt
514 2846 546 2900 et
561 2833 709 2922 plangent
725 2837 780 2924 qui
795 2832 883 2903 illum
895 2853 1110 2928 pupugerunt.
1126 2839 1272 2932 Ejusmodi

260 2958 334 3011 sunt
345 2945 414 3011 haec
428 2946 546 3010 verbu:
567 2943 672 3010 «coeti
687 2959 834 3012 enarrant
849 2946 980 3036 glorium
996 2949 1069 3025 Dei,
1089 2963 1211 3042 etopus
1221 2972 1274 3018 uu·

261 3085 274 3117 s
288 3075 388 3118 nuum
400 3054 469 3140 ejus
481 3055 648 3120 annuntiat
662 3053 910 3122 firmamentum.
926 3057 1000 3124 Dies
1016 3059 1078 3126 dici
1089 3071 1214 3130 eructat
1222 3081 1276 3126 ror·

261 3194 274 3226 »
288 3165 380 3236 bum,
392 3173 424 3226 et
436 3184 500 3226 uox
513 3161 599 3226 nocti
612 3163 964 3251 annuntiatscientiam.
976 3166 1046 3233 Nou
1058 3179 1136 3235 sunt
1146 3167 1275 3260 loquele.

166 3303 168 3308 ·
262 3303 274 3336 t
292 3294 394 3359 neque
409 3291 582 3344 sormones,
599 3292 735 3358 quorum
746 3294 810 3337 uon
826 3273 995 3339 audiuntur
1010 3299 1105 3344 voces
1116 3301 1235 3344 eorum.
1249 3277 1275 3342 ln

262 3409 274 3441 n
291 3399 419 3444 omnem
434 3387 551 3440 terram
563 3375 658 3440 exivit
671 3399 767 3442 sonus
783 3401 908 3456 eorum,
924 3381 998 3448 etin
1010 3381 1090 3448 lines
1102 3385 1191 3450 urhis
1202 3396 1278 3450 tans

264 3518 276 3551 t
291 3490 386 3554 verba
402 3506 524 3551 eorum.
540 3485 576 3550 ln
594 3481 660 3550 sole
674 3485 778 3573 posuit
793 3489 1034 3557 tabernaculum
1046 3517 1142 3559 suurn
1155 3517 1164 3558 ε
1179 3507 1211 3560 et
1226 3495 1277 3583 ipse

263 3628 276 3659 »
290 3609 440 3684 tunquam
451 3617 585 3683 sponsus
596 3595 772 3682 procedens
784 3597 823 3662 de
838 3595 977 3666 thalamo
992 3625 1063 3677 suo,
1075 3602 1242 3670 exsultabit
1252 3614 1277 3664 ut

263 3737 275 3769 s
291 3708 375 3796 gigas
392 3704 432 3770 nd
452 3705 641 3771 currendam
658 3706 761 3772 vium:
780 3730 797 3772 n
813 3731 937 3774 summo
956 3711 1036 3778 ooelo
1055 3715 1193 3802 egressio
1206 3715 1274 3798 ejrr·

293 3833 378 3886 ’Pe-tl.
390 3849 477 3892 xcrrn,
490 3849 509 3884 ι.
522 3859 553 3870 -
562 3831 573 3866 ²
582 3831 646 3883 l'sal.
658 3849 723 3892 tur.
737 3851 760 3884 ι.
