2772 4620
317 313 467 360 osraenos
492 315 553 360 auu
577 313 739 358 rarrnoaa
761 313 875 357 sunno.
1045 289 1107 376 509

82 449 96 482 s
111 419 328 486 siderantibus
335 419 420 484 diem
427 419 571 488 Dominit
582 417 706 505 thuid
715 418 783 484 bue
791 419 879 484 vobis
890 417 956 484 dias
963 417 1109 482 Domini?

81 557 95 590 s
110 529 153 592 Et
167 549 204 591 eo
217 525 427 601 esttenebrae,
439 537 549 592 etnoa
561 525 624 591 lux.
640 525 810 604 Quomodo
821 545 895 592 oum
906 525 1005 613 lugiet
1015 523 1109 590 home
1235 555 1238 560 ·

81 657 128 698 »a
144 633 227 699 faeie
241 633 354 710 leonis,
369 644 403 698 et
417 629 544 700 ebriam
559 633 588 698 ei
609 632 664 698 liat
683 647 786 708 ursus,
802 643 835 698 et
852 634 988 700 introeat
1004 635 1036 698 in
1053 633 1110 698 do-

82 763 203 806 »mum
219 762 322 816 sunm,
338 752 371 807 et
386 742 537 808 innitatur
551 743 696 807 manibus
712 742 774 806 suis
793 763 885 832 super
897 743 1064 830 parietem,
1079 749 1112 807 et

85 848 261 914 »mordeas
280 869 354 914 aum
374 847 516 915 coluber.
532 848 649 917 ¹Nonne
670 849 808 914 tenebrae
828 847 893 914 dies
915 847 1058 924 Domini,
1079 848 1112 912 et
1189 915 1191 923 ,

86 977 183 1022 »non
204 953 276 1032 lus,
300 957 450 1046 stratigo
472 977 536 1022 non
559 941 679 1022 babens
700 945 896 1044 splendorem
919 953 1004 1022 illisi
1024 953 1109 1021 Odio

86 1061 226 1135 »babai
241 1059 342 1148 repuli
352 1060 533 1128 festivitates
548 1073 678 1138 vestras,
694 1071 727 1126 et
740 1085 804 1128 non
822 1061 965 1128 alsaciam
985 1062 1017 1126 in
1035 1083 1110 1127 eon-

84 1196 99 1231 s
115 1169 258 1234 ventibus
273 1170 393 1236 restris.
410 1170 490 1250 Qun
503 1171 528 1235 si
537 1161 713 1236 obtuleritis
723 1170 800 1236 mibi
811 1169 1005 1245 holocausta,
1018 1180 1049 1235 at
1063 1189 1109 1236 sa·

84 1275 233 1344 »erifiois
252 1288 371 1349 vestras
393 1295 456 1344 nou
478 1279 662 1368 suscipiam,
682 1285 714 1342 et
732 1277 877 1344 salutaris
901 1275 1108 1365 apparitiones

85 1411 99 1444 ι
115 1393 308 1448 matroon
324 1385 500 1472 respiciam.
518 1383 647 1450 daleru
666 1401 716 1448 me
739 1380 977 1447 multitudinem
995 1381 1110 1446 sermi-

84 1511 189 1554 »num
203 1500 332 1556 tuorum
347 1501 379 1556 at
393 1489 587 1580 psalmorum
603 1511 612 1552 =
633 1504 749 1578 organa
766 1499 819 1554 tua
835 1507 901 1554 non
918 1487 1054 1553 eudlnm.
1070 1487 1111 1554 Et

85 1597 253 1664 »volvebar
265 1599 346 1664 sieut
356 1613 437 1684 aqua
453 1599 665 1686 tudiniamfflt
680 1598 798 1683 justitia
813 1598 895 1662 siout
908 1607 1034 1660 torrens
1046 1613 1110 1660 uon

84 1705 256 1770 »vadosus
277 1703 441 1791 Numquid
460 1704 603 1770 siotimas
619 1715 652 1768 et
666 1703 784 1768 bestias
802 1700 957 1768 obtulistis
978 1699 1056 1766 mibi
1079 1702 1110 1766 in

83 1840 97 1874 ι
111 1811 282 1878 solitudine
302 1811 414 1878 domus
428 1809 547 1878 israeli
570 1810 646 1876 dicit
660 1810 823 1876 Dominus.
847 1809 888 1874 Et
901 1811 1110 1897 assumpsistis

86 1949 98 1982 s
112 1918 355 1986 tabernaculam
363 1919 490 1986 bloloeb
502 1931 536 1984 et
545 1917 628 1984 fidus
642 1917 692 1984 dei
705 1920 797 1984 vestri
806 1915 983 2006 Demphan,
996 1917 1112 2007 figuras

86 2049 193 2114 squas
208 2026 325 2092 feristis
338 2028 437 2092 vebis.
458 2025 499 2092 Et
511 2025 704 2106 ,transierat
724 2047 779 2091 vos
800 2036 885 2092 trans
903 2026 1110 2101 Damascum,

86 2165 100 2197 ι
115 2135 194 2200 dioit
204 2134 359 2199 Dominus
374 2155 383 2197 ε
400 2131 486 2200 Deus
502 2135 700 2222 omnipotens
715 2135 880 2199 numenei
895 2133 951 2201 Vas
961 2136 998 2200 iis
1009 2135 1063 2222 qui
1078 2136 1110 2200 in'

86 2240 234 2308 »delioiis
249 2251 414 2308 vorsantur
428 2241 460 2306 in
472 2240 561 2316 Sina,
578 2251 610 2305 et
624 2241 678 2328 qui
698 2239 861 2307 confidunt
879 2242 911 2306 in
928 2253 1035 2307 monta
1050 2241 1109 2308 Sa-

86 2351 238 2416 »mariael
256 2349 486 2428 Quinominoti
502 2359 574 2414 sunt
589 2350 622 2414 in
637 2347 783 2425 denibus,
796 2349 1026 2416 vindemiarunt
1044 2353 1111 2438 pri-

87 2460 212 2524 »mitias
234 2459 376 2545 gentium
398 2480 407 2521 ι
433 2457 562 2545 ingressi
582 2466 656 2522 sunt
684 2458 744 2522 sibi
772 2459 844 2546 ipsis
865 2458 977 2523 domus
999 2457 1105 2523 l'srnol.

89 2593 101 2626 s
113 2563 254 2630 Transito
268 2584 376 2630 omnes
388 2565 421 2630 in
431 2562 609 2639 Chelonen,
619 2575 653 2628 et
664 2565 767 2630 videte
782 2589 789 2628 :
806 2567 848 2630 ite
860 2565 934 2631 inde
946 2567 982 2634 in
994 2565 1110 2632 Ametb

89 2691 272 2758 »magnam
284 2681 317 2737 et
335 2671 518 2736 deseendite
537 2671 611 2736 inde
625 2671 658 2735 lu
673 2670 763 2746 Geth,
773 2670 1034 2759 alienigenarum,
1051 2697 1110 2761 op-

88 2804 100 2838 ι
114 2755 241 2842 timaus
251 2778 397 2844 omnibus
409 2778 515 2866 regnis
531 2776 580 2842 bis
593 2797 602 2839 r
617 2777 643 2842 si
655 2776 822 2866 ampliares
835 2790 909 2843 sunt
922 2781 1048 2844 termini
1062 2803 1113 2844 ao-

87 2907 184 2948 »rum
204 2886 345 2950 terminis
359 2885 480 2951 restris.
499 2882 671 2951 Venientes
688 2885 720 2950 in
739 2882 824 2950 diem
844 2884 980 2960 malum,
998 2908 1112 2976 appro-

87 2992 316 3082 rpinquantes,
332 3003 365 3055 et
383 3001 548 3079 tangentes
568 2992 699 3056 sabbata
720 2990 902 3065 mendacia;
922 2992 1112 3060 dormientes
1207 2995 1209 2998 ’

89 3098 151 3162 »in
169 3096 258 3163 luetis
279 3099 440 3172 eburneis,
456 3097 620 3162 attinentes
636 3096 755 3164 deliciis
774 3098 927 3164 instratis
946 3103 1009 3165 suis
1027 3123 1035 3165 ε
1057 3105 1111 3189 qui

90 3202 220 3268 »edant
240 3225 336 3290 agnos
358 3201 398 3268 de
419 3204 579 3291 gregibus,
601 3214 633 3268 et
651 3202 803 3270 laetentur
818 3205 931 3272 vitulos
946 3205 986 3274 de
1007 3210 1112 3275 modio

90 3343 103 3374 ι
116 3323 347 3378 armentorum:
357 3313 410 3398 qui
421 3311 615 3400 applaudunt
625 3312 666 3377 ad
678 3332 788 3379 voeem
800 3335 991 3402 organorum
1003 3338 1012 3380 ε
1024 3320 1113 3404 quasi

89 3451 102 3484 ι
117 3421 231 3486 smntia
237 3427 440 3508 putaverunt,
449 3429 480 3484 et
487 3440 552 3486 nan
558 3423 645 3507 qussi
656 3421 815 3510 fugientia.
827 3421 890 3499 Qui
901 3423 1016 3488 bibunt
1027 3425 1113 3512 phin·
1167 3419 1172 3426 ’

90 3527 153 3594 »lis
168 3527 297 3603 vinum,
315 3537 350 3593 et
366 3528 476 3617 primis
492 3530 658 3616 ungnentis
672 3539 847 3616 unguntur,
864 3539 897 3596 et
915 3529 992 3596 nibil
1011 3536 1113 3621 patie-

91 3638 230 3702 ‚tantm
244 3657 340 3724 super
355 3635 547 3702 contritione
563 3633 691 3722 loseph.
708 3635 909 3724 Quapropter
928 3658 1013 3705 nano
1035 3663 1110 3733 cap.

91 3773 106 3804 »
117 3745 169 3808 tiri
180 3753 273 3812 eruat
288 3744 320 3808 in
335 3743 440 3831 primo
461 3741 572 3806 ordine
588 3742 774 3828 optimatum
791 3741 852 3807 alio
867 3751 1107 3827 transeuntium,

94 3861 151 3915 »et
178 3850 437 3916 transmutabitur
459 3848 651 3915 domicilium
672 3847 911 3917 maleficorum:
934 3865 965 3919 et
984 3856 1110 3923 tollatur
