2616 4620
62 244 658 266 mmmfflfflmmfflmmnflmm
662 243 1075 267 mmmmmfflfflww!

84 439 525 590 SANCTUS
569 440 1050 614 IRENAEUS‚

187 738 495 832 EPISCOPUS
526 739 949 835 LUGDUNENSIS.

467 969 537 1054 nu·
567 971 662 1060 wa>

467 1192 656 1246 Guneus.

368 1417 760 1452 .---οοφ.-.-.

101 1617 258 1684 Saacros
282 1616 444 1686 Innnnus
467 1628 648 1686 natusest
671 1617 767 1686 circa
786 1636 922 1685 annum
942 1610 1075 1682 Christi

57 1743 136 1804 rao,
151 1722 297 1790 natione
313 1725 468 1810 Graecus,
487 1735 534 1806 et,
552 1736 593 1792 ut
610 1719 765 1808 videtur,
784 1746 828 1794 ex
845 1724 927 1794 Asia
940 1718 1074 1789 minori

50 1823 241 1896 oriundus.
262 1831 304 1896 In
323 1830 396 1898 vita
410 1832 449 1896 B.
467 1825 655 1924 Polycarpi
672 1827 897 1924 smyrnensis
915 1821 1074 1922 episcopi

49 1933 125 2028 jam
156 1936 358 2003 notavimus
388 1939 564 2006 Irenaeum
592 1936 631 2006 in
662 1935 740 2031 ejus
769 1934 979 2006 sanctissimi
1007 1931 1076 1999 viri

51 2037 175 2111 schola
201 2037 394 2112 educatum
417 2039 542 2130 fuisse,
568 2055 771 2140 cunctaque
799 2043 890 2112 tanti
915 2037 1074 2114 doctoris

50 2145 155 2240 quasi
168 2142 360 2216 odoratum
372 2171 449 2219 esse
462 2150 620 2246 vestigia.
641 2149 722 2238 Qua
738 2149 936 2231 occasione,
954 2165 1073 2242 quove

49 2264 214 2349 tempore
226 2255 264 2323 in
279 2252 411 2326 Gallias
425 2277 469 2325 ex
482 2257 565 2327 Asia
578 2256 777 2341 accesserit,
790 2279 865 2325 uon
880 2254 965 2324 satis
978 2273 1074 2322 com-

49 2372 193 2456 pertum
203 2356 392 2450 habemus,
401 2385 622 2460 quamquam
636 2364 670 2434 S.
685 2365 879 2460 Gregorius
890 2365 1075 2431 Turonen-

49 2467 97 2536 sis
115 2489 136 2536 a
158 2471 196 2538 B.
213 2467 410 2566 Polycarpo
428 2471 577 2541 missum
593 2469 696 2541 illurn
713 2469 893 2570 praedicet.
916 2467 1072 2564 (Histor.

47 2575 172 2646 Franc.
190 2597 216 2661 1,
235 2574 313 2672 ao.)
328 2580 406 2648 Hoc
420 2589 541 2647 autem
556 2590 696 2648 certum
711 2590 766 2649 est
782 2599 866 2646 euru
880 2597 976 2646 anno
995 2595 1073 2670 177,

47 2702 122 2774 quo
147 2683 301 2754 maxime
326 2680 496 2754 efferbuit
519 2682 689 2782 Lugduni
709 2684 878 2755 adversus
900 2677 1074 2752 Christia-

47 2809 114 2856 nos
140 2794 357 2884 persecutio,
385 2793 463 2887 ejus
490 2791 645 2864 ecclesiae
671 2789 922 2889 presbyterum
951 2783 1072 2870 fuisse,
1137 2799 1139 2802 ·

47 2914 130 2960 cum
147 2915 168 2962 a
184 2894 403 2990 martyribus
418 2894 722 2992 Lugdunensibus
744 2893 942 2965 destinatus
959 2885 1070 2959 fuerit

48 2997 112 3088 qui
139 2993 184 3064 ad
206 2997 445 3069 Eleutherum
467 3024 600 3096 papam
619 3000 787 3098 epistolas
807 2995 974 3084 deferret,
995 3019 1072 3065 non

48 3099 164 3168 solum
193 3115 235 3171 ut
259 3103 414 3174 ecclesiae
440 3103 691 3201 Lugdunensis
713 3103 909 3204 presbyter,
938 3097 1001 3174 sed
1030 3117 1073 3178 ut

47 3204 237 3276 aemulator
254 3213 452 3279 testamenti
473 3211 601 3282 Christi
615 3207 897 3284 commendatus.

95 3315 152 3384 Sic
168 3317 264 3384 enim
286 3319 456 3414 pietatem
480 3318 559 3413 ejus
575 3319 939 3415 ardentissimumque
960 3314 1070 3388 christ

47 3427 150 3496 tianae
160 3423 248 3522 legis
260 3425 402 3498 tuende
415 3441 452 3499 et
465 3428 726 3528 amplificandae
734 3423 1070 3503 studiumlaudantt-

46 3559 62 3595 κ
76 3534 123 3600 Te
140 3554 205 3628 per
217 3535 339 3604 omnia
355 3557 397 3605 ac
408 3552 586 3634 perpetuo
604 3527 770 3634 optamus
784 3539 822 3607 ln
836 3536 994 3606 Domino
1008 3557 1067 3605 ιιι-

46 3669 62 3702 »
76 3637 160 3724 lere,
175 3653 278 3736 pater
296 3640 498 3713 Eleuthere.
520 3649 592 3715 Has
612 3644 746 3716 litteras
766 3657 807 3716 ut
824 3641 872 3716 ad
886 3657 923 3714 te
937 3639 1068 3740 perfer·

47 3774 64 3809 ι)
79 3757 143 3832 ret,
162 3742 308 3816 fratrem
323 3761 360 3818 et
373 3748 546 3848 collegam
564 3766 729 3824 nostrum
744 3757 919 3823 Irenaeum
934 3745 1068 3818 hortati

49 3881 65 3916 »ι
81 3875 213 3925 sumus.
239 3857 355 3946 Quem
380 3856 529 3953 quidem
553 3875 595 3932 ut
618 3859 911 3933 commendatum
937 3853 1072 3931 habeas
