<?xml version="1.0" encoding="UTF-8"?>
<!DOCTYPE html PUBLIC "-//W3C//DTD XHTML 1.0 Transitional//EN"
    "http://www.w3.org/TR/xhtml1/DTD/xhtml1-transitional.dtd">
<html xmlns="http://www.w3.org/1999/xhtml" xml:lang="en" lang="en">
 <head>
  <title>
</title>
<meta http-equiv="Content-Type" content="text/html;charset=utf-8" />
  <meta name='ocr-system' content='tesseract 3.04.00' />
  <meta name='ocr-capabilities' content='ocr_page ocr_carea ocr_par ocr_line ocrx_word'/>
</head>
<body>
  <div class='ocr_page' id='page_1' title='image "./collectioselect02guilgoog_0684.png"; bbox 0 0 2616 4620; ppageno 0'>
   <div class='ocr_carea' id='block_1_1' title="bbox 313 315 1024 396">
    <p class='ocr_par' dir='ltr' id='par_1_1' title="bbox 313 315 1024 396">
     <span class='ocr_line' id='line_1_1' title="bbox 313 315 1024 396; baseline 0.007 -30"><span class='ocrx_word' id='word_1_1' title='bbox 313 323 352 367; x_wconf 76' lang='lat' dir='ltr'>no</span> <span class='ocrx_word' id='word_1_2' title='bbox 379 315 576 377; x_wconf 72' lang='lat' dir='ltr'>rotonrcorr,</span> <span class='ocrx_word' id='word_1_3' title='bbox 599 323 660 368; x_wconf 78' lang='lat' dir='ltr'>nro.</span> <span class='ocrx_word' id='word_1_4' title='bbox 685 326 719 368; x_wconf 84' lang='lat' dir='ltr'>n.</span> <span class='ocrx_word' id='word_1_5' title='bbox 965 331 1024 396; x_wconf 80' lang='lat'>¹79</span> 
     </span>
    </p>
   </div>
   <div class='ocr_carea' id='block_1_2' title="bbox 15 428 1026 734">
    <p class='ocr_par' dir='ltr' id='par_1_2' title="bbox 15 428 1026 734">
     <span class='ocr_line' id='line_1_2' title="bbox 15 428 1025 518; baseline 0.012 -28"><span class='ocrx_word' id='word_1_6' title='bbox 15 428 129 494; x_wconf 86' lang='lat' dir='ltr'>icium</span> <span class='ocrx_word' id='word_1_7' title='bbox 144 429 276 494; x_wconf 81' lang='lat' dir='ltr'>confessi</span> <span class='ocrx_word' id='word_1_8' title='bbox 292 443 380 504; x_wconf 87' lang='lat' dir='ltr'>sunt;</span> <span class='ocrx_word' id='word_1_9' title='bbox 403 432 503 518; x_wconf 89' lang='lat' dir='ltr'>etqui</span> <span class='ocrx_word' id='word_1_10' title='bbox 521 453 646 496; x_wconf 84' lang='lat' dir='ltr'>sensum</span> <span class='ocrx_word' id='word_1_11' title='bbox 661 444 731 518; x_wconf 87' lang='lat' dir='ltr'>post</span> <span class='ocrx_word' id='word_1_12' title='bbox 749 445 885 499; x_wconf 85' lang='lat' dir='ltr'>mortem</span> <span class='ocrx_word' id='word_1_13' title='bbox 903 435 1025 502; x_wconf 87' lang='lat' dir='ltr'>nullom</span> 
     </span>
     <span class='ocr_line' id='line_1_3' title="bbox 15 541 1026 627; baseline 0.011 -27"><span class='ocrx_word' id='word_1_14' title='bbox 15 561 73 602; x_wconf 71' lang='lat' dir='ltr'>sse</span> <span class='ocrx_word' id='word_1_15' title='bbox 93 549 307 614; x_wconf 83' lang='lat' dir='ltr'>asseruerunt,</span> <span class='ocrx_word' id='word_1_16' title='bbox 326 561 452 604; x_wconf 82' lang='lat' dir='ltr'>sensum</span> <span class='ocrx_word' id='word_1_17' title='bbox 471 562 631 627; x_wconf 78' lang='lat' dir='ltr'>superesse</span> <span class='ocrx_word' id='word_1_18' title='bbox 650 541 884 609; x_wconf 82' lang='lat' dir='ltr'>confessisunt.</span> <span class='ocrx_word' id='word_1_19' title='bbox 908 543 1026 610; x_wconf 85' lang='lat' dir='ltr'>Home·-</span> 
     </span>
     <span class='ocr_line' id='line_1_4' title="bbox 15 646 423 734; baseline 0.005 -26"><span class='ocrx_word' id='word_1_20' title='bbox 15 669 58 709; x_wconf 85' lang='lat' dir='ltr'>ns</span> <span class='ocrx_word' id='word_1_21' title='bbox 77 647 173 734; x_wconf 81' lang='lat' dir='ltr'>igitur</span> <span class='ocrx_word' id='word_1_22' title='bbox 188 669 262 712; x_wconf 89' lang='lat' dir='ltr'>cum</span> <span class='ocrx_word' id='word_1_23' title='bbox 277 646 423 712; x_wconf 83' lang='lat' dir='ltr'>dixisset:</span> 
     </span>
    </p>
   </div>
   <div class='ocr_carea' id='block_1_3' title="bbox 14 792 910 1257">
    <p class='ocr_par' dir='ltr' id='par_1_3' title="bbox 14 792 910 1257">
     <span class='ocr_line' id='line_1_5' title="bbox 87 792 827 870; baseline 0.004 -19"><span class='ocrx_word' id='word_1_24' title='bbox 87 793 188 851; x_wconf 75' lang='lat' dir='ltr'>Animo</span> <span class='ocrx_word' id='word_1_25' title='bbox 198 795 286 852; x_wconf 80' lang='lat' dir='ltr'>instar</span> <span class='ocrx_word' id='word_1_26' title='bbox 296 793 388 852; x_wconf 87' lang='lat' dir='ltr'>somni</span> <span class='ocrx_word' id='word_1_27' title='bbox 401 792 534 866; x_wconf 78' lang='lat' dir='ltr'>avolavit,</span> <span class='ocrx_word' id='word_1_28' title='bbox 577 795 674 868; x_wconf 80' lang='lat' dir='ltr'>Odyss.</span> <span class='ocrx_word' id='word_1_29' title='bbox 688 805 722 869; x_wconf 84' lang='grc' dir='ltr'>Λ,</span> <span class='ocrx_word' id='word_1_30' title='bbox 737 817 803 870; x_wconf 75' lang='lat'>221,</span> <span class='ocrx_word' id='word_1_31' title='bbox 825 799 827 805; x_wconf 85' lang='lat'>&#39;</span> 
     </span>
     <span class='ocr_line' id='line_1_6' title="bbox 14 927 203 996; baseline 0.037 -7"><span class='ocrx_word' id='word_1_32' title='bbox 14 927 88 994; x_wconf 88' lang='lat' dir='ltr'>libi</span> <span class='ocrx_word' id='word_1_33' title='bbox 105 931 203 996; x_wconf 85' lang='lat' dir='ltr'>dicit:</span> 
     </span>
     <span class='ocr_line' id='line_1_7' title="bbox 89 1081 840 1146; baseline 0.009 -8"><span class='ocrx_word' id='word_1_34' title='bbox 89 1081 190 1139; x_wconf 79' lang='lat' dir='ltr'>Animo</span> <span class='ocrx_word' id='word_1_35' title='bbox 202 1101 238 1140; x_wconf 86' lang='lat' dir='ltr'>ex</span> <span class='ocrx_word' id='word_1_36' title='bbox 249 1082 385 1142; x_wconf 84' lang='lat' dir='ltr'>membris</span> <span class='ocrx_word' id='word_1_37' title='bbox 394 1084 511 1142; x_wconf 80' lang='lat' dir='ltr'>avolsos</span> <span class='ocrx_word' id='word_1_38' title='bbox 522 1084 559 1144; x_wconf 83' lang='lat' dir='ltr'>ad</span> <span class='ocrx_word' id='word_1_39' title='bbox 569 1085 676 1144; x_wconf 80' lang='lat' dir='ltr'>inferos</span> <span class='ocrx_word' id='word_1_40' title='bbox 688 1085 840 1146; x_wconf 85' lang='lat' dir='ltr'>descendit.</span> 
     </span>
     <span class='ocr_line' id='line_1_8' title="bbox 537 1183 910 1257; baseline 0.016 -17"><span class='ocrx_word' id='word_1_41' title='bbox 537 1186 623 1241; x_wconf 77' lang='lat' dir='ltr'>iliad.</span> <span class='ocrx_word' id='word_1_42' title='bbox 637 1197 670 1256; x_wconf 86' lang='lat' dir='ltr'>n,</span> <span class='ocrx_word' id='word_1_43' title='bbox 681 1183 749 1257; x_wconf 82' lang='lat'><strong>856,</strong></span> <span class='ocrx_word' id='word_1_44' title='bbox 759 1197 789 1242; x_wconf 88' lang='lat' dir='ltr'>et</span> <span class='ocrx_word' id='word_1_45' title='bbox 797 1193 827 1255; x_wconf 83' lang='grc' dir='ltr'>Υ,</span> <span class='ocrx_word' id='word_1_46' title='bbox 844 1185 910 1246; x_wconf 80' lang='lat'><strong>362.</strong></span> 
     </span>
    </p>
   </div>
   <div class='ocr_carea' id='block_1_4' title="bbox 12 1312 165 1380">
    <p class='ocr_par' dir='ltr' id='par_1_4' title="bbox 12 1312 165 1380">
     <span class='ocr_line' id='line_1_9' title="bbox 12 1312 165 1380; baseline 0.013 -2"><span class='ocrx_word' id='word_1_47' title='bbox 12 1317 46 1378; x_wconf 77' lang='lat' dir='ltr'>lt</span> <span class='ocrx_word' id='word_1_48' title='bbox 66 1312 165 1380; x_wconf 84' lang='lat' dir='ltr'>alibi:</span> 
     </span>
    </p>
   </div>
   <div class='ocr_carea' id='block_1_5' title="bbox 91 1469 965 1640">
    <p class='ocr_par' dir='ltr' id='par_1_5' title="bbox 91 1469 965 1640">
     <span class='ocr_line' id='line_1_10' title="bbox 91 1469 965 1550; baseline 0.005 -26"><span class='ocrx_word' id='word_1_49' title='bbox 91 1469 218 1547; x_wconf 84' lang='lat' dir='ltr'>Sepelito</span> <span class='ocrx_word' id='word_1_50' title='bbox 229 1489 282 1543; x_wconf 86' lang='lat' dir='ltr'>me,</span> <span class='ocrx_word' id='word_1_51' title='bbox 295 1483 326 1528; x_wconf 90' lang='lat' dir='ltr'>ut</span> <span class='ocrx_word' id='word_1_52' title='bbox 337 1491 422 1550; x_wconf 87' lang='lat' dir='ltr'><strong>quam</strong></span> <span class='ocrx_word' id='word_1_53' title='bbox 432 1471 557 1550; x_wconf 88' lang='lat' dir='ltr'>primum</span> <span class='ocrx_word' id='word_1_54' title='bbox 566 1482 665 1549; x_wconf 82' lang='lat' dir='ltr'>portas</span> <span class='ocrx_word' id='word_1_55' title='bbox 677 1469 805 1527; x_wconf 87' lang='lat' dir='ltr'>Plutonis</span> <span class='ocrx_word' id='word_1_56' title='bbox 816 1481 965 1533; x_wconf 84' lang='lat' dir='ltr'>transeam.</span> 
     </span>
     <span class='ocr_line' id='line_1_11' title="bbox 677 1568 874 1640; baseline 0 -17"><span class='ocrx_word' id='word_1_57' title='bbox 677 1568 762 1626; x_wconf 83' lang='lat' dir='ltr'><em>Iliad.</em></span> <span class='ocrx_word' id='word_1_58' title='bbox 780 1583 811 1638; x_wconf 75' lang='grc' dir='ltr'>Ψ,</span> <span class='ocrx_word' id='word_1_59' title='bbox 827 1587 874 1640; x_wconf 88' lang='lat'>71.</span> 
     </span>
    </p>
   </div>
   <div class='ocr_carea' id='block_1_6' title="bbox 9 1703 1033 2334">
    <p class='ocr_par' dir='ltr' id='par_1_6' title="bbox 11 1703 1013 1796">
     <span class='ocr_line' id='line_1_12' title="bbox 11 1703 1013 1796; baseline 0.002 -27"><span class='ocrx_word' id='word_1_60' title='bbox 11 1707 57 1770; x_wconf 65' lang='lat' dir='ltr'>,le</span> <span class='ocrx_word' id='word_1_61' title='bbox 75 1704 196 1772; x_wconf 73' lang='lat' dir='ltr'>ceteris</span> <span class='ocrx_word' id='word_1_62' title='bbox 211 1725 289 1794; x_wconf 86' lang='lat' dir='ltr'>quos</span> <span class='ocrx_word' id='word_1_63' title='bbox 308 1703 420 1796; x_wconf 78' lang='lat' dir='ltr'>legisti,</span> <span class='ocrx_word' id='word_1_64' title='bbox 441 1719 586 1773; x_wconf 78' lang='lat' dir='ltr'>accurate</span> <span class='ocrx_word' id='word_1_65' title='bbox 604 1707 765 1794; x_wconf 88' lang='lat' dir='ltr'>cognitum</span> <span class='ocrx_word' id='word_1_66' title='bbox 785 1706 842 1771; x_wconf 87' lang='lat' dir='ltr'>tibi</span> <span class='ocrx_word' id='word_1_67' title='bbox 861 1729 927 1771; x_wconf 86' lang='lat' dir='ltr'>esse</span> <span class='ocrx_word' id='word_1_68' title='bbox 946 1705 1013 1771; x_wconf 88' lang='lat' dir='ltr'>orbi</span> 
     </span>
    </p>

    <p class='ocr_par' dir='ltr' id='par_1_7' title="bbox 9 1812 1033 2334">
     <span class='ocr_line' id='line_1_13' title="bbox 11 1812 1033 1901; baseline 0.001 -24"><span class='ocrx_word' id='word_1_69' title='bbox 11 1837 81 1878; x_wconf 83' lang='lat' dir='ltr'>:ror</span> <span class='ocrx_word' id='word_1_70' title='bbox 97 1813 256 1900; x_wconf 90' lang='lat' dir='ltr'>quomodo</span> <span class='ocrx_word' id='word_1_71' title='bbox 275 1813 486 1880; x_wconf 73' lang='lat' dir='ltr'>disseruerint.</span> <span class='ocrx_word' id='word_1_72' title='bbox 508 1815 583 1882; x_wconf 70' lang='lat' dir='ltr'>Hoc</span> <span class='ocrx_word' id='word_1_73' title='bbox 603 1814 706 1880; x_wconf 83' lang='lat' dir='ltr'>omnio</span> <span class='ocrx_word' id='word_1_74' title='bbox 726 1812 876 1901; x_wconf 74' lang='lat' dir='ltr'>intelliget</span> <span class='ocrx_word' id='word_1_75' title='bbox 895 1813 1033 1901; x_wconf 72' lang='lat' dir='ltr'>quisquis</span> 
     </span>
     <span class='ocr_line' id='line_1_14' title="bbox 10 1921 1031 2010; baseline 0.001 -24"><span class='ocrx_word' id='word_1_76' title='bbox 10 1922 200 2009; x_wconf 71' lang='lat' dir='ltr'>sapientiam</span> <span class='ocrx_word' id='word_1_77' title='bbox 211 1922 268 1988; x_wconf 90' lang='lat' dir='ltr'>Dei</span> <span class='ocrx_word' id='word_1_78' title='bbox 280 1923 402 2009; x_wconf 82' lang='lat' dir='ltr'>qurcril,</span> <span class='ocrx_word' id='word_1_79' title='bbox 418 1923 509 2009; x_wconf 87' lang='lat' dir='ltr'>eique</span> <span class='ocrx_word' id='word_1_80' title='bbox 520 1929 577 2010; x_wconf 89' lang='lat' dir='ltr'>pe&#39;r</span> <span class='ocrx_word' id='word_1_81' title='bbox 588 1921 684 1986; x_wconf 87' lang='lat' dir='ltr'>fidem</span> <span class='ocrx_word' id='word_1_82' title='bbox 698 1933 730 1985; x_wconf 85' lang='lat' dir='ltr'>et</span> <span class='ocrx_word' id='word_1_83' title='bbox 742 1921 896 2008; x_wconf 70' lang='lat' dir='ltr'>iustitiam</span> <span class='ocrx_word' id='word_1_84' title='bbox 906 1934 938 1986; x_wconf 87' lang='lat' dir='ltr'>et</span> <span class='ocrx_word' id='word_1_85' title='bbox 949 1923 1031 1988; x_wconf 86' lang='lat' dir='ltr'>bono</span> 
     </span>
     <span class='ocr_line' id='line_1_15' title="bbox 10 2028 1032 2120; baseline 0.002 -26"><span class='ocrx_word' id='word_1_86' title='bbox 10 2052 111 2118; x_wconf 83' lang='lat' dir='ltr'>opero</span> <span class='ocrx_word' id='word_1_87' title='bbox 132 2028 242 2118; x_wconf 81' lang='lat' dir='ltr'>placet.</span> <span class='ocrx_word' id='word_1_88' title='bbox 264 2031 347 2096; x_wconf 83' lang='lat' dir='ltr'>Dixit</span> <span class='ocrx_word' id='word_1_89' title='bbox 365 2032 450 2096; x_wconf 89' lang='lat' dir='ltr'>enim</span> <span class='ocrx_word' id='word_1_90' title='bbox 472 2030 582 2120; x_wconf 79' lang='lat' dir='ltr'>aliquis</span> <span class='ocrx_word' id='word_1_91' title='bbox 599 2051 638 2096; x_wconf 82' lang='lat' dir='ltr'>ex</span> <span class='ocrx_word' id='word_1_92' title='bbox 657 2030 820 2120; x_wconf 85' lang='lat' dir='ltr'>Prophetis</span> <span class='ocrx_word' id='word_1_93' title='bbox 839 2054 917 2118; x_wconf 85' lang='lat' dir='ltr'>quos</span> <span class='ocrx_word' id='word_1_94' title='bbox 940 2049 1032 2120; x_wconf 77' lang='lat' dir='ltr'>supro</span> 
     </span>
     <span class='ocr_line' id='line_1_16' title="bbox 10 2135 1033 2224; baseline 0 -24"><span class='ocrx_word' id='word_1_95' title='bbox 10 2137 311 2211; x_wconf 79' lang='lat' dir='ltr'>demonstrdrimus‚</span> <span class='ocrx_word' id='word_1_96' title='bbox 325 2139 451 2202; x_wconf 91' lang='lat' dir='ltr'>nomine</span> <span class='ocrx_word' id='word_1_97' title='bbox 464 2137 565 2203; x_wconf 87' lang='lat' dir='ltr'>Osee:</span> <span class='ocrx_word' id='word_1_98' title='bbox 585 2163 597 2198; x_wconf 86' lang='grc' dir='ltr'>ι</span> <span class='ocrx_word' id='word_1_99' title='bbox 609 2137 686 2217; x_wconf 86' lang='lat' dir='ltr'>Quis</span> <span class='ocrx_word' id='word_1_100' title='bbox 702 2138 822 2224; x_wconf 87' lang='lat' dir='ltr'>sopiens</span> <span class='ocrx_word' id='word_1_101' title='bbox 837 2147 869 2201; x_wconf 88' lang='lat' dir='ltr'>et</span> <span class='ocrx_word' id='word_1_102' title='bbox 882 2135 1033 2224; x_wconf 76' lang='lat' dir='ltr'>intelliget</span> 
     </span>
     <span class='ocr_line' id='line_1_17' title="bbox 9 2244 1032 2334; baseline 0.004 -28"><span class='ocrx_word' id='word_1_103' title='bbox 9 2273 21 2306; x_wconf 65' lang='lat' dir='ltr'><em>n</em></span> <span class='ocrx_word' id='word_1_104' title='bbox 40 2245 125 2319; x_wconf 83' lang='lat' dir='ltr'>hoec,</span> <span class='ocrx_word' id='word_1_105' title='bbox 145 2245 282 2333; x_wconf 83' lang='lat' dir='ltr'>prudens</span> <span class='ocrx_word' id='word_1_106' title='bbox 301 2259 333 2310; x_wconf 92' lang='lat' dir='ltr'>et</span> <span class='ocrx_word' id='word_1_107' title='bbox 351 2247 540 2334; x_wconf 79' lang='lat' dir='ltr'>cognoscet?</span> <span class='ocrx_word' id='word_1_108' title='bbox 558 2247 706 2334; x_wconf 85' lang='lat' dir='ltr'>quonium</span> <span class='ocrx_word' id='word_1_109' title='bbox 724 2256 817 2309; x_wconf 80' lang='lat' dir='ltr'>rectoe</span> <span class='ocrx_word' id='word_1_110' title='bbox 836 2244 891 2308; x_wconf 74' lang='lat' dir='ltr'>viro</span> <span class='ocrx_word' id='word_1_111' title='bbox 905 2244 1032 2310; x_wconf 87' lang='lat' dir='ltr'>Domini</span> 
     </span>
    </p>
   </div>
   <div class='ocr_carea' id='block_1_7' title="bbox 9 2349 1034 2766">
    <p class='ocr_par' dir='ltr' id='par_1_8' title="bbox 9 2349 1034 2766">
     <span class='ocr_line' id='line_1_18' title="bbox 9 2349 1032 2440; baseline 0 -26"><span class='ocrx_word' id='word_1_112' title='bbox 9 2384 20 2414; x_wconf 73' lang='lat' dir='ltr'>o</span> <span class='ocrx_word' id='word_1_113' title='bbox 40 2366 76 2417; x_wconf 89' lang='lat' dir='ltr'>et</span> <span class='ocrx_word' id='word_1_114' title='bbox 92 2351 165 2440; x_wconf 86' lang='lat' dir='ltr'>justi</span> <span class='ocrx_word' id='word_1_115' title='bbox 178 2352 385 2418; x_wconf 82' lang='lat' dir='ltr'>ambulabunt</span> <span class='ocrx_word' id='word_1_116' title='bbox 398 2355 428 2416; x_wconf 91' lang='lat' dir='ltr'>in</span> <span class='ocrx_word' id='word_1_117' title='bbox 442 2354 487 2416; x_wconf 89' lang='lat' dir='ltr'>eis</span> <span class='ocrx_word' id='word_1_118' title='bbox 502 2378 510 2416; x_wconf 75' lang='grc' dir='ltr'><strong><em>ε</em></strong></span> <span class='ocrx_word' id='word_1_119' title='bbox 527 2353 613 2439; x_wconf 90' lang='lat' dir='ltr'>impii</span> <span class='ocrx_word' id='word_1_120' title='bbox 625 2363 730 2415; x_wconf 82' lang='lat' dir='ltr'>nutem</span> <span class='ocrx_word' id='word_1_121' title='bbox 742 2349 985 2414; x_wconf 81' lang='lat' dir='ltr'>infirmabuntur</span> <span class='ocrx_word' id='word_1_122' title='bbox 1001 2353 1032 2414; x_wconf 88' lang='lat' dir='ltr'>in</span> 
     </span>
     <span class='ocr_line' id='line_1_19' title="bbox 9 2455 1033 2550; baseline 0 -27"><span class='ocrx_word' id='word_1_123' title='bbox 9 2493 23 2523; x_wconf 84' lang='lat'><strong>»</strong></span> <span class='ocrx_word' id='word_1_124' title='bbox 40 2462 89 2526; x_wconf 88' lang='lat' dir='ltr'>eis</span> <span class='ocrx_word' id='word_1_125' title='bbox 99 2461 120 2525; x_wconf 88' lang='lat'>¹.</span> <span class='ocrx_word' id='word_1_126' title='bbox 134 2490 149 2524; x_wconf 65' lang='lat' dir='ltr'>a</span> <span class='ocrx_word' id='word_1_127' title='bbox 163 2461 296 2550; x_wconf 84' lang='lat' dir='ltr'>Oportet</span> <span class='ocrx_word' id='word_1_128' title='bbox 308 2461 401 2548; x_wconf 86' lang='lat' dir='ltr'>igitur</span> <span class='ocrx_word' id='word_1_129' title='bbox 412 2471 446 2522; x_wconf 90' lang='lat' dir='ltr'>ut</span> <span class='ocrx_word' id='word_1_130' title='bbox 461 2460 513 2547; x_wconf 88' lang='lat' dir='ltr'>qui</span> <span class='ocrx_word' id='word_1_131' title='bbox 529 2457 667 2523; x_wconf 84' lang='lat' dir='ltr'>discendi</span> <span class='ocrx_word' id='word_1_132' title='bbox 679 2456 811 2546; x_wconf 88' lang='lat' dir='ltr'>cupidus</span> <span class='ocrx_word' id='word_1_133' title='bbox 824 2467 882 2532; x_wconf 87' lang='lat' dir='ltr'>est,</span> <span class='ocrx_word' id='word_1_134' title='bbox 898 2455 1033 2523; x_wconf 87' lang='lat' dir='ltr'>libenter</span> 
     </span>
     <span class='ocr_line' id='line_1_20' title="bbox 10 2565 1034 2656; baseline -0.004 -22"><span class='ocrx_word' id='word_1_135' title='bbox 10 2571 143 2634; x_wconf 81' lang='lat' dir='ltr'>discat:</span> <span class='ocrx_word' id='word_1_136' title='bbox 164 2591 202 2634; x_wconf 85' lang='lat' dir='ltr'>oc</span> <span class='ocrx_word' id='word_1_137' title='bbox 216 2567 347 2656; x_wconf 88' lang='lat' dir='ltr'>proinde</span> <span class='ocrx_word' id='word_1_138' title='bbox 366 2566 405 2630; x_wconf 80' lang='lat' dir='ltr'>de</span> <span class='ocrx_word' id='word_1_139' title='bbox 425 2573 551 2654; x_wconf 83' lang='lat' dir='ltr'>opernm</span> <span class='ocrx_word' id='word_1_140' title='bbox 572 2577 606 2630; x_wconf 92' lang='lat' dir='ltr'>ut</span> <span class='ocrx_word' id='word_1_141' title='bbox 624 2565 734 2652; x_wconf 85' lang='lat' dir='ltr'>saepios</span> <span class='ocrx_word' id='word_1_142' title='bbox 753 2565 976 2653; x_wconf 78' lang='lat' dir='ltr'>congrediaris,</span> <span class='ocrx_word' id='word_1_143' title='bbox 999 2575 1034 2630; x_wconf 84' lang='lat' dir='ltr'>ut</span> 
     </span>
     <span class='ocr_line' id='line_1_21' title="bbox 10 2672 950 2766; baseline -0.006 -22"><span class='ocrx_word' id='word_1_144' title='bbox 10 2681 120 2746; x_wconf 83' lang='lat' dir='ltr'>vivam</span> <span class='ocrx_word' id='word_1_145' title='bbox 135 2699 259 2766; x_wconf 87' lang='lat' dir='ltr'>quoqne</span> <span class='ocrx_word' id='word_1_146' title='bbox 272 2687 382 2744; x_wconf 75' lang='lat' dir='ltr'>rocem</span> <span class='ocrx_word' id='word_1_147' title='bbox 396 2673 538 2748; x_wconf 73' lang='lat' dir='ltr'>audiens,</span> <span class='ocrx_word' id='word_1_148' title='bbox 557 2695 665 2738; x_wconf 83' lang='lat' dir='ltr'>verum</span> <span class='ocrx_word' id='word_1_149' title='bbox 680 2679 826 2740; x_wconf 72' lang='lat' dir='ltr'>&#39;accurate</span> <span class='ocrx_word' id='word_1_150' title='bbox 840 2672 950 2740; x_wconf 82' lang='lat' dir='ltr'>discas.</span> 
     </span>
    </p>
   </div>
   <div class='ocr_carea' id='block_1_8' title="bbox 49 2823 228 2884">
    <p class='ocr_par' dir='ltr' id='par_1_9' title="bbox 49 2823 228 2884">
     <span class='ocr_line' id='line_1_22' title="bbox 49 2823 228 2884; baseline -0.011 -10"><span class='ocrx_word' id='word_1_151' title='bbox 49 2825 59 2858; x_wconf 85' lang='lat'>¹</span> <span class='ocrx_word' id='word_1_152' title='bbox 72 2823 115 2874; x_wconf 87' lang='lat' dir='ltr'>Os.</span> <span class='ocrx_word' id='word_1_153' title='bbox 128 2839 179 2884; x_wconf 73' lang='grc' dir='ltr'>ω,</span> <span class='ocrx_word' id='word_1_154' title='bbox 192 2839 228 2873; x_wconf 85' lang='grc' dir='ltr'>ιο.</span> 
     </span>
    </p>
   </div>
   <div class='ocr_carea' id='block_1_9' title="bbox 0 0 1312 4620">
    <p class='ocr_par' dir='ltr' id='par_1_10' title="bbox 0 0 1312 4620">
     <span class='ocr_line' id='line_1_23' title="bbox 0 0 1312 4620; baseline 0 2"><span class='ocrx_word' id='word_1_155' title='bbox 0 0 1312 4620; x_wconf 95' lang='lat' dir='ltr'> </span> 
     </span>
    </p>
   </div>
  </div>
 </body>
</html>
