<?xml version="1.0" encoding="UTF-8"?>
<!DOCTYPE html PUBLIC "-//W3C//DTD XHTML 1.0 Transitional//EN"
    "http://www.w3.org/TR/xhtml1/DTD/xhtml1-transitional.dtd">
<html xmlns="http://www.w3.org/1999/xhtml" xml:lang="en" lang="en">
 <head>
  <title>
</title>
<meta http-equiv="Content-Type" content="text/html;charset=utf-8" />
  <meta name='ocr-system' content='tesseract 3.04.00' />
  <meta name='ocr-capabilities' content='ocr_page ocr_carea ocr_par ocr_line ocrx_word'/>
</head>
<body>
  <div class='ocr_page' id='page_1' title='image "./collectioselect02guilgoog_0850.png"; bbox 0 0 2516 4636; ppageno 0'>
   <div class='ocr_carea' id='block_1_1' title="bbox 316 293 979 380">
    <p class='ocr_par' dir='ltr' id='par_1_1' title="bbox 316 293 979 380">
     <span class='ocr_line' id='line_1_1' title="bbox 316 293 979 380; baseline 0.002 -23"><span class='ocrx_word' id='word_1_1' title='bbox 316 312 438 357; x_wconf 71' lang='lat' dir='ltr'><strong>courel</strong></span> <span class='ocrx_word' id='word_1_2' title='bbox 463 313 613 358; x_wconf 79' lang='lat' dir='ltr'><strong>nnursss.</strong></span> <span class='ocrx_word' id='word_1_3' title='bbox 916 293 979 380; x_wconf 71' lang='lat'><strong>549</strong></span> 
     </span>
    </p>
   </div>
   <div class='ocr_carea' id='block_1_2' title="bbox 11 419 990 3898">
    <p class='ocr_par' dir='ltr' id='par_1_2' title="bbox 104 419 981 507">
     <span class='ocr_line' id='line_1_2' title="bbox 104 419 981 507; baseline 0.006 -24"><span class='ocrx_word' id='word_1_4' title='bbox 104 419 307 486; x_wconf 85' lang='lat' dir='ltr'><strong>estimonium</strong></span> <span class='ocrx_word' id='word_1_5' title='bbox 323 420 461 485; x_wconf 90' lang='lat' dir='ltr'><strong>reddunt</strong></span> <span class='ocrx_word' id='word_1_6' title='bbox 476 422 693 486; x_wconf 87' lang='lat' dir='ltr'><strong>remissionem</strong></span> <span class='ocrx_word' id='word_1_7' title='bbox 707 433 913 507; x_wconf 83' lang='lat' dir='ltr'><strong>poeeetorum</strong></span> <span class='ocrx_word' id='word_1_8' title='bbox 929 445 981 488; x_wconf 85' lang='lat' dir='ltr'><strong>uo·</strong></span> 
     </span>
    </p>

    <p class='ocr_par' dir='ltr' id='par_1_3' title="bbox 98 528 981 615">
     <span class='ocr_line' id='line_1_3' title="bbox 98 528 981 615; baseline 0.003 -23"><span class='ocrx_word' id='word_1_9' title='bbox 98 551 154 614; x_wconf 84' lang='lat' dir='ltr'><strong>per</strong></span> <span class='ocrx_word' id='word_1_10' title='bbox 169 551 286 593; x_wconf 89' lang='lat' dir='ltr'><strong>nomen</strong></span> <span class='ocrx_word' id='word_1_11' title='bbox 300 529 370 615; x_wconf 91' lang='lat' dir='ltr'><strong>ejus</strong></span> <span class='ocrx_word' id='word_1_12' title='bbox 385 551 513 594; x_wconf 89' lang='lat' dir='ltr'><strong>omnem</strong></span> <span class='ocrx_word' id='word_1_13' title='bbox 529 529 712 595; x_wconf 80' lang='lat' dir='ltr'>credentem</span> <span class='ocrx_word' id='word_1_14' title='bbox 727 528 760 594; x_wconf 91' lang='lat' dir='ltr'><strong>in</strong></span> <span class='ocrx_word' id='word_1_15' title='bbox 775 530 881 594; x_wconf 81' lang='lat' dir='ltr'><strong>eum⁴.</strong></span> <span class='ocrx_word' id='word_1_16' title='bbox 900 559 913 592; x_wconf 76' lang='lat' dir='ltr'><strong>s</strong></span> <span class='ocrx_word' id='word_1_17' title='bbox 930 531 981 597; x_wconf 88' lang='lat' dir='ltr'><strong>Fi-</strong></span> 
     </span>
    </p>

    <p class='ocr_par' dir='ltr' id='par_1_4' title="bbox 89 635 982 726">
     <span class='ocr_line' id='line_1_4' title="bbox 89 635 982 726; baseline 0.004 -26"><span class='ocrx_word' id='word_1_18' title='bbox 89 659 124 700; x_wconf 90' lang='lat' dir='ltr'><strong>:·o</strong></span> <span class='ocrx_word' id='word_1_19' title='bbox 142 636 215 711; x_wconf 89' lang='lat' dir='ltr'><strong>Dei,</strong></span> <span class='ocrx_word' id='word_1_20' title='bbox 235 659 332 724; x_wconf 87' lang='lat' dir='ltr'><strong>quem</strong></span> <span class='ocrx_word' id='word_1_21' title='bbox 350 636 539 726; x_wconf 78' lang='lat' dir='ltr'><strong>ignorabunt</strong></span> <span class='ocrx_word' id='word_1_22' title='bbox 564 635 722 712; x_wconf 89' lang='lat' dir='ltr'><strong>homines,</strong></span> <span class='ocrx_word' id='word_1_23' title='bbox 748 638 982 704; x_wconf 76' lang='lat' dir='ltr'><strong>annuntiabunt</strong></span> 
     </span>
    </p>

    <p class='ocr_par' dir='ltr' id='par_1_5' title="bbox 14 744 982 833">
     <span class='ocr_line' id='line_1_5' title="bbox 14 744 982 833; baseline 0.004 -23"><span class='ocrx_word' id='word_1_24' title='bbox 14 783 16 788; x_wconf 95' lang='lat'>·</span> <span class='ocrx_word' id='word_1_25' title='bbox 96 795 105 818; x_wconf 88' lang='lat'>,</span> <span class='ocrx_word' id='word_1_26' title='bbox 121 758 154 810; x_wconf 89' lang='lat' dir='ltr'><strong>et</strong></span> <span class='ocrx_word' id='word_1_27' title='bbox 168 745 341 812; x_wconf 78' lang='lat' dir='ltr'><strong>adventum</strong></span> <span class='ocrx_word' id='word_1_28' title='bbox 355 745 440 833; x_wconf 82' lang='lat' dir='ltr'><strong>ejus.</strong></span> <span class='ocrx_word' id='word_1_29' title='bbox 454 744 503 811; x_wconf 85' lang='lat' dir='ltr'><strong>his</strong></span> <span class='ocrx_word' id='word_1_30' title='bbox 518 746 572 832; x_wconf 91' lang='lat' dir='ltr'><strong>qui</strong></span> <span class='ocrx_word' id='word_1_31' title='bbox 588 755 661 810; x_wconf 85' lang='lat' dir='ltr'><strong>ante</strong></span> <span class='ocrx_word' id='word_1_32' title='bbox 677 746 822 814; x_wconf 74' lang='lat' dir='ltr'><strong>instructi</strong></span> <span class='ocrx_word' id='word_1_33' title='bbox 834 759 925 814; x_wconf 83' lang='lat' dir='ltr'><strong>erent</strong></span> <span class='ocrx_word' id='word_1_34' title='bbox 941 747 982 814; x_wconf 88' lang='lat' dir='ltr'><strong>do</strong></span> 
     </span>
    </p>

    <p class='ocr_par' dir='ltr' id='par_1_6' title="bbox 100 851 983 921">
     <span class='ocr_line' id='line_1_6' title="bbox 100 851 983 921; baseline 0.003 -3"><span class='ocrx_word' id='word_1_35' title='bbox 100 854 109 918; x_wconf 94' lang='lat' dir='ltr'><strong>l</strong></span> <span class='ocrx_word' id='word_1_36' title='bbox 132 876 197 920; x_wconf 92' lang='lat' dir='ltr'><strong>non</strong></span> <span class='ocrx_word' id='word_1_37' title='bbox 213 851 349 920; x_wconf 84' lang='lat' dir='ltr'><strong>ultorum</strong></span> <span class='ocrx_word' id='word_1_38' title='bbox 363 852 467 920; x_wconf 87' lang='lat' dir='ltr'><strong>Deum</strong></span> <span class='ocrx_word' id='word_1_39' title='bbox 482 851 670 918; x_wconf 72' lang='lat' dir='ltr'><strong>inserebant.</strong></span> <span class='ocrx_word' id='word_1_40' title='bbox 690 854 723 920; x_wconf 87' lang='lat' dir='ltr'><strong>Si</strong></span> <span class='ocrx_word' id='word_1_41' title='bbox 744 855 830 921; x_wconf 90' lang='lat' dir='ltr'><strong>enim</strong></span> <span class='ocrx_word' id='word_1_42' title='bbox 846 853 907 921; x_wconf 80' lang='lat' dir='ltr'><strong>tale</strong></span> <span class='ocrx_word' id='word_1_43' title='bbox 922 854 983 921; x_wconf 81' lang='lat' dir='ltr'><strong>nli-</strong></span> 
     </span>
    </p>

    <p class='ocr_par' dir='ltr' id='par_1_7' title="bbox 95 961 982 1052">
     <span class='ocr_line' id='line_1_7' title="bbox 95 961 982 1052; baseline 0.003 -24"><span class='ocrx_word' id='word_1_44' title='bbox 95 975 142 1028; x_wconf 88' lang='lat' dir='ltr'><strong>ret</strong></span> <span class='ocrx_word' id='word_1_45' title='bbox 162 962 288 1039; x_wconf 87' lang='lat' dir='ltr'><strong>Petrus,</strong></span> <span class='ocrx_word' id='word_1_46' title='bbox 312 961 412 1028; x_wconf 84' lang='lat' dir='ltr'><strong>libere</strong></span> <span class='ocrx_word' id='word_1_47' title='bbox 435 962 592 1028; x_wconf 78' lang='lat' dir='ltr'><strong>Gentibus</strong></span> <span class='ocrx_word' id='word_1_48' title='bbox 614 962 826 1052; x_wconf 79' lang='lat' dir='ltr'><strong>praedionsset,</strong></span> <span class='ocrx_word' id='word_1_49' title='bbox 846 961 982 1031; x_wconf 76' lang='lat' dir='ltr'><strong>alterum</strong></span> 
     </span>
    </p>

    <p class='ocr_par' dir='ltr' id='par_1_8' title="bbox 106 1071 983 1148">
     <span class='ocr_line' id='line_1_8' title="bbox 106 1071 983 1148; baseline -0.002 -8"><span class='ocrx_word' id='word_1_50' title='bbox 106 1073 305 1148; x_wconf 67' lang='lat' dir='ltr'><strong>«ludaeorum,</strong></span> <span class='ocrx_word' id='word_1_51' title='bbox 335 1071 472 1139; x_wconf 75' lang='lat' dir='ltr'><strong>alterum</strong></span> <span class='ocrx_word' id='word_1_52' title='bbox 498 1085 604 1140; x_wconf 85' lang='lat' dir='ltr'><strong>nutem</strong></span> <span class='ocrx_word' id='word_1_53' title='bbox 632 1073 884 1142; x_wconf 81' lang='lat' dir='ltr'><strong>Christianorum</strong></span> <span class='ocrx_word' id='word_1_54' title='bbox 914 1097 983 1140; x_wconf 89' lang='lat' dir='ltr'><strong>esse</strong></span> 
     </span>
    </p>

    <p class='ocr_par' dir='ltr' id='par_1_9' title="bbox 89 1179 984 1272">
     <span class='ocr_line' id='line_1_9' title="bbox 89 1179 984 1272; baseline 0 -24"><span class='ocrx_word' id='word_1_55' title='bbox 89 1183 139 1272; x_wconf 72' lang='lat' dir='ltr'><strong>pui</strong></span> <span class='ocrx_word' id='word_1_56' title='bbox 154 1183 284 1271; x_wconf 90' lang='lat' dir='ltr'><strong>quidem</strong></span> <span class='ocrx_word' id='word_1_57' title='bbox 299 1193 430 1270; x_wconf 86' lang='lat' dir='ltr'><strong>propter</strong></span> <span class='ocrx_word' id='word_1_58' title='bbox 445 1180 598 1247; x_wconf 80' lang='lat' dir='ltr'>visionem</span> <span class='ocrx_word' id='word_1_59' title='bbox 612 1179 725 1270; x_wconf 76' lang='lat' dir='ltr'><strong>Angeli</strong></span> <span class='ocrx_word' id='word_1_60' title='bbox 739 1183 902 1248; x_wconf 70' lang='lat' dir='ltr'><strong>conterriti</strong></span> <span class='ocrx_word' id='word_1_61' title='bbox 918 1207 984 1248; x_wconf 84' lang='lat' dir='ltr'><strong>om-</strong></span> 
     </span>
    </p>

    <p class='ocr_par' dir='ltr' id='par_1_10' title="bbox 43 1289 984 1380">
     <span class='ocr_line' id='line_1_10' title="bbox 43 1289 984 1380; baseline 0 -22"><span class='ocrx_word' id='word_1_62' title='bbox 43 1365 62 1374; x_wconf 48' lang='lat'>·</span> <span class='ocrx_word' id='word_1_63' title='bbox 87 1292 262 1380; x_wconf 76' lang='lat' dir='ltr'><strong>›deumque</strong></span> <span class='ocrx_word' id='word_1_64' title='bbox 281 1291 327 1357; x_wconf 86' lang='lat' dir='ltr'><strong>eis</strong></span> <span class='ocrx_word' id='word_1_65' title='bbox 346 1290 474 1356; x_wconf 78' lang='lat' dir='ltr'><strong>dixisset</strong></span> <span class='ocrx_word' id='word_1_66' title='bbox 496 1289 713 1356; x_wconf 78' lang='lat' dir='ltr'><strong>credidissent.</strong></span> <span class='ocrx_word' id='word_1_67' title='bbox 732 1292 780 1356; x_wconf 86' lang='lat' dir='ltr'><strong>Ex</strong></span> <span class='ocrx_word' id='word_1_68' title='bbox 799 1291 903 1358; x_wconf 82' lang='lat' dir='ltr'><strong>serbis</strong></span> <span class='ocrx_word' id='word_1_69' title='bbox 926 1315 984 1358; x_wconf 85' lang='lat' dir='ltr'><strong>eu-</strong></span> 
     </span>
    </p>

    <p class='ocr_par' dir='ltr' id='par_1_11' title="bbox 13 1399 985 1492">
     <span class='ocr_line' id='line_1_11' title="bbox 13 1399 985 1492; baseline 0.003 -25"><span class='ocrx_word' id='word_1_70' title='bbox 13 1443 20 1480; x_wconf 64' lang='grc'><strong>-,</strong></span> <span class='ocrx_word' id='word_1_71' title='bbox 40 1475 51 1484; x_wconf 56' lang='grc'><strong>,</strong></span> <span class='ocrx_word' id='word_1_72' title='bbox 72 1403 118 1492; x_wconf 32' lang='lat' dir='ltr'><strong>*ri</strong></span> <span class='ocrx_word' id='word_1_73' title='bbox 138 1401 340 1468; x_wconf 79' lang='lat' dir='ltr'><strong>menifestum</strong></span> <span class='ocrx_word' id='word_1_74' title='bbox 356 1411 416 1476; x_wconf 87' lang='lat' dir='ltr'><strong>est,</strong></span> <span class='ocrx_word' id='word_1_75' title='bbox 438 1401 588 1488; x_wconf 83' lang='lat' dir='ltr'><strong>quonium</strong></span> <span class='ocrx_word' id='word_1_76' title='bbox 608 1401 840 1491; x_wconf 77' lang='lat' dir='ltr'><strong>praeoognitnm</strong></span> <span class='ocrx_word' id='word_1_77' title='bbox 856 1399 985 1488; x_wconf 90' lang='lat' dir='ltr'><strong>quidem</strong></span> 
     </span>
    </p>

    <p class='ocr_par' dir='ltr' id='par_1_12' title="bbox 85 1508 985 1584">
     <span class='ocr_line' id='line_1_12' title="bbox 85 1508 985 1584; baseline 0.001 -6"><span class='ocrx_word' id='word_1_78' title='bbox 85 1537 115 1578; x_wconf 88' lang='lat' dir='ltr'><strong>m</strong></span> <span class='ocrx_word' id='word_1_79' title='bbox 136 1511 321 1584; x_wconf 75' lang='lat' dir='ltr'><strong>custodivit:</strong></span> <span class='ocrx_word' id='word_1_80' title='bbox 341 1508 458 1576; x_wconf 83' lang='lat' dir='ltr'><strong>Filium</strong></span> <span class='ocrx_word' id='word_1_81' title='bbox 481 1521 587 1576; x_wconf 86' lang='lat' dir='ltr'><strong>autem</strong></span> <span class='ocrx_word' id='word_1_82' title='bbox 611 1510 669 1577; x_wconf 91' lang='lat' dir='ltr'><strong>Dei</strong></span> <span class='ocrx_word' id='word_1_83' title='bbox 689 1508 802 1578; x_wconf 74' lang='lat' dir='ltr'><strong>lesum</strong></span> <span class='ocrx_word' id='word_1_84' title='bbox 822 1510 985 1578; x_wconf 78' lang='lat' dir='ltr'><strong>Christum</strong></span> 
     </span>
    </p>

    <p class='ocr_par' dir='ltr' id='par_1_13' title="bbox 61 1619 984 1714">
     <span class='ocr_line' id='line_1_13' title="bbox 61 1619 984 1714; baseline 0 -28"><span class='ocrx_word' id='word_1_85' title='bbox 61 1621 220 1714; x_wconf 22' lang='lat' dir='ltr'><strong>‘siliostus</strong></span> <span class='ocrx_word' id='word_1_86' title='bbox 233 1633 283 1686; x_wconf 84' lang='lat' dir='ltr'><strong>est</strong></span> <span class='ocrx_word' id='word_1_87' title='bbox 305 1621 379 1710; x_wconf 90' lang='lat' dir='ltr'><strong>ipsis</strong></span> <span class='ocrx_word' id='word_1_88' title='bbox 398 1619 540 1709; x_wconf 84' lang='lat' dir='ltr'><strong>judicem</strong></span> <span class='ocrx_word' id='word_1_89' title='bbox 555 1620 701 1686; x_wconf 81' lang='lat' dir='ltr'><strong>vivorum</strong></span> <span class='ocrx_word' id='word_1_90' title='bbox 718 1632 752 1687; x_wconf 88' lang='lat' dir='ltr'><strong>et</strong></span> <span class='ocrx_word' id='word_1_91' title='bbox 770 1630 984 1697; x_wconf 83' lang='lat' dir='ltr'><strong>mortuorum,</strong></span> 
     </span>
    </p>

    <p class='ocr_par' dir='ltr' id='par_1_14' title="bbox 84 1729 983 1820">
     <span class='ocr_line' id='line_1_14' title="bbox 84 1729 983 1820; baseline -0.001 -23"><span class='ocrx_word' id='word_1_92' title='bbox 84 1745 138 1797; x_wconf 85' lang='lat' dir='ltr'><strong>ret</strong></span> <span class='ocrx_word' id='word_1_93' title='bbox 149 1731 301 1820; x_wconf 75' lang='lat' dir='ltr'><strong>baptizari</strong></span> <span class='ocrx_word' id='word_1_94' title='bbox 313 1753 367 1796; x_wconf 91' lang='lat' dir='ltr'><strong>eos</strong></span> <span class='ocrx_word' id='word_1_95' title='bbox 379 1730 471 1818; x_wconf 87' lang='lat' dir='ltr'><strong>jussit</strong></span> <span class='ocrx_word' id='word_1_96' title='bbox 482 1729 515 1796; x_wconf 87' lang='lat' dir='ltr'><strong>in</strong></span> <span class='ocrx_word' id='word_1_97' title='bbox 527 1729 745 1796; x_wconf 79' lang='lat' dir='ltr'><strong>remissionem</strong></span> <span class='ocrx_word' id='word_1_98' title='bbox 755 1740 983 1820; x_wconf 82' lang='lat' dir='ltr'><strong>peoootorum:</strong></span> 
     </span>
    </p>

    <p class='ocr_par' dir='ltr' id='par_1_15' title="bbox 82 1836 986 1928">
     <span class='ocr_line' id='line_1_15' title="bbox 82 1836 986 1928; baseline -0.002 -22"><span class='ocrx_word' id='word_1_99' title='bbox 82 1851 206 1906; x_wconf 80' lang='lat' dir='ltr'><strong>tentum</strong></span> <span class='ocrx_word' id='word_1_100' title='bbox 221 1840 296 1915; x_wconf 86' lang='lat' dir='ltr'><strong>hoc,</strong></span> <span class='ocrx_word' id='word_1_101' title='bbox 318 1839 375 1906; x_wconf 88' lang='lat' dir='ltr'><strong>sed</strong></span> <span class='ocrx_word' id='word_1_102' title='bbox 390 1851 423 1904; x_wconf 88' lang='lat' dir='ltr'><strong>et</strong></span> <span class='ocrx_word' id='word_1_103' title='bbox 443 1837 556 1903; x_wconf 84' lang='lat' dir='ltr'><strong>Jesum</strong></span> <span class='ocrx_word' id='word_1_104' title='bbox 575 1839 679 1928; x_wconf 91' lang='lat' dir='ltr'><strong>ipsum</strong></span> <span class='ocrx_word' id='word_1_105' title='bbox 701 1861 769 1904; x_wconf 86' lang='lat' dir='ltr'><strong>esse</strong></span> <span class='ocrx_word' id='word_1_106' title='bbox 788 1836 904 1904; x_wconf 83' lang='lat' dir='ltr'><strong>Filium</strong></span> <span class='ocrx_word' id='word_1_107' title='bbox 927 1838 986 1904; x_wconf 90' lang='lat' dir='ltr'><strong>Dei</strong></span> 
     </span>
    </p>

    <p class='ocr_par' dir='ltr' id='par_1_16' title="bbox 69 1932 985 2036">
     <span class='ocr_line' id='line_1_16' title="bbox 69 1932 985 2036; baseline 0.001 -23"><span class='ocrx_word' id='word_1_108' title='bbox 69 1932 139 2014; x_wconf 55' lang='lat' dir='ltr'><strong>&#39;tus</strong></span> <span class='ocrx_word' id='word_1_109' title='bbox 148 1960 211 2024; x_wconf 84' lang='lat' dir='ltr'><strong>est,</strong></span> <span class='ocrx_word' id='word_1_110' title='bbox 223 1948 277 2035; x_wconf 92' lang='lat' dir='ltr'><strong>qui</strong></span> <span class='ocrx_word' id='word_1_111' title='bbox 289 1960 322 2012; x_wconf 89' lang='lat' dir='ltr'><strong>et</strong></span> <span class='ocrx_word' id='word_1_112' title='bbox 333 1959 449 2014; x_wconf 82' lang='lat' dir='ltr'><strong>unetos</strong></span> <span class='ocrx_word' id='word_1_113' title='bbox 461 1945 582 2036; x_wconf 87' lang='lat' dir='ltr'><strong>Spiritu</strong></span> <span class='ocrx_word' id='word_1_114' title='bbox 596 1957 719 2022; x_wconf 78' lang='lat' dir='ltr'><strong>sancto,</strong></span> <span class='ocrx_word' id='word_1_115' title='bbox 735 1947 828 2014; x_wconf 82' lang='lat' dir='ltr'><strong>desus</strong></span> <span class='ocrx_word' id='word_1_116' title='bbox 841 1948 985 2014; x_wconf 87' lang='lat' dir='ltr'><strong>Christus</strong></span> 
     </span>
    </p>

    <p class='ocr_par' dir='ltr' id='par_1_17' title="bbox 63 2044 986 2143">
     <span class='ocr_line' id='line_1_17' title="bbox 63 2044 986 2143; baseline 0.003 -23"><span class='ocrx_word' id='word_1_117' title='bbox 63 2044 76 2054; x_wconf 60' lang='lat'>⁸</span> <span class='ocrx_word' id='word_1_118' title='bbox 103 2055 145 2122; x_wconf 86' lang='lat' dir='ltr'><strong>Et</strong></span> <span class='ocrx_word' id='word_1_119' title='bbox 166 2066 214 2122; x_wconf 89' lang='lat' dir='ltr'><strong>est</strong></span> <span class='ocrx_word' id='word_1_120' title='bbox 237 2055 291 2121; x_wconf 88' lang='lat' dir='ltr'><strong>hio</strong></span> <span class='ocrx_word' id='word_1_121' title='bbox 311 2055 396 2120; x_wconf 87' lang='lat' dir='ltr'><strong>idem</strong></span> <span class='ocrx_word' id='word_1_122' title='bbox 414 2077 454 2120; x_wconf 85' lang='lat' dir='ltr'><strong>ex</strong></span> <span class='ocrx_word' id='word_1_123' title='bbox 472 2053 570 2121; x_wconf 84' lang='lat' dir='ltr'><strong>lllerie</strong></span> <span class='ocrx_word' id='word_1_124' title='bbox 586 2068 692 2128; x_wconf 82' lang='lat' dir='ltr'><strong>notus,</strong></span> <span class='ocrx_word' id='word_1_125' title='bbox 714 2056 986 2143; x_wconf 74' lang='lat' dir='ltr'><strong>quemadmodum</strong></span> 
     </span>
    </p>

    <p class='ocr_par' dir='ltr' id='par_1_18' title="bbox 11 2159 987 2254">
     <span class='ocr_line' id='line_1_18' title="bbox 77 2163 987 2254; baseline 0.003 -22.797"><span class='ocrx_word' id='word_1_126' title='bbox 77 2166 208 2234; x_wconf 79' lang='lat' dir='ltr'><strong>:ontinet</strong></span> <span class='ocrx_word' id='word_1_127' title='bbox 235 2163 425 2232; x_wconf 73' lang='lat' dir='ltr'><strong>testificatio.</strong></span> <span class='ocrx_word' id='word_1_128' title='bbox 452 2164 502 2231; x_wconf 79' lang='lat' dir='ltr'><strong>dn</strong></span> <span class='ocrx_word' id='word_1_129' title='bbox 528 2165 685 2253; x_wconf 91' lang='lat' dir='ltr'><strong>numquid</strong></span> <span class='ocrx_word' id='word_1_130' title='bbox 708 2165 882 2254; x_wconf 77' lang='lat' dir='ltr'><strong>perlectam</strong></span> <span class='ocrx_word' id='word_1_131' title='bbox 908 2178 987 2234; x_wconf 84' lang='lat' dir='ltr'><strong>tune</strong></span> 
     </span>
    </p>

    <p class='ocr_par' dir='ltr' id='par_1_19' title="bbox 75 2270 987 2362">
     <span class='ocr_line' id='line_1_19' title="bbox 75 2270 987 2362; baseline -0.002 -20"><span class='ocrx_word' id='word_1_132' title='bbox 75 2299 165 2342; x_wconf 76' lang='lat' dir='ltr'><strong>&gt;nem</strong></span> <span class='ocrx_word' id='word_1_133' title='bbox 181 2273 325 2342; x_wconf 91' lang='lat' dir='ltr'><strong>nondum</strong></span> <span class='ocrx_word' id='word_1_134' title='bbox 344 2272 483 2340; x_wconf 78' lang='lat' dir='ltr'><strong>habebnt</strong></span> <span class='ocrx_word' id='word_1_135' title='bbox 503 2270 627 2348; x_wconf 84' lang='lat' dir='ltr'><strong>Petrus,</strong></span> <span class='ocrx_word' id='word_1_136' title='bbox 652 2295 749 2360; x_wconf 87' lang='lat' dir='ltr'><strong>quem</strong></span> <span class='ocrx_word' id='word_1_137' title='bbox 768 2285 876 2362; x_wconf 80' lang='lat' dir='ltr'><strong>peston</strong></span> <span class='ocrx_word' id='word_1_138' title='bbox 899 2273 987 2340; x_wconf 86' lang='lat' dir='ltr'><strong>edin·</strong></span> 
     </span>
    </p>

    <p class='ocr_par' dir='ltr' id='par_1_20' title="bbox 73 2381 987 2473">
     <span class='ocr_line' id='line_1_20' title="bbox 73 2381 987 2473; baseline -0.001 -22"><span class='ocrx_word' id='word_1_139' title='bbox 73 2397 107 2452; x_wconf 85' lang='lat' dir='ltr'><strong>nt</strong></span> <span class='ocrx_word' id='word_1_140' title='bbox 123 2383 178 2451; x_wconf 74' lang='lat' dir='ltr'><strong>hi?</strong></span> <span class='ocrx_word' id='word_1_141' title='bbox 193 2383 402 2473; x_wconf 82' lang='lat' dir='ltr'><strong>Imperfectus</strong></span> <span class='ocrx_word' id='word_1_142' title='bbox 417 2383 513 2472; x_wconf 82' lang='lat' dir='ltr'><strong>igitur</strong></span> <span class='ocrx_word' id='word_1_143' title='bbox 528 2383 704 2450; x_wconf 86' lang='lat' dir='ltr'><strong>secundum</strong></span> <span class='ocrx_word' id='word_1_144' title='bbox 720 2382 778 2448; x_wconf 88' lang='lat' dir='ltr'><strong>hos</strong></span> <span class='ocrx_word' id='word_1_145' title='bbox 789 2381 920 2460; x_wconf 57' lang='lat' dir='ltr'><strong>Petrusf</strong></span> <span class='ocrx_word' id='word_1_146' title='bbox 930 2385 987 2450; x_wconf 91' lang='lat' dir='ltr'><strong>im·</strong></span> 
     </span>
    </p>

    <p class='ocr_par' dir='ltr' id='par_1_21' title="bbox 73 2489 986 2581">
     <span class='ocr_line' id='line_1_21' title="bbox 73 2489 986 2581; baseline -0.002 -21"><span class='ocrx_word' id='word_1_147' title='bbox 73 2496 82 2560; x_wconf 91' lang='lat' dir='ltr'><strong>i</strong></span> <span class='ocrx_word' id='word_1_148' title='bbox 99 2506 207 2560; x_wconf 84' lang='lat' dir='ltr'><strong>nutem</strong></span> <span class='ocrx_word' id='word_1_149' title='bbox 222 2505 255 2559; x_wconf 89' lang='lat' dir='ltr'><strong>et</strong></span> <span class='ocrx_word' id='word_1_150' title='bbox 270 2491 382 2581; x_wconf 86' lang='lat' dir='ltr'><strong>reliqui</strong></span> <span class='ocrx_word' id='word_1_151' title='bbox 398 2489 562 2580; x_wconf 77' lang='lat' dir='ltr'><strong>Apostoli:</strong></span> <span class='ocrx_word' id='word_1_152' title='bbox 577 2503 609 2556; x_wconf 88' lang='lat' dir='ltr'><strong>et</strong></span> <span class='ocrx_word' id='word_1_153' title='bbox 619 2489 781 2581; x_wconf 89' lang='lat' dir='ltr'><strong>oportebit</strong></span> <span class='ocrx_word' id='word_1_154' title='bbox 791 2515 845 2558; x_wconf 90' lang='lat' dir='ltr'><strong>eos</strong></span> <span class='ocrx_word' id='word_1_155' title='bbox 861 2492 986 2558; x_wconf 86' lang='lat' dir='ltr'><strong>revivis-</strong></span> 
     </span>
    </p>

    <p class='ocr_par' dir='ltr' id='par_1_22' title="bbox 55 2585 987 2691">
     <span class='ocr_line' id='line_1_22' title="bbox 55 2585 987 2691; baseline -0.005 -20"><span class='ocrx_word' id='word_1_156' title='bbox 55 2609 71 2672; x_wconf 80' lang='grc'><strong>’,</strong></span> <span class='ocrx_word' id='word_1_157' title='bbox 87 2604 204 2671; x_wconf 90' lang='lat' dir='ltr'><strong>horum</strong></span> <span class='ocrx_word' id='word_1_158' title='bbox 217 2602 285 2668; x_wconf 83' lang='lat' dir='ltr'><strong>fieri</strong></span> <span class='ocrx_word' id='word_1_159' title='bbox 298 2585 483 2691; x_wconf 82' lang='lat' dir='ltr'><strong>discipulos,</strong></span> <span class='ocrx_word' id='word_1_160' title='bbox 500 2611 535 2667; x_wconf 91' lang='lat' dir='ltr'><strong>ut</strong></span> <span class='ocrx_word' id='word_1_161' title='bbox 552 2612 586 2666; x_wconf 89' lang='lat' dir='ltr'><strong>et</strong></span> <span class='ocrx_word' id='word_1_162' title='bbox 599 2601 658 2689; x_wconf 91' lang='lat' dir='ltr'><strong>ipsi</strong></span> <span class='ocrx_word' id='word_1_163' title='bbox 674 2600 807 2689; x_wconf 80' lang='lat' dir='ltr'><strong>perlecti</strong></span> <span class='ocrx_word' id='word_1_164' title='bbox 818 2600 906 2666; x_wconf 79' lang='lat' dir='ltr'><strong>liunt.</strong></span> <span class='ocrx_word' id='word_1_165' title='bbox 921 2601 987 2666; x_wconf 84' lang='lat' dir='ltr'><strong>Sed</strong></span> 
     </span>
    </p>

    <p class='ocr_par' dir='ltr' id='par_1_23' title="bbox 32 2709 986 2800">
     <span class='ocr_line' id='line_1_23' title="bbox 32 2709 986 2800; baseline -0.006 -20"><span class='ocrx_word' id='word_1_166' title='bbox 32 2729 48 2736; x_wconf 85' lang='grc'><em>·</em></span> <span class='ocrx_word' id='word_1_167' title='bbox 68 2715 154 2780; x_wconf 90' lang='lat' dir='ltr'><strong>idem</strong></span> <span class='ocrx_word' id='word_1_168' title='bbox 170 2709 342 2779; x_wconf 84' lang='lat' dir='ltr'><strong>ridiculum</strong></span> <span class='ocrx_word' id='word_1_169' title='bbox 352 2723 410 2777; x_wconf 90' lang='lat' dir='ltr'><strong>est.</strong></span> <span class='ocrx_word' id='word_1_170' title='bbox 425 2710 613 2800; x_wconf 82' lang='lat' dir='ltr'><strong>Argnuutur</strong></span> <span class='ocrx_word' id='word_1_171' title='bbox 625 2732 699 2775; x_wconf 85' lang='lat' dir='ltr'><strong>vero</strong></span> <span class='ocrx_word' id='word_1_172' title='bbox 714 2709 764 2776; x_wconf 86' lang='lat' dir='ltr'><strong>isti</strong></span> <span class='ocrx_word' id='word_1_173' title='bbox 780 2732 845 2775; x_wconf 94' lang='lat' dir='ltr'><strong>non</strong></span> <span class='ocrx_word' id='word_1_174' title='bbox 857 2709 986 2795; x_wconf 87' lang='lat' dir='ltr'><strong>quidem</strong></span> 
     </span>
    </p>

    <p class='ocr_par' dir='ltr' id='par_1_24' title="bbox 49 2808 989 2906">
     <span class='ocr_line' id='line_1_24' title="bbox 49 2808 989 2906; baseline -0.01 -16"><span class='ocrx_word' id='word_1_175' title='bbox 49 2808 190 2898; x_wconf 75' lang='lat' dir='ltr'><strong>dorum,</strong></span> <span class='ocrx_word' id='word_1_176' title='bbox 206 2821 263 2888; x_wconf 92' lang='lat' dir='ltr'><strong>sed</strong></span> <span class='ocrx_word' id='word_1_177' title='bbox 278 2845 342 2888; x_wconf 80' lang='lat' dir='ltr'><strong>suae</strong></span> <span class='ocrx_word' id='word_1_178' title='bbox 357 2818 448 2888; x_wconf 68' lang='lat' dir='ltr'><strong>melre</strong></span> <span class='ocrx_word' id='word_1_179' title='bbox 460 2819 625 2886; x_wconf 77' lang='lat' dir='ltr'><strong>sententies</strong></span> <span class='ocrx_word' id='word_1_180' title='bbox 636 2839 705 2883; x_wconf 90' lang='lat' dir='ltr'><strong>esse</strong></span> <span class='ocrx_word' id='word_1_181' title='bbox 721 2815 877 2906; x_wconf 89' lang='lat' dir='ltr'><strong>discipuli.</strong></span> <span class='ocrx_word' id='word_1_182' title='bbox 891 2816 989 2906; x_wconf 83' lang='lat' dir='ltr'><strong>Prop-</strong></span> 
     </span>
    </p>

    <p class='ocr_par' dir='ltr' id='par_1_25' title="bbox 46 2925 989 3013">
     <span class='ocr_line' id='line_1_25' title="bbox 46 2925 989 3013; baseline -0.007 -14"><span class='ocrx_word' id='word_1_183' title='bbox 46 2951 82 3000; x_wconf 83' lang='grc' dir='ltr'><strong>ὀ</strong></span> <span class='ocrx_word' id='word_1_184' title='bbox 102 2943 211 2997; x_wconf 84' lang='lat' dir='ltr'><strong>autem</strong></span> <span class='ocrx_word' id='word_1_185' title='bbox 228 2941 262 2995; x_wconf 87' lang='lat' dir='ltr'><strong>ot</strong></span> <span class='ocrx_word' id='word_1_186' title='bbox 277 2929 371 2994; x_wconf 83' lang='lat' dir='ltr'><strong>reriae</strong></span> <span class='ocrx_word' id='word_1_187' title='bbox 394 2926 648 2993; x_wconf 71' lang='lat' dir='ltr'><strong>sententiosum</strong></span> <span class='ocrx_word' id='word_1_188' title='bbox 667 2925 917 3013; x_wconf 82' lang='lat' dir='ltr'><strong>uniuscujusque</strong></span> <span class='ocrx_word' id='word_1_189' title='bbox 931 2950 989 2992; x_wconf 84' lang='lat' dir='ltr'><strong>oo-</strong></span> 
     </span>
    </p>

    <p class='ocr_par' dir='ltr' id='par_1_26' title="bbox 60 3032 988 3128">
     <span class='ocr_line' id='line_1_26' title="bbox 60 3032 988 3128; baseline -0.004 -20"><span class='ocrx_word' id='word_1_190' title='bbox 60 3038 231 3128; x_wconf 85' lang='lat' dir='ltr'><strong>eoipientis</strong></span> <span class='ocrx_word' id='word_1_191' title='bbox 241 3057 383 3102; x_wconf 90' lang='lat' dir='ltr'><strong>errorem</strong></span> <span class='ocrx_word' id='word_1_192' title='bbox 396 3032 666 3122; x_wconf 79' lang='lat' dir='ltr'><strong>quemadmodum</strong></span> <span class='ocrx_word' id='word_1_193' title='bbox 677 3034 831 3122; x_wconf 83' lang='lat' dir='ltr'><strong>oopiehst.</strong></span> <span class='ocrx_word' id='word_1_194' title='bbox 847 3035 988 3104; x_wconf 84' lang='lat' dir='ltr'><strong>Eoolesin</strong></span> 
     </span>
    </p>

    <p class='ocr_par' dir='ltr' id='par_1_27' title="bbox 11 3140 988 3232">
     <span class='ocr_line' id='line_1_27' title="bbox 11 3140 988 3232; baseline -0.006 -14"><span class='ocrx_word' id='word_1_195' title='bbox 11 3169 13 3172; x_wconf 83' lang='grc'><strong><em>·</em></strong></span> <span class='ocrx_word' id='word_1_196' title='bbox 57 3175 100 3218; x_wconf 82' lang='lat' dir='ltr'><strong>-er</strong></span> <span class='ocrx_word' id='word_1_197' title='bbox 116 3149 298 3215; x_wconf 84' lang='lat' dir='ltr'><strong>universum</strong></span> <span class='ocrx_word' id='word_1_198' title='bbox 313 3142 469 3210; x_wconf 86' lang='lat' dir='ltr'><strong>mundum</strong></span> <span class='ocrx_word' id='word_1_199' title='bbox 484 3142 526 3209; x_wconf 84' lang='lat' dir='ltr'><strong>eb</strong></span> <span class='ocrx_word' id='word_1_200' title='bbox 540 3140 700 3232; x_wconf 82' lang='lat' dir='ltr'><strong>Apostolis</strong></span> <span class='ocrx_word' id='word_1_201' title='bbox 719 3142 850 3210; x_wconf 82' lang='lat' dir='ltr'><strong>firmum</strong></span> <span class='ocrx_word' id='word_1_202' title='bbox 866 3145 988 3212; x_wconf 79' lang='lat' dir='ltr'><strong>habens</strong></span> 
     </span>
    </p>

    <p class='ocr_par' dir='ltr' id='par_1_28' title="bbox 11 3251 989 3438">
     <span class='ocr_line' id='line_1_28' title="bbox 54 3251 989 3342; baseline -0.007 -15"><span class='ocrx_word' id='word_1_203' title='bbox 54 3287 92 3338; x_wconf 87' lang='lat' dir='ltr'><strong>u,</strong></span> <span class='ocrx_word' id='word_1_204' title='bbox 109 3259 142 3325; x_wconf 90' lang='lat' dir='ltr'><strong>in</strong></span> <span class='ocrx_word' id='word_1_205' title='bbox 159 3280 221 3324; x_wconf 85' lang='lat' dir='ltr'><strong>une</strong></span> <span class='ocrx_word' id='word_1_206' title='bbox 237 3268 270 3322; x_wconf 92' lang='lat' dir='ltr'><strong>et</strong></span> <span class='ocrx_word' id='word_1_207' title='bbox 283 3256 395 3320; x_wconf 84' lang='lat' dir='ltr'><strong>endem</strong></span> <span class='ocrx_word' id='word_1_208' title='bbox 412 3253 451 3320; x_wconf 92' lang='lat' dir='ltr'><strong>de</strong></span> <span class='ocrx_word' id='word_1_209' title='bbox 468 3253 535 3320; x_wconf 86' lang='lat' dir='ltr'><strong>Deo</strong></span> <span class='ocrx_word' id='word_1_210' title='bbox 550 3263 583 3318; x_wconf 90' lang='lat' dir='ltr'><strong>et</strong></span> <span class='ocrx_word' id='word_1_211' title='bbox 598 3253 639 3320; x_wconf 90' lang='lat' dir='ltr'><strong>de</strong></span> <span class='ocrx_word' id='word_1_212' title='bbox 658 3251 739 3320; x_wconf 88' lang='lat' dir='ltr'><strong>Filio</strong></span> <span class='ocrx_word' id='word_1_213' title='bbox 758 3255 828 3341; x_wconf 89' lang='lat' dir='ltr'><strong>ejus</strong></span> <span class='ocrx_word' id='word_1_214' title='bbox 847 3278 989 3342; x_wconf 87' lang='lat' dir='ltr'><strong>perseve-</strong></span> 
     </span>
     <span class='ocr_line' id='line_1_29' title="bbox 11 3367 183 3438; baseline -0.041 0"><span class='ocrx_word' id='word_1_215' title='bbox 11 3382 13 3386; x_wconf 84' lang='lat'>&#39;</span> <span class='ocrx_word' id='word_1_216' title='bbox 38 3367 183 3438; x_wconf 80' lang='lat' dir='ltr'><strong>utentia.</strong></span> 
     </span>
    </p>

    <p class='ocr_par' dir='ltr' id='par_1_29' title="bbox 11 3469 990 3568">
     <span class='ocr_line' id='line_1_30' title="bbox 11 3469 990 3568; baseline -0.006 -22"><span class='ocrx_word' id='word_1_217' title='bbox 11 3527 12 3531; x_wconf 65' lang='lat'>,</span> <span class='ocrx_word' id='word_1_218' title='bbox 33 3479 160 3568; x_wconf 86' lang='lat' dir='ltr'><strong>‘lippus</strong></span> <span class='ocrx_word' id='word_1_219' title='bbox 171 3485 278 3540; x_wconf 85' lang='lat' dir='ltr'><strong>eutem</strong></span> <span class='ocrx_word' id='word_1_220' title='bbox 291 3470 546 3560; x_wconf 80' lang='lat' dir='ltr'><strong>rursussprdoni</strong></span> <span class='ocrx_word' id='word_1_221' title='bbox 558 3469 675 3560; x_wconf 68' lang='lat' dir='ltr'><strong>reginas</strong></span> <span class='ocrx_word' id='word_1_222' title='bbox 687 3471 873 3561; x_wconf 84' lang='lat' dir='ltr'><strong>AEthiopum</strong></span> <span class='ocrx_word' id='word_1_223' title='bbox 886 3497 990 3540; x_wconf 80' lang='lat' dir='ltr'><strong>revor-</strong></span> 
     </span>
    </p>

    <p class='ocr_par' dir='ltr' id='par_1_30' title="bbox 11 3578 989 3672">
     <span class='ocr_line' id='line_1_31' title="bbox 11 3578 989 3672; baseline -0.005 -16"><span class='ocrx_word' id='word_1_224' title='bbox 11 3633 25 3642; x_wconf 77' lang='lat'>-</span> <span class='ocrx_word' id='word_1_225' title='bbox 47 3591 85 3656; x_wconf 82' lang='lat' dir='ltr'><strong>nb</strong></span> <span class='ocrx_word' id='word_1_226' title='bbox 104 3581 344 3672; x_wconf 86' lang='lat' dir='ltr'><strong>Hierosolymis,</strong></span> <span class='ocrx_word' id='word_1_227' title='bbox 364 3593 396 3648; x_wconf 84' lang='lat' dir='ltr'><strong>et</strong></span> <span class='ocrx_word' id='word_1_228' title='bbox 412 3578 527 3670; x_wconf 76' lang='lat' dir='ltr'><strong>legenti</strong></span> <span class='ocrx_word' id='word_1_229' title='bbox 545 3581 669 3646; x_wconf 83' lang='lat' dir='ltr'><strong>Essiam</strong></span> <span class='ocrx_word' id='word_1_230' title='bbox 686 3582 886 3671; x_wconf 81' lang='lat' dir='ltr'><strong>prophetam,</strong></span> <span class='ocrx_word' id='word_1_231' title='bbox 902 3583 989 3652; x_wconf 88' lang='lat' dir='ltr'><strong>solus</strong></span> 
     </span>
    </p>

    <p class='ocr_par' dir='ltr' id='par_1_31' title="bbox 11 3675 988 3788">
     <span class='ocr_line' id='line_1_32' title="bbox 11 3675 988 3788; baseline -0.002 -23"><span class='ocrx_word' id='word_1_232' title='bbox 11 3747 17 3754; x_wconf 86' lang='lat'><em>-</em></span> <span class='ocrx_word' id='word_1_233' title='bbox 35 3707 135 3788; x_wconf 76' lang='lat' dir='ltr'><strong>&#39;poem</strong></span> <span class='ocrx_word' id='word_1_234' title='bbox 147 3675 499 3762; x_wconf 80' lang='lat' dir='ltr'><strong>ennuntinrit²iNonne</strong></span> <span class='ocrx_word' id='word_1_235' title='bbox 510 3712 586 3755; x_wconf 89' lang='lat' dir='ltr'><strong>eum</strong></span> <span class='ocrx_word' id='word_1_236' title='bbox 598 3689 639 3756; x_wconf 90' lang='lat' dir='ltr'><strong>de</strong></span> <span class='ocrx_word' id='word_1_237' title='bbox 651 3714 714 3779; x_wconf 88' lang='lat' dir='ltr'><strong>qno</strong></span> <span class='ocrx_word' id='word_1_238' title='bbox 727 3692 805 3758; x_wconf 83' lang='lat' dir='ltr'><strong>dixit</strong></span> <span class='ocrx_word' id='word_1_239' title='bbox 816 3691 988 3782; x_wconf 81' lang='lat' dir='ltr'><strong>Propheta:</strong></span> 
     </span>
    </p>

    <p class='ocr_par' dir='ltr' id='par_1_32' title="bbox 11 3799 986 3898">
     <span class='ocr_line' id='line_1_33' title="bbox 11 3799 986 3898; baseline -0.005 -21"><span class='ocrx_word' id='word_1_240' title='bbox 11 3825 154 3898; x_wconf 83' lang='lat' dir='ltr'><strong>-&#39;rquum</strong></span> <span class='ocrx_word' id='word_1_241' title='bbox 177 3804 242 3870; x_wconf 83' lang='lat' dir='ltr'><strong>oris</strong></span> <span class='ocrx_word' id='word_1_242' title='bbox 261 3801 301 3868; x_wconf 81' lang='lat' dir='ltr'><strong>nd</strong></span> <span class='ocrx_word' id='word_1_243' title='bbox 321 3801 482 3869; x_wconf 67' lang='lat' dir='ltr'><strong>victime·</strong></span> <span class='ocrx_word' id='word_1_244' title='bbox 503 3799 618 3866; x_wconf 87' lang='lat' dir='ltr'><strong>ductus</strong></span> <span class='ocrx_word' id='word_1_245' title='bbox 639 3813 698 3878; x_wconf 83' lang='lat' dir='ltr'><strong>est,</strong></span> <span class='ocrx_word' id='word_1_246' title='bbox 716 3803 986 3891; x_wconf 80' lang='lat' dir='ltr'><strong>quemadmodum</strong></span> 
     </span>
    </p>
   </div>
   <div class='ocr_carea' id='block_1_3' title="bbox 21 3929 621 4002">
    <p class='ocr_par' dir='ltr' id='par_1_33' title="bbox 21 3929 621 4002">
     <span class='ocr_line' id='line_1_34' title="bbox 21 3929 621 4002; baseline -0.01 -18"><span class='ocrx_word' id='word_1_247' title='bbox 21 3953 58 3992; x_wconf 75' lang='grc' dir='ltr'><strong>-ι,</strong></span> <span class='ocrx_word' id='word_1_248' title='bbox 72 3956 97 4002; x_wconf 77' lang='lat' dir='ltr'><strong>x,</strong></span> <span class='ocrx_word' id='word_1_249' title='bbox 108 3937 140 4000; x_wconf 77' lang='lat'><strong>37</strong></span> <span class='ocrx_word' id='word_1_250' title='bbox 150 3944 175 3986; x_wconf 82' lang='lat' dir='ltr'><strong>ot</strong></span> <span class='ocrx_word' id='word_1_251' title='bbox 185 3949 259 4000; x_wconf 84' lang='lat' dir='ltr'><strong>seqq.</strong></span> <span class='ocrx_word' id='word_1_252' title='bbox 272 3961 303 3969; x_wconf 91' lang='lat'>-</span> <span class='ocrx_word' id='word_1_253' title='bbox 313 3931 324 3964; x_wconf 88' lang='lat'>²</span> <span class='ocrx_word' id='word_1_254' title='bbox 336 3933 393 3981; x_wconf 81' lang='lat' dir='ltr'><strong>Act.</strong></span> <span class='ocrx_word' id='word_1_255' title='bbox 406 3947 460 3988; x_wconf 80' lang='lat' dir='ltr'><strong>sur,</strong></span> <span class='ocrx_word' id='word_1_256' title='bbox 474 3929 502 3978; x_wconf 82' lang='lat'><strong>26</strong></span> <span class='ocrx_word' id='word_1_257' title='bbox 511 3937 536 3978; x_wconf 83' lang='lat' dir='ltr'><strong>et</strong></span> <span class='ocrx_word' id='word_1_258' title='bbox 548 3944 621 3998; x_wconf 80' lang='lat' dir='ltr'><strong>seqq.</strong></span> 
     </span>
    </p>
   </div>
   <div class='ocr_carea' id='block_1_4' title="bbox 0 0 1274 4636">
    <p class='ocr_par' dir='ltr' id='par_1_34' title="bbox 0 0 1274 4636">
     <span class='ocr_line' id='line_1_35' title="bbox 0 0 1274 4636; baseline 0 0"><span class='ocrx_word' id='word_1_259' title='bbox 0 0 1274 4636; x_wconf 95' lang='lat' dir='ltr'><strong> </strong></span> 
     </span>
    </p>
   </div>
  </div>
 </body>
</html>
