2648 4634
246 259 310 324 580
471 291 476 308 ·
562 277 675 322 stucrr
698 277 813 322 rossus
837 279 905 322 un.
933 277 974 322 ιιι

246 399 402 480 egrotsnt
412 389 579 479 probatur,
595 390 641 456 sic
655 401 688 456 et
698 389 784 456 Deus
799 391 832 480 in
848 389 1050 456 hominibus
1066 388 1267 454 manifestae.

246 501 449 589 Quapropter
465 511 498 566 et
515 498 631 566 Paulus
646 500 711 566 eit:
735 527 748 562 ι
762 498 935 567 conclusit
954 513 1075 566 autem
1092 501 1184 566 neus
1199 525 1269 566 oms·

245 639 258 672 a
274 611 306 676 in
321 608 553 686 incredulitate,
571 621 607 674 ut
625 613 769 678 omnium
784 611 1023 686 miserentnr¹3
1038 641 1056 674 s
1070 635 1137 679 non
1155 613 1201 677 de
1215 615 1265 700 spi

246 717 381 786 trmlibus
400 717 555 786 AEonibus
575 721 684 787 dicens
703 721 779 799 hoc,
801 721 858 787 sed
879 720 921 786 de
942 721 1089 788 homine
1103 723 1165 810 qni
1185 721 1271 785 suitl.

246 828 398 896 obediens
410 827 492 904 Deo,
509 841 541 894 et
555 830 718 919 projectus
734 830 774 896 de
790 827 1059 906 immortalitate,
1077 830 1206 896 dehinc
1221 831 1271 894 nri

246 936 417 1004 ricordiam
440 950 633 1004 consecutus
653 949 715 1014 est,
741 961 799 1026 per
824 933 950 1004 Filium'
969 939 1037 1005 Dei
1065 963 1142 1004 eom
1171 963 1243 1028 qur
1258 966 1276 992 s

246 1067 304 1136 per
322 1045 626 1135 ipsumfpercipione
645 1046 859 1135 adoptionem.
884 1047 949 1113 Hic
971 1047 1071 1113 enim
1098 1059 1223 1113 tenens
1246 1049 1280 1110 ξε

246 1153 409 1222 inflatione
424 1165 458 1222 et
471 1155 623 1243 jactantie
639 1177 746 1222 reram
757 1153 891 1245 gloriam
904 1155 947 1222 de
961 1155 1018 1221 his
1031 1181 1109 1246 quae
1121 1157 1213 1224 tom
1225 1181 1279 1220 son.

245 1277 278 1331 et
293 1264 333 1331 de
348 1287 387 1332 eo
402 1265 456 1354 qui
472 1265 559 1341 feeit,
572 1266 626 1354 qui
638 1277 686 1331 est
696 1265 935 1354 potentissimus
951 1267 1117 1332 omnium
1126 1267 1233 1340 Dens,
1243 1291 1279 1353 sp·

246 1397 309 1464 qne
320 1375 469 1442 omnibus
481 1387 517 1440 nt
528 1374 591 1441 sint
602 1375 747 1464 praestitit
754 1399 764 1449 ς
779 1388 960 1474 etmenens
972 1376 1012 1442 in
1026 1375 1215 1442 dilectione
1224 1378 1269 1461 eje

245 1497 280 1552 et
300 1485 512 1574 subjectione,
533 1497 566 1550 et
580 1486 753 1574 gratiarnm
769 1487 907 1563 actione,
927 1489 1107 1576 majorem
1125 1491 1166 1555 ets
1187 1487 1277 1576 engi*

246 1596 327 1662 riom
347 1594 514 1684 percipiet,
537 1608 708 1685 provectus
729 1597 901 1686 occipiens,
930 1596 1016 1662 dnm
1044 1598 1227 1664 consimilis
1246 1599 1271 1661 tr

247 1707 317 1796 ejus
331 1706 385 1794 qni
401 1728 460 1795 pro
475 1729 514 1772 eo
533 1716 678 1772 mortuus
693 1717 757 1781 cett
781 1707 932 1793 quoniam
952 1719 988 1772 et
1010 1707 1092 1796 ipse
1107 1709 1146 1774 in
1160 1707 1270 1774 eimins—

248 1818 356 1885 dinem
373 1817 477 1884 cornis
491 1817 615 1906 peccati
635 1814 737 1882 sectus
751 1815 835 1893 ost²,
859 1816 905 1883 uti
924 1817 1181 1885 condemnaret
1193 1841 1268 1909 pec}
1291 1891 1292 1900 χ

249 1941 332 2005 tum,
348 1939 380 1993 et
395 1927 461 2015 jem
471 1925 560 2015 quasi
571 1924 821 1992 condemnatum
839 1925 1020 2014 projiceret
1037 1926 1130 1994 illud
1146 1941 1264 1994 extram-

249 2069 340 2119 nem;
361 2056 550 2134 provocaret
569 2054 677 2110 entem
693 2044 726 2110 in
742 2041 984 2110 similitudinem
1005 2069 1113 2112 suam
1130 2047 1259 2112 hominm

250 2153 443 2221 imitatorem
462 2176 536 2219 enm
552 2153 712 2242 assignans
728 2151 807 2230 Deo,
830 2165 864 2218 et
882 2153 915 2220 in
938 2166 1129 2242 paternam
1146 2158 1259 2245 impons

249 2261 404 2352 regulam,
426 2262 466 2328 ad
488 2261 662 2328 ridendum
682 2259 801 2335 Deum;
825 2273 859 2328 et
879 2285 999 2352 cepere
1023 2263 1166 2333 Patrem
1179 2267 1260 2329 um

249 2371 393 2440 Verbum
412 2372 472 2440 Dei
491 2372 578 2460 quod
596 2370 798 2438 habitavit-in
814 2371 958 2450 homine,
979 2385 1016 2439 et
1038 2373 1256 2444 Filiustsnnis
1291 2411 1292 2414 ¹

249 2481 351 2549 sactus
364 2493 425 2558 est,
441 2493 477 2547 nt
491 2493 686 2548 assuesceret
701 2481 864 2547 hominem
877 2483 1052 2571 percipere
1073 2487 1196 2563 Deum,
1206 2497 1261 2550 eo
1293 2479 1294 2549 i

250 2604 411 2660 suesceret
430 2591 535 2660 Deum
551 2591 696 2658 habitere
716 2591 748 2658 in
770 2589 912 2668 homine,
935 2595 1135 2662 secundum
1155 2597 1255 2688 pluth
1293 2612 1294 2639 ι

110 2717 116 2734 ·
252 2702 363 2768 Petris.

283 2813 417 2902 Propter
426 2813 573 2903 hocorgo
581 2813 704 2902 signum
714 2811 822 2880 solutis
830 2825 946 2879 nostroe
957 2835 1038 2880 eum
1047 2817 1110 2904 qui
1124 2815 1261 2908 exyium
1293 2875 1294 2880 ,

252 2922 455 3000 Emmanuel,
473 2935 522 2990 est
537 2923 605 3011 ipse
616 2921 795 2988 Dominus:
816 2921 1046 3013 qnoniemipse
1059 2925 1263 2994 Dominrrstu

253 3031 1267 3124 quisolvebateos‚quiopersemetipsosnonhebebantsoivsritt
1293 3054 1294 3148 p

253 3157 385 3237 propter
399 3145 462 3211 hoc
475 3143 590 3211 Paulus
608 3143 827 3212 infirmitatem
841 3145 979 3213 hominis
999 3151 1217 3225 annuntians,
1229 3149 1266 3212 sit:

261 3255 360 3322 «Scio
376 3255 461 3322 enim
473 3255 624 3344 quonism
640 3277 705 3322 non
722 3255 888 3322 habitatin
901 3271 1000 3323 corne
1011 3279 1085 3322 meo
1097 3259 1268 3329 nonumte

254 3365 446 3456 significans,
456 3364 606 3452 quoniam
617 3387 681 3431 non
693 3387 711 3430 n
722 3365 828 3442 nobis,
841 3364 897 3430 sed
908 3388 925 3428 o
937 3363 1007 3432 Deo
1018 3379 1069 3432 est
1079 3369 1209 3436 bonum
1219 3365 1272 3434 sair

253 3477 293 3543 tis
307 3486 432 3542 nostre.
452 3475 492 3541 Et
506 3475 645 3542 iterum:
665 3473 783 3540 «Miser
794 3498 852 3564 ego
864 3474 975 3552 homo,
992 3477 1065 3564 quis
1080 3499 1137 3544 me
1150 3477 1272 3546 tuentii

256 3585 479 3674 »decerpere
494 3585 604 3651 mortis
624 3582 787 3674 hujus⁴is
807 3584 930 3651 Deinde
949 3584 1046 3652 infert
1065 3585 1270 3655 liberatorem:

267 3693 396 3761 «Gratia
405 3695 483 3762 Jeso
493 3695 610 3762 Christi
617 3695 747 3766 Domini
755 3695 855 3762 nostri
866 3694 887 3763 ⁵.
900 3724 913 3760 ι
927 3696 1115 3766 Hocootem
1127 3700 1270 3766 ettlsriss:

254 3911 264 3942 ⁵
284 3832 294 3866 ¹
309 3832 380 3882 Rom.
401 3849 435 3895 rr,
450 3833 491 3884 52.
510 3861 540 3872 -
557 3831 652 3886 ’Βοιὼ
674 3853 728 3896 rur,
747 3835 771 3884 3.
789 3865 818 3875 -
832 3835 841 3869 ²
854 3838 928 3888 Itoni.
942 3854 988 3897 vu,
1011 3837 1050 3887 18.
1066 3865 1097 3874 -
1113 3837 1270 3896 ’1ὃὶιήιῇ-

275 3919 335 3970 ibid
350 3921 387 3968 25.
