2648 4634
200 265 266 345 458
447 247 452 252 ⁵
523 267 636 332 soseri
658 283 772 331 raanan
796 286 857 332 ara.
884 289 916 333 rs

200 393 322 462 dividat
340 413 411 458 eam
429 412 500 480 quae
516 404 564 459 est
582 393 623 458 ad
640 393 821 482 proximum
841 394 1121 470 communionem,
1140 415 1249 484 neque

204 502 354 568 timorem
373 501 489 568 habeat
505 500 583 574 Dei:
601 523 667 568 non
682 495 740 591 per
755 501 788 567 id
802 503 888 593 quod
903 514 991 572 recte
1006 505 1084 571 foris
1100 502 1251 570 oblatum

206 622 254 676 ost
265 609 469 686 saoriiioinm,
483 607 606 676 seducit
615 610 735 686 Deum,
748 609 962 679 interhabens
973 625 1172 704 peecatnmz
1191 635 1251 678 nee

205 717 323 785 oblatio
338 716 409 784 talis
423 718 567 808 proderit
580 719 611 786 ei
626 717 760 810 aliquid,
775 721 832 788 sed
847 723 981 789 cessatio
992 721 1084 800 mali,
1101 719 1196 812 qnod
1206 733 1250 786 est

205 829 291 895 intus
305 839 512 917 conceptum,
527 851 568 895 ne
584 837 643 918 'per
661 828 879 898 assimulatam
895 833 1135 921 operationem,
1151 830 1250 918 magis

205 951 312 1005 autem
335 949 505 1027 peccatum
522 937 639 1029 ipsum,
656 939 715 1006 sibi
735 939 930 1009 homicidam
948 941 1045 1009 saciat
1063 939 1247 1006 hominem.

205 1047 339 1136 Propter
353 1047 442 1135 quod
461 1059 494 1114 et
512 1046 637 1116 dicebat
656 1046 831 1117 Dominus:
852 1047 934 1117 «Vae
951 1049 1057 1125 vobis,
1078 1047 1208 1116 Scriba
1222 1059 1250 1111 et

207 1154 381 1223 »Pharisaei
402 1155 594 1247 hypocrite!
609 1157 773 1243 quoniam
791 1157 908 1226 similes
930 1159 1006 1224 estis
1028 1157 1249 1224 monumentis

207 1295 220 1328 s
234 1265 398 1333 dealbatis.
410 1265 501 1332 Foris
514 1267 600 1334 enim
611 1263 796 1355 sepulcrum
807 1277 939 1356 apparet
950 1266 1153 1340 formosumt
1169 1266 1249 1332 intus

208 1383 342 1446 santam
362 1372 494 1464 plenam
515 1385 564 1440 est
580 1374 704 1442 ossibus
726 1387 941 1453 mortuorum,
962 1387 996 1442 et
1016 1375 1172 1443 universa
1193 1376 1248 1441 inr-

209 1483 393 1552 smunditia
412 1505 421 1549 ε
439 1483 485 1550 sio
498 1496 532 1549 et
547 1506 603 1550 vos
617 1505 635 1548 a
650 1483 726 1550 soris
741 1483 871 1572 quidem
885 1487 1044 1574 apparetis
1060 1485 1247 1552 hominibus

177 1603 180 1610 ’
211 1623 223 1656 s
237 1593 325 1683 quasi
336 1593 425 1682 justi,
437 1592 522 1659 intus
534 1603 641 1658 antem
652 1589 739 1682 pleni
750 1593 826 1659 estis
836 1592 955 1661 malitia
967 1605 1000 1661 et
1012 1593 1182 1684 hypocrisi
1193 1593 1241 1658 ’.ι

211 1705 294 1771 Cum
309 1703 416 1770 aforis
432 1703 518 1772 enim
534 1713 620 1771 reote
634 1702 749 1772 offerre
765 1715 966 1794 putarentur,
983 1705 1123 1771 similem
1139 1703 1239 1772 seium

104 1851 108 1856 ·
212 1814 292 1882 Cain
305 1812 466 1880 habebant
481 1813 514 1881 in
529 1813 704 1902 semetipsis
722 1835 731 1877 ε
755 1825 886 1905 propter
901 1814 988 1903 quod
1005 1825 1039 1884 et
1053 1813 1242 1882 oooidernn?

211 1927 347 2014 justum,
363 1924 641 2015 pretermittentes
662 1922 832 1993 eonsilium
846 1923 956 2003 Verbi,
976 1924 1244 2014 quemadmodum

215 2046 248 2101 et
263 2032 352 2101 Cain.
367 2031 416 2102 ttti
427 2033 513 2101 enim
525 2033 590 2099 ait:
607 2031 742 2115 Quiesce
747 2059 761 2111 ‚·
781 2044 814 2099 et
831 2055 896 2100 non
910 2033 1053 2100 assensit.
1076 2033 1243 2114 Quiesoere

215 2156 322 2213 autem
337 2144 415 2233 quid
433 2155 482 2211 est
497 2142 595 2220 aliud,
612 2164 707 2231 quam
728 2142 870 2212 desinere
885 2167 903 2209 a
918 2143 1083 2234 proposito
1102 2143 1237 2234 impetu?

216 2255 256 2320 Et
278 2252 328 2320 his
349 2251 462 2320 similia
485 2253 616 2320 dioens:
640 2251 832 2329 «Pharisaee
854 2253 970 2342 inquit,
993 2275 1093 2330 oaeee,
1115 2253 1243 2318 emunda

216 2393 228 2426 s
242 2363 329 2452 quod
340 2375 387 2430 est
397 2363 482 2428 intus
493 2361 612 2439 caliois,
626 2375 661 2430 ut
672 2362 729 2430 fiat
738 2376 770 2431 et
779 2362 866 2455 quod
875 2363 951 2431 soris
962 2375 1024 2442 est,
1037 2361 1234 2430 mundum¹.s

214 2479 255 2545 Et
275 2499 341 2543 non
361 2475 543 2544 audierunt.
568 2478 676 2546 «Eooe
701 2479 804 2554 enim,
834 2479 878 2544 ait
901 2477 1072 2553 Jeremias,
1092 2501 1158 2544 non
1179 2489 1244 2541 sunt

217 2585 328 2654 »oenli
349 2587 396 2653 tui
414 2610 477 2656 neo
494 2609 551 2655 oor
564 2600 657 2656 tuum
672 2590 812 2662 bonum:
829 2587 884 2654 sed
899 2588 932 2654 in
948 2588 1126 2678 cupiditate
1140 2600 1204 2663 tna,
1217 2599 1244 2651 ot

217 2697 285 2764 »ad
296 2697 482 2787 sangninem
495 2699 631 2787 justum,
644 2710 679 2763 nt
694 2696 838 2765 effundas
849 2719 937 2776 eum,
953 2708 985 2763 et
997 2697 1040 2786 ad
1050 2697 1244 2786 injustitiam,

217 2818 277 2871 »et
293 2805 334 2872 ad
353 2804 576 2883 homicidium,
597 2820 633 2873 ut
649 2804 805 2873 sacias⁸.r
824 2805 865 2871 Et
884 2806 1002 2873 iterum
1023 2807 1156 2874 Esaias:
1174 2804 1248 2872 «Fe-

219 2915 345 2993 soistis,
370 2915 484 3004 inquit,
507 2913 689 2993 eonsilium,
711 2938 777 2982 non
797 2937 855 3005 per
874 2937 946 2990 me;
963 2927 996 2980 et
1014 2926 1245 2988 testamentum,

218 3051 231 3086 s
247 3044 311 3089 oon
327 3021 545 3110 perspiritum
563 3045 672 3089 meum
683 3020 704 3087 ⁴.
720 3049 733 3084 ι
754 3019 796 3085 Ut
814 3020 909 3110 igitur
924 3020 1056 3087 interior
1070 3043 1184 3087 eorum
1198 3042 1246 3086 so·

218 3131 323 3200 luntas
340 3141 374 3196 et
392 3129 540 3220 cogitatio
558 3131 601 3197 ad
618 3130 820 3198 manifestum
839 3129 1009 3220 producta,
1031 3131 1098 3196 sine
1117 3129 1209 3220 culpa
1220 3141 1247 3193 et

220 3240 340 3308 malum
358 3263 424 3306 non
439 3253 627 3329 ,operantem
645 3239 792 3308 ostendat
806 3263 874 3306 esse
888 3238 1006 3316 Deum,
1025 3262 1102 3306 eum
1113 3240 1168 3327 qni
1183 3239 1246 3305 abs·

221 3375 316 3420 consa
336 3351 527 3428 manifestat,
543 3351 678 3419 sednon
696 3353 751 3440 qui
771 3349 891 3419 malum
910 3363 1060 3440 operetur
1066 3375 1076 3426 ς
1102 3372 1179 3418 cum
1193 3351 1247 3417 mi-

221 3464 309 3531 nime
324 3463 501 3553 quiesoeret
517 3461 596 3528 Cain
602 3488 611 3538 ς
629 3463 675 3529 eit
687 3461 738 3528 ei:
756 3461 831 3530 «Ad
846 3473 878 3529 te
893 3463 1057 3530 conversio
1072 3461 1156 3552 ejus,
1172 3474 1204 3528 et
1215 3472 1246 3527 tu

222 3571 463 3640 »dominaberis
485 3571 554 3660 ejus
564 3569 614 3638 ⁶.»
638 3569 738 3638 [blato
765 3592 891 3660 quoque
921 3569 1066 3638 similiter
1092 3570 1245 3637 dicebat:

230 3680 381 3750 «Nullam
398 3680 532 3749 haberes
551 3691 740 3771 potestatem
757 3679 791 3746 in
810 3702 874 3756 me,
894 3679 954 3746 nisi
972 3678 1083 3746 datum
1102 3678 1162 3746 tibi
1179 3677 1248 3744 fuis-

244 3791 267 3866 ¹¹
277 3829 370 3881 Mattb.
379 3848 453 3894 ιιιιι,
464 3849 502 3900 27,
517 3831 679 3887 280-21otr.
697 3834 736 3885 ιδ.
745 3831 787 3874 -⁸
796 3833 892 3884 ierom.
903 3848 965 3895 ιιιι,
978 3848 1013 3898 ¹7·
1025 3831 1073 3872 -⁸
1084 3830 1151 3882 Esai.
1163 3845 1218 3890 ιιι,
1228 3845 1247 3878 ι.
1291 3791 1299 3820 υ

225 3915 274 3954 -⁸
284 3915 348 3966 Gen.
360 3931 394 3975 ιι,
405 3933 428 3980 7.
