2808 4688
13 395 17 414 l

5 387 38 455 le·

2 496 33 566 iu

445 263 666 316 erosrononuu
688 261 875 310 nrserrunue.
1138 238 1177 304 25

198 371 349 454 Crimini
372 390 561 452 verterunt
585 380 727 448 Hermae
748 369 852 470 quod
873 366 1017 442 videtur
1040 371 1180 469 opinari

147 489 297 588 relapsis
312 485 453 560 nullam
470 505 550 556 esee
563 480 880 564 condonationem,
893 475 954 548 his
966 476 1084 550 verbis
1096 505 1105 549 :
1117 507 1134 546 ο
1146 484 1183 554 si

147 599 264 694 »quis
285 593 508 688 peccaverit,
522 611 635 662 unum
654 588 903 686 poenitentiam
922 580 1059 668 ‚haben
1078 587 1107 656 si
1124 609 1184 660 au-

5 713 15 782 s'
23 777 28 786 ,
150 733 169 770 n
181 718 260 776 tem
269 697 427 774 subinde
437 709 581 796 peccet,
593 708 630 767 et
645 695 895 792 poenitentiam
906 703 1003 788 agat,
1018 713 1093 762 non
1106 716 1187 791 pro·

153 838 172 874 n
185 808 282 880 derit
307 806 445 878 homini
468 802 553 876 talia
574 803 733 900 agenti.»
755 796 824 872 Sed
848 796 966 870 solum
992 802 1186 872 maximam

1 881 26 982 ᾗ
157 909 408 986 difficultatem
431 901 581 995 indicat,
603 922 647 979 ut
667 905 851 978 evidenter
868 917 968 1001 patet
987 927 1033 976 ex
1062 905 1189 980 imme-

158 1018 256 1091 diate
270 1017 517 1120 sequentibus3
531 1012 632 1090 addit
645 1015 765 1086 enirn:
783 1009 967 1084 «Difficile
986 1014 1080 1083 enim
1097 1015 1188 1086 vivit

156 1127 386 1198 »Donum
400 1123 570 1198 surdiora
584 1135 670 1196 sunt
683 1118 793 1194 verba
806 1117 1061 1218 precedentis,
1075 1141 1186 1216 quam

152 1254 234 1327 quse
261 1230 431 1330 leguntur
461 1236 498 1303 in
527 1233 640 1329 Epist.
667 1227 714 1302 ad
746 1226 932 1314 uebraeos,
962 1249 1013 1312 rr,
1040 1228 1063 1312 d
1085 1240 1123 1298 et
1138 1227 1185 1299 6:

152 1337 404 1436 «Impossibile
425 1351 478 1410 ost
496 1359 604 1410 eon...
630 1359 752 1407 narsus
764 1339 930 1406 mnovari
945 1331 999 1403 ad
1012 1337 1187 1429 poeniten·

154 1450 308 1518 aliam.»

201 1558 306 1630 Parte
329 1558 452 1642 tertia,
477 1566 712 1653 exponuntur
733 1553 868 1624 iterum
886 1574 908 1622 e
925 1555 1072 1622 Pastore
1094 1575 1186 1650 prse-

157 1676 261 1760 cepta
286 1663 494 1748 utilissima,
520 1659 694 1750 adhibitis
719 1661 826 1730 variis
854 1657 1072 1753 imaginibus
1098 1683 1189 1756 quas

158 1773 253 1840 inter
271 1766 409 1865 duplex
424 1769 626 1865 presertim
645 1761 807 1834 notanda
824 1760 1045 1833 similitudo:
1066 1773 1095 1833 ι·
1110 1769 1191 1860 qui·

161 1871 269 1944 dem:
295 1877 437 1960 «vitis,
459 1873 599 1968 inquit,
624 1867 807 1942 fructifera
832 1884 904 1953 est,
927 1870 1047 1941 ulmus
1070 1887 1190 1944 autem

167 1980 337 2076 »lignum
358 1983 435 2051 sine
456 1976 578 2050 fructu
597 1992 660 2048 est.
684 1975 754 2048 Sed
773 1975 855 2047 vitis
874 1975 965 2063 hee,
988 1979 1057 2050 nisi
1076 1976 1188 2076 appli-

169 2115 186 2149 ι)
199 2085 270 2154 cita
289 2081 396 2155 firerit
413 2081 530 2168 ulmo,
552 2099 589 2156 et
612 2105 721 2180 super
740 2082 837 2153 illam
859 2085 1092 2180 requieverit,
1113 2109 1186 2158 non

166 2203 313 2287 »potest
343 2189 497 2261 multum
525 2187 681 2260 frustum
710 2187 826 2260 lacere
849 2191 1002 2285 :jacens
1026 2195 1121 2264 enim
1148 2197 1189 2265 in

161 2327 178 2360 ‚a
192 2309 284 2367 terra
306 2292 419 2364 malos
442 2291 584 2364 fructus
608 2288 716 2364 det...
743 2295 802 2363 Sic
826 2293 926 2364 dives
949 2292 1059 2366 habet
1082 2321 1188 2395 opes,

157 2423 209 2474 »a
226 2399 384 2470 Domino
399 2421 487 2472 vero
502 2423 642 2498 pauper
652 2412 717 2470 est.
739 2403 831 2472 Cum
852 2403 962 2498 igitur
979 2399 1080 2476 dives
1097 2429 1189 2503 prse-

156 2537 175 2572 »
188 2520 259 2578 stat
276 2507 446 2604 pauperi,
463 2529 545 2602 quae
559 2504 612 2576 illi
626 2527 720 2604 opus
735 2520 840 2592 sunt,
856 2529 995 2604 pauper
1012 2523 1093 2582 orat
1117 2511 1190 2586 Do·

156 2616 328 2686 »minum
353 2637 421 2712 pro
444 2614 571 2699 divite,
597 2628 634 2684 et
656 2613 755 2685 Deus
778 2627 923 2712 prestat
941 2613 1044 2688 diviti
1065 2625 1187 2692 omnia

155 2754 173 2790 n
185 2721 308 2794 bona:
327 2724 417 2820 quia
440 2743 580 2819 pauper
604 2721 705 2792 dives
729 2733 783 2791 est
803 2724 842 2790 in
861 2725 1042 2810 oratione,
1062 2739 1099 2795 et
1117 2731 1190 2799 vir-

154 2861 172 2896 »
186 2844 305 2902 tutem
314 2851 483 2926 magnam
496 2826 609 2900 habet
620 2824 720 2926 npud
732 2825 934 2900 Dominum
944 2830 1061 2901 oratio
1073 2831 1188 2928 ejus...

154 2942 283 3010 »Sunt
293 2959 382 3034 ergo
400 2933 510 3007 ambo
526 2949 713 3007 consortes
730 2931 914 3006 bonorum
933 2957 1087 3032 operum
1105 2963 1189 3013 suo·

154 3076 173 3115 ι
188 3069 319 3118 rum.»
343 3043 492 3117 Altera:
522 3047 649 3117 rSicut
675 3046 714 3114 in
740 3041 861 3114 hiemo
891 3063 1018 3116 omnes
1042 3045 1191 3120 arbores

156 3184 175 3220 ι
189 3151 343 3246 abjectis
369 3147 464 3222 foliis
485 3149 595 3222 aridis
618 3147 751 3222 similes
771 3162 874 3236 sunt,
895 3169 963 3220 nee
983 3164 1104 3248 potest
1127 3177 1188 3226 co·

159 3259 317 3356 »gnossi
340 3271 526 3353 quaesunt
550 3255 677 3342 aridae‚
706 3271 770 3328 aut
791 3281 873 3355 quae
898 3254 1057 3328 virides:
1079 3261 1132 3332 sic
1154 3277 1191 3334 et

161 3398 179 3432 n
196 3369 235 3433 in
253 3362 327 3434 hoc
344 3362 472 3434 seculo
489 3387 556 3434 nee
574 3363 661 3458 justi
678 3385 746 3434 nec
765 3359 892 3457 injusti
911 3380 1190 3458 cognoscuntur,

166 3503 184 3538 ι
197 3467 264 3544 sed
280 3467 415 3540 similes
427 3483 509 3540 sunt
524 3493 660 3542 omnes.
677 3475 778 3543 Sicut
794 3471 834 3540 in
851 3481 971 3540 aestate
983 3465 1120 3547 fructus
1137 3501 1192 3550 ar-

164 3611 181 3646 »
197 3578 301 3651 boris
316 3575 580 3672 cujuscumque
594 3575 810 3662 declaratur,
818 3590 856 3647 et
871 3589 971 3674 patet
983 3605 992 3648 ε
1005 3581 1056 3654 sic
1071 3596 1107 3654 et
1117 3585 1193 3681 jus-

164 3717 182 3752 »
195 3701 319 3758 torum
343 3679 483 3754 factum
501 3678 752 3770 declarabitur,
772 3695 809 3754 et
831 3680 986 3781 patebit,
1005 3700 1049 3757 et*
1065 3713 1191 3768 omnes

167 3825 184 3860 n
201 3789 333 3866 hilares
348 3805 388 3864 et
403 3788 604 3890 gaudentes
623 3793 662 3863 in
681 3789 744 3864 illo
762 3791 890 3865 saeculo
909 3796 1189 3871 restituentur.»

216 3905 352 3972 Rursus
375 3912 499 3996 pastor
521 3901 559 3972 in
577 3897 811 3974 similitudine
829 3925 924 3974 nona
941 3906 1110 3998 mysteria
1126 3911 1189 3980 Eo·
