2606 4620
213 309 364 355 nrauoaue
387 309 449 355 auu
473 309 638 352 rnrruone
659 307 774 350 sunno.
948 283 1012 362 455

8 443 35 486 ae
45 441 155 498 causa,
168 419 334 510 proprium
349 417 536 508 angelorum
544 415 735 492 caelestium,
747 432 865 482 manna
879 411 1013 488 scilieet,

9 529 69 606 uit,
82 541 170 596 utne
185 529 336 619 panificio
347 527 478 616 quidem
489 527 578 593 vobis
589 547 669 615 opos
680 536 779 596 esset:
795 523 912 611 quibus
922 545 1014 611 aquae

26 639 115 706 Mara
138 637 248 706 dulces
263 639 354 706 lacta
375 649 466 711 sunt;
491 635 606 724 quibus
625 634 761 722 denique
780 629 906 724 signum
930 630 1014 698 illius

6 749 31 814 ri
49 747 285 838 crucifigendus
300 760 381 824 erat,
398 757 434 813 ut
448 748 514 836 jam
530 746 608 821 dixi,
624 745 873 821 exhibitum'eat,
890 753 1014 811 etcum

6 883 33 924 rs
54 859 241 926 morderent
260 871 422 947 serpentes
444 857 568 944 (omnia
588 860 621 923 in
641 868 841 925 antecessum
862 855 1014 944 mysteria

6 967 70 1032 >bia
86 977 159 1032 ante
171 968 297 1057 propria
311 977 455 1055 tempora
468 963 667 1054 gratificante
680 965 761 1042 Deo,
776 966 808 1034 in
823 982 920 1054 quem
934 989 1017 1032 sem·

6 1101 36 1142 ar
47 1077 172 1166 ingrato
181 1075 277 1144 luisse
288 1075 650 1164 animoarguimini),et
662 1099 737 1143 cum
748 1099 805 1165 per
816 1075 952 1166 liguram
961 1099 1016 1143 ex·
1040 1157 1044 1164 ¹

6 1187 129 1252 usionis
143 1209 299 1254 manuum
313 1185 421 1261 blesis,
437 1197 469 1251 et
484 1204 562 1252 eum
574 1184 629 1273 qui
644 1186 887 1272 cognominatus
901 1197 950 1252 est
964 1185 1017 1254 ‹le-

6 1320 45 1370 rs,
63 1293 276 1362 debellaretur
290 1293 468 1363 Amalech:
485 1317 548 1384 qua
560 1293 600 1359 de
612 1317 647 1360 re
658 1293 919 1384 praeeepitDem,
937 1295 1017 1364 utin

6 1413 99 1469 tteras
120 1403 302 1480 referretur,
323 1416 356 1470 et
374 1405 504 1470 auribus
523 1404 634 1470 vestris
649 1425 768 1472 nomen
787 1402 865 1470 lesu
884 1403 1017 1470 mando-

5 1527 81 1590 rtur,
100 1513 187 1582 hunc
203 1537 272 1582 esse
292 1515 401 1582 dicens
415 1515 471 1604 qui
482 1512 645 1580 deleturus
657 1523 725 1579 erat
741 1512 781 1579 de
797 1526 881 1580 torre
898 1523 1018 1582 memo·

5 1647 59 1690 am
67 1622 232 1691 Amalech.
247 1623 346 1690 Porro
355 1597 521 1696 Amalechi
529 1623 718 1690 memoriam
728 1622 824 1688 etiem
833 1635 905 1712 post
916 1621 1018 1690 lilium

6 1757 74 1802 avae
87 1757 217 1800 manere
228 1731 328 1822 liquet
341 1755 355 1796 :-
369 1743 401 1800 at
416 1730 562 1798 loturum
575 1743 611 1796 ut
623 1755 681 1820 per
691 1729 803 1802 «lesum
815 1730 1018 1810 crucifixum,

5 1845 75 1932 ujus
87 1843 185 1908 etiam
195 1865 246 1907 res
259 1863 370 1907 omnes
381 1840 431 1909 hia
443 1838 596 1928 symbolis
607 1838 1020 1928 praeponderante

5 1973 94 2018 [ones
105 1947 406 2024 exterminarentur,
422 1948 556 2036 ejusque
568 1967 686 2020 nemen
697 1945 1021 2023 formidarenteum·

5 2085 47 2126 ue
63 2059 184 2149 pariter
203 2079 313 2134 omnes
332 2057 528 2148 principatus
549 2065 583 2124 et
601 2080 698 2146 regna
716 2069 908 2136 metuerent,
930 2070 963 2125 et
980 2083 1021 2128 cx

4 2169 69 2234 mni
86 2167 254 2236 hominum
268 2189 384 2256 genere
399 2167 442 2255 pii
457 2177 490 2232 et
509 2164 635 2255 pacifici
651 2166 895 2237 ostenderentur
910 2171 964 2258 qui
986 2170 1018 2238 in

4 2281 72 2345 lum
94 2276 243 2352 credunt,
268 2276 432 2366 Scriptura
456 2274 609 2353 declarat,
633 2275 730 2365 idque
751 2277 847 2344 etium
869 2279 1019 2348 demons-

4 2399 68 2453 »ant
82 2410 155 2474 quae
173 2386 238 2473 jam
256 2408 274 2451 a
293 2407 363 2462 me,
380 2382 531 2472 Trypho,
551 2398 800 2452 commemorata
816 2401 900 2456 sunt.
921 2387 1028 2459 Vobis¹

4 2497 79 2562 tiam
99 2517 209 2562 carnes
228 2495 527 2582 concupiscentibus
546 2505 633 2560 tanta
653 2495 726 2560 data
747 2508 797 2562 est
816 2500 1019 2576 coturnicum

4 2605 72 2694 opia
89 2614 208 2692 quanta
226 2603 386 2670 numerari
405 2624 471 2670 non
489 2611 617 2692 posset:
638 2604 755 2690 quibus
773 2604 869 2672 etiam
885 2630 965 2696 aqua
980 2633 1020 2676 ex

4 2739 60 2804 rpe
77 2713 241 2782 scaturivit
247 2737 258 2788 ς
276 2736 355 2803 quos
371 2715 474 2782 nubes
488 2727 521 2781 et
536 2716 576 2782 ab
588 2727 667 2784 aestu
683 2718 880 2784 obumbrans
894 2731 927 2782 et
939 2741 956 2782 a
969 2719 1022 2784 sri-

4 2847 56 2890 ore
72 2821 254 2893 custodiens
268 2823 539 2911 consequebatur,
556 2825 630 2890 novi
647 2822 726 2890 alius
743 2823 816 2892 omli
831 2827 972 2915 speciem
987 2840 1021 2893 et

3 2931 313 3024 raesignilioationem
324 2931 463 3006 habenas
482 2954 621 3020 quorum
635 2956 697 3001 nec
712 2933 780 3000 lora
792 2933 1021 3002 calceamento-

4 3065 55 3106 um
70 3053 164 3130 rupta
179 3053 266 3117 sunt,
282 3064 343 3109 nec
357 3042 422 3131 ipsa
436 3041 652 3110 calceamenta
664 3056 861 3122 veterarunt,
879 3071 940 3116 neo
956 3074 1024 3118 ves·
1048 3121 1051 3128 ,

6 3159 115 3216 menta
132 3149 280 3226 contrito,
297 3149 447 3218 sedatio
463 3151 644 3238 junioribus
659 3152 752 3220 simul
768 3158 967 3224 crescebant.

27 3253 197 3331 CXXXII.
220 3257 261 3322 Et
278 3268 352 3346 post
369 3257 439 3329 haec
457 3257 593 3326 vitulum
608 3261 781 3340 conflastis,
801 3277 834 3331 et
851 3287 926 3332 cum
942 3265 1023 3334 lilia-

4 3391 41 3434 ns
53 3366 305 3456 alienigenarum
315 3365 477 3444 fornicari,
495 3379 527 3435 et
543 3368 712 3438 simulacra
728 3372 833 3439 oolere
845 3375 1021 3456 studuistis,

4 3480 78 3547 tiam
95 3491 265 3570 postquam
279 3479 394 3546 tradita
414 3482 502 3548 vobis
522 3494 605 3550 terra
626 3495 675 3551 est
695 3497 782 3552 tanta
802 3511 877 3554 cum
893 3491 1022 3570 virtute,

4 3603 17 3656 t
32 3587 132 3655 solem
149 3589 237 3677 jussu
254 3586 337 3655 illius
354 3588 413 3656 viri
428 3591 481 3679 qui
495 3588 572 3658 «lesu
591 3592 802 3682 appellatione
819 3603 1022 3688 cognominu-

4 3725 31 3766 rs
52 3712 113 3776 est,
133 3699 166 3765 in
182 3697 265 3768 coslo
281 3711 432 3780 stantem,
452 3724 513 3769 nee
534 3725 633 3792 usque
653 3705 693 3770 ad
713 3704 808 3774 horas
825 3711 953 3800 triginta
969 3737 1023 3783 sex

4 3810 198 3887 caldarlam,
219 3810 380 3890 videretis,
403 3822 437 3879 et
453 3811 530 3880 alias
557 3835 668 3882 omnes
688 3817 820 3886 virtutes
840 3845 911 3912 quar
935 3825 1023 3893 vobis

4 3920 135 3992 rhibitso
149 3920 243 3990 variis
258 3922 457 4012 temporibus
471 3923 617 4000 lueruntt
636 3949 773 4015 quarum
788 3929 884 4000 etiam
899 3937 962 4002 una
980 3935 1027 4005 ti-
