2648 4598
219 299 258 345 DE
280 296 532 364 RESURMOEIONE
555 296 750 342 MORTUORW·
939 290 969 340 ll
983 293 992 339 l

13 405 60 470 riae
75 404 140 470 vitae
154 401 354 468 oblivionem.
373 402 472 490 Igitur
487 400 513 466 si
527 401 692 467 bominum
706 403 816 476 vitam,
833 423 902 488 quae
914 413 999 466 tanta

13 514 27 575 b
47 513 110 599 ipso
128 521 198 578 ortu
218 509 371 598 usquead
391 507 626 575 dissolutionem
640 510 752 576 referta
772 521 819 574 est
838 507 1001 598 inaequali-

13 631 61 694 tte,
79 621 172 707 iisque
188 619 334 684 omnibus
350 641 419 706 quae
435 618 569 683 diximus
582 619 837 708 interrumpitur,
856 619 1002 684 eamdem

13 751 89 792 tmen
105 728 198 792 vitam
213 726 369 816 appellare
385 751 449 793 non
465 725 651 814 refugimuss
674 749 775 814 neque
790 728 887 792 etiam
901 728 1002 793 disso-

13 837 95 900 rtioni
115 837 335 902 succedentem
354 837 462 910 vitam,
486 859 555 923 quae
574 858 681 900 secum
702 836 885 924 adjunctam
906 836 1004 900 habet

13 943 256 1019 surrectionem,
280 944 446 1030 desperare
470 943 623 1008 debemus
630 967 639 1016 ;
664 944 804 1029 quumvis
822 942 1003 1031 aliquandiu

13 1052 95 1116 rimu
110 1076 127 1117 e
145 1074 277 1140 corpore
292 1051 432 1141 digressu
449 1053 706 1139 interrumpatur.

28 1157 127 1224 XVll.
146 1160 216 1245 Ipsa
229 1159 315 1224 enim
325 1159 491 1225 hominum
503 1170 627 1234 natura,
640 1159 812 1246 antiquitus
824 1171 855 1223 et
867 1182 904 1223 ex
915 1182 1006 1225 crea-

13 1265 61 1328 ›ris
76 1263 234 1330 voluntate
249 1264 492 1352 inaequalitatem
506 1265 627 1340 sortita,
644 1263 830 1352 inaequalem
845 1264 941 1329 habet
956 1265 1004 1328 ri-

13 1395 50 1436 m
66 1383 95 1436 et
112 1373 375 1459 permansionem,
391 1394 478 1438 nunc
489 1393 613 1447 somno,
630 1394 717 1437 nunc
728 1383 844 1446 morte,
861 1382 893 1435 et
907 1371 1005 1436 aetatis

15 1481 137 1568 rjusque
154 1481 423 1547 immutationibus
437 1483 660 1570 interruptam,
677 1503 742 1546 nou
758 1490 865 1568 aperte
881 1493 1007 1545 exstan-

13 1590 68 1685 bup
88 1588 123 1651 iis
138 1610 206 1674 quae
221 1587 379 1676 prioribus
396 1588 628 1675 superveniunt.
653 1586 733 1664 Quis
748 1587 833 1650 enim
849 1587 1005 1662 crederet,

13 1684 44 1756 Ι
62 1694 249 1782 experientia
266 1693 446 1767 doceretur,
466 1695 499 1758 in
518 1692 646 1758 similari
666 1703 698 1758 et
717 1691 805 1758 molli
823 1695 942 1758 semine
962 1705 1010 1760 tot

13 1851 14 1860 ,
31 1813 190 1865 tantarum
206 1802 339 1888 reposita
356 1823 423 1864 esse
443 1798 640 1875 facultatum,
657 1811 689 1865 et
703 1819 812 1865 earum
831 1825 900 1889 quae
917 1802 1011 1867 simul

13 1919 152 1996 surgunt
166 1919 198 1972 et
209 1908 455 1994 compinguntur
467 1905 598 1971 molium
611 1907 804 1983 discrimina,
821 1909 950 1988 ossium,
965 1911 1010 1974 in-

13 2037 95 2088 ram,
116 2035 285 2078 nervorum
303 2024 336 2077 et
355 2011 587 2100 cartilaginum,
607 2023 639 2076 et
657 2013 874 2080 musculorum
893 2026 925 2080 et
940 2038 1011 2081 car-

13 2125 88 2196 lum,
105 2131 137 2184 et
152 2120 308 2185 viscerum
322 2142 361 2185 ac
376 2130 561 2186 caeterarum
581 2123 721 2208 corporis
736 2121 890 2210 partium?
902 2123 1011 2211 Neque

13 2231 71 2294 rim
86 2228 118 2292 in
134 2228 273 2293 humidis
284 2227 389 2294 adhuc
405 2229 576 2293 seminibus
591 2229 707 2294 horum
721 2232 893 2319 quidquam
905 2233 1011 2299 videre

13 2353 53 2404 t:
74 2360 135 2403 nec
150 2338 181 2402 in
197 2337 367 2404 infantibus
384 2338 556 2424 quidquam
575 2361 686 2403 eorum
706 2362 774 2425 quae
789 2341 935 2428 perlectis
957 2365 1010 2406 su-

13 2447 189 2520 rrveniunt,
205 2469 264 2512 nec
280 2447 312 2510 in
326 2446 465 2534 perlecta
480 2458 571 2512 aetate
589 2469 625 2512 ea
642 2461 799 2533 quaesunt
815 2473 1013 2538 egressorum

13 2580 21 2618 ι
39 2554 185 2640 ephebis,
206 2576 265 2618 uec
283 2554 315 2619 in
335 2554 399 2618 istis
414 2577 450 2619 ea
466 2577 534 2641 quae
549 2577 660 2620 senum
676 2569 838 2644 apparent.
863 2557 1014 2636 Quamvis

13 2675 96 2727 rtem
115 2685 226 2726 eorum
245 2685 314 2749 quae
333 2663 467 2728 diximus
487 2665 631 2750 quaedam
650 2663 739 2730 nullo
758 2689 885 2753 prorsus
905 2667 1013 2740 modo,

13 2770 133 2834 raedam
153 2771 286 2834 obscure
305 2769 481 2836 naturalem
501 2772 615 2835 seriem
635 2781 667 2834 et
685 2773 942 2858 supervenientes
960 2771 1018 2835 ho·

16 2881 111 2942 inum
132 2889 251 2942 naturae
271 2877 461 2942 mutationes
481 2878 651 2943 exhibeant
658 2901 668 2949 3
692 2878 796 2942 sciunt
818 2890 923 2941 tumen
945 2879 1018 2964 qui-

13 3008 128 3070 rmque
143 3007 207 3071 prae
223 2983 359 3068 nequitia
374 2995 428 3046 aut
443 2983 566 3069 pigritia
582 2983 615 3047 iu
631 2983 679 3046 his
695 2985 789 3048 rebus
805 2984 1020 3072 dijudicandis

13 3117 53 3158 ›n
75 3093 258 3164 caecutiunt,
278 3091 381 3176 primo
402 3089 519 3154 semina
540 3091 713 3178 spargenda
732 3115 811 3167 esse,
834 3093 947 3159 deinde
969 3095 1020 3160 bis

13 3222 45 3261 rr
59 3194 198 3282 singulas
208 3205 312 3283 partes
324 3206 355 3258 et
365 3196 509 3260 mambra
520 3195 693 3283 explicatis,
710 3221 748 3262 ac
763 3200 852 3265 editis
864 3202 896 3266 in
912 3200 1017 3268 lucem

13 3305 122 3370 atibus
137 3302 338 3391 supervenire
352 3304 461 3393 primas
475 3306 575 3370 aetatis
590 3307 834 3386 incrementum,
851 3309 964 3375 deiude
979 3335 1018 3376 ex

16 3424 191 3481 cremento
205 3411 444 3500 perfectionem,
462 3425 529 3478 tum
541 3437 581 3480 ex
595 3414 787 3502 perfectione
803 3419 1018 3485 remissionem

13 3521 180 3590 cultatum
200 3518 391 3586 naturalium
410 3545 509 3608 usque
529 3523 570 3586 ad
589 3536 796 3600 senectutem,
818 3527 953 3613 denique
971 3529 1018 3593 sa-

13 3632 177 3698 §centium
189 3652 360 3716 corporum
372 3629 620 3695 dissolutionem.
638 3632 914 3710 Quemadmodum
925 3638 1019 3726 igitur

13 3764 51 3805 rc
67 3739 101 3803 in
117 3763 165 3815 re,
182 3761 257 3806 orum
268 3761 328 3804 nec
344 3761 452 3805 semen
465 3739 561 3806 uitam
573 3740 740 3807 hominum
754 3755 786 3808 et
799 3744 945 3822 sormam,
958 3771 1018 3815 nec

15 3861 54 3914 ta
72 3845 312 3913 dissolutionem
328 3847 360 3913 iu
375 3847 476 3935 prime
491 3848 643 3938 principia
659 3873 722 3938 prae
738 3875 770 3918 se
783 3853 878 3929 lerat;
896 3869 1019 3924 natura·
