2646 4628
322 271 383 350 abt
644 291 755 337 sineru
778 291 890 338 ararat
913 293 972 338 ua.
998 297 1010 338 ι

318 399 384 464 lum
405 421 472 464 esse
482 395 585 464 Deum
599 397 795 473 existimarit,
809 421 848 464 ac
860 421 918 488 per
930 398 1096 489 Prophetas
1109 401 1188 466 dixit:
1205 403 1255 489 rip

319 537 332 570 a
345 509 442 580 Deus,
454 517 486 570 et
499 515 613 594 prater
623 527 674 570 me
686 527 750 570 uon
761 517 809 572 est
819 504 907 572 alius.
922 505 1015 574 »sed
1025 507 1256 574 adremreleanu

363 613 521 692 Quoniam
535 611 703 678 materialis
714 613 847 680 essentia
857 637 896 679 ex
907 615 1009 680 tribus
1023 615 1170 682 affectabas
1180 615 1257 680 outo

320 732 400 796 erat,
420 743 458 784 ex
475 731 575 794 metu,
594 741 742 796 maerore,
761 733 794 786 et
810 722 965 788 anxietate
980 743 989 786 ε
1002 745 1044 788 ea
1060 735 1138 788 metu
1150 735 1177 786 et
1187 745 1258 786 coru

321 827 420 904 sione,
435 851 472 894 ea
488 827 592 892 omnia
608 851 677 916 qum
688 828 791 892 anima
802 827 931 916 praedita
946 840 1034 906 sunt,
1046 829 1258 918 coagmentum

321 947 411 1009 runtr
429 935 616 1024 Demiurgus
631 959 744 1024 nempe
757 959 796 1000 ex
807 939 1023 1014 conversione,
1039 937 1259 1022 eamuuqoilpul

320 1042 477 1132 reliquum
490 1055 537 1109 est
551 1042 692 1108 animalia
707 1043 899 1120 substantiae,
919 1057 954 1110 ut
966 1045 1080 1110 animae
1093 1041 1260 1109 bmtorunui

321 1154 487 1228 mentium,
507 1153 645 1220 serarum
654 1165 687 1220 et
701 1153 887 1220 hominum:
904 1177 943 1221 ex
953 1155 1080 1220 tristitia
1093 1149 1261 1240 spiritualer

320 1261 439 1350 quitiae,
460 1259 570 1349 angeli
589 1259 676 1336 mali,
699 1273 731 1326 et
746 1261 923 1338 Daemones,
945 1283 1084 1348 quorum
1101 1259 1217 1347 princeps
1229 1255 1261 1318 lh

320 1368 425 1444 bolus,
452 1370 672 1436 Cosmocrator
701 1349 816 1446 dictus,
847 1371 899 1436 cui
927 1371 1017 1436 sedes
1048 1369 1186 1456 assignata
1205 1365 1262 1428 subu

320 1479 526 1567 Demiurgum
546 1479 579 1544 in
598 1477 659 1545 hoc
679 1478 822 1544 mundo:
846 1480 879 1544 in
899 1501 937 1544 eo
956 1489 1066 1544 umen
1084 1475 1195 1565 proprie
1209 1470 1262 1536 eorl

321 1599 390 1652 tore
409 1588 524 1674 potior,
544 1585 629 1674 quod
648 1608 717 1674 quar
736 1607 828 1674 supra
847 1607 920 1650 eum
939 1598 1012 1652 aunt
1031 1595 1182 1674 perspecta
1195 1581 1276 1645 habel*

323 1694 396 1782 quia
406 1689 574 1780 spiritualis
585 1691 797 1779 nequitia‘est3
809 1691 996 1781 Demiurgus
1004 1705 1112 1758 sutem
1122 1685 1263 1780 ignoretur

324 1798 465 1866 animalis
477 1813 534 1866 est.
552 1799 714 1866 Postremo
725 1823 765 1865 ex
774 1811 901 1888 stupore
912 1810 945 1865 et
954 1802 1125 1874 anxietate,
1135 1793 1264 1878 oeuuigar

321 1907 425 1974 biliori
440 1908 548 1996 stirpe,
564 1929 715 1996 corpores
726 1907 836 1972 mundi
850 1905 1004 1972 elementa
1020 1897 1263 1996 praeteruehi
1276 1926 1277 1972 t

322 2018 382 2083 hus
397 2039 471 2082 vero
482 2017 592 2082 insitus
604 2017 682 2105 ignis
695 2015 835 2081 mortifer
848 2028 881 2080 et
891 2015 1058 2089 exitiosus;
1078 2027 1113 2080 ut
1125 2026 1154 2079 et
1163 2005 1263 2100 ignorarit

321 2123 477 2212 predictis
492 2125 591 2189 tribua
606 2123 893 2212 perturbationibus
908 2123 1014 2186 abdita
1030 2135 1065 2187 et
1079 2119 1218 2188 occultata.

366 2229 557 2295 Condendae
571 2241 731 2318 supererat
742 2229 850 2301 homo,
868 2228 977 2292 mundi
992 2228 1091 2317 hujus
1103 2224 1224 2294 inferiori
1233 2239 1265 2305 ptt

322 2334 466 2400 nouo.
493 2337 669 2402 roseata
694 2337 780 2402 nuno
803 2335 991 2424 Demiurge
1011 2361 1052 2404 οι
1076 2333 1154 2402 sustu
1174 2354 1202 2396 o
1218 2325 1265 2391 tu

324 2443 509 2515 substautias
529 2453 561 2508 et
576 2443 628 2508 hic
642 2443 737 2508 homo
753 2443 881 2509 choicus
897 2467 952 2508 scu
966 2455 1125 2519 terrenus,
1140 2442 1167 2508 in
1178 2433 1266 2526 perh

324 2553 465 2618 susslatus
479 2546 632 2623 animulis,
655 2561 690 2614 ut
704 2549 941 2618 similitudinem
955 2563 987 2616 et
1000 2541 1267 2640 imaginantem

323 2659 494 2726 exhiberet.
517 2655 745 2744 Circumposita
761 2657 834 2722 dein
854 2670 978 2724 terreno
994 2657 1126 2744 pellicea
1140 2653 1224 2721 turio,
1235 2647 1267 2708 let

323 2778 383 2842 cst,
402 2787 515 2853 corpus
529 2763 615 2851 quod
632 2763 662 2828 in
678 2783 804 2828 sensum
824 2763 917 2830 cedit.
939 2761 1055 2830 Parum
1073 2777 1152 2840 erut,
1170 2759 1212 2828 nisi
1223 2750 1269 2841 spir·

322 2872 415 2941 tuslis
429 2873 538 2947 homo,
549 2871 647 2937 inscio
662 2871 844 2959 Demiurgo,
861 2895 1006 2938 unacum
1022 2873 1119 2961 ipsius
1132 2863 1269 2937 insuutu

325 2984 484 3072 inspersus
498 3004 516 3046 a
531 2979 630 3046 Matre
644 2978 762 3044 suisset.
784 2977 899 3052 Semen
911 2980 989 3047 illud
1003 2979 1160 3070 spirituale
1175 2963 1270 3056 esttttl

323 3115 362 3160 ex
375 3089 567 3179 Angelorum
583 3087 845 3178 contemplatione
858 3089 990 3178 protulit
1006 3090 1189 3164 Achamoth,
1206 3084 1271 3148 beu

323 3200 398 3266 alias
412 3197 564 3273 Ecclesia,
579 3196 922 3287 speculum'supcrioris
933 3196 1091 3265 Ecclesiae.
1111 3191 1272 3286 rupturus

323 3311 355 3377 in
370 3331 434 3374 uno
448 3307 576 3373 homine
591 3305 699 3382 homo,
718 3331 773 3372 seu
789 3320 852 3374 tres
874 3307 965 3372 unius
984 3307 1183 3396 ejusdemque
1196 3293 1273 3368 bouill

323 3429 439 3507 partes,
458 3412 637 3489 materialis,
657 3413 811 3490 animalis,
834 3427 867 3480 et
884 3413 1065 3503 spiritualis,
1085 3435 1205 3506 quarum
1218 3407 1274 3487 dittt

323 3549 389 3594 sors
407 3537 439 3590 et
457 3522 566 3589 exitus.
588 3521 678 3586 Prior
697 3521 782 3586 omni
801 3521 1105 3611 incorruptibilitatis
1122 3523 1215 3588 alllatu
1226 3505 1276 3576 dell·

323 3645 422 3707 tutus,
443 3631 619 3698 necessario
638 3629 741 3717 perit:
760 3631 926 3719 posterior,
941 3632 1186 3720 quibuscumque
1202 3619 1253 3690 uul
1272 3635 1274 3641 ’

324 3739 447 3826 flagitiis
461 3762 499 3805 nc
513 3737 683 3806 sceleribus
703 3763 769 3806 sese
787 3741 958 3828 mancipet,
978 3751 1098 3808 eertum
1112 3739 1227 3806 salutem
1236 3723 1278 3794 roo·

326 3849 397 3938 pit:
417 3847 569 3924 animalis,
589 3850 670 3916 inter
688 3863 856 3938 utrumque
872 3848 1006 3925 medius,
1027 3849 1077 3916 rel
1096 3841 1246 3918 materialis,
1257 3827 1277 3895 tl
