2816 4610
234 233 291 276 ron
465 281 471 288 ,
633 235 843 280 arnauaoonu
927 295 930 300 ,

227 338 312 410 Deus
326 336 429 409 lacere
442 349 557 426 potest,
578 339 611 407 id
625 364 699 407 eum
713 339 792 406 velle
806 363 897 430 posse
912 341 1094 419 dicendum,
1113 355 1146 408 et
1161 347 1248 432 quod

228 442 307 510 velle
322 457 436 533 potest,
451 445 485 510 id
498 470 588 534 posse
606 447 721 524 lacere,
737 449 831 536 idque
847 473 885 514 eo
901 448 1030 538 dignum
1045 473 1122 516 esse.
1143 451 1249 541 Atque

228 551 321 621 aliam
336 554 463 640 quidem
477 577 544 620 esse
561 556 802 644 disputationem
816 556 855 622 de
870 558 1010 634 veritate,
1023 557 1116 623 aliam
1127 573 1187 647 pr'o
1202 585 1250 626 ve-

229 663 333 736 ritate,
345 674 377 726 et
392 662 424 727 in
439 687 502 751 quo
515 665 653 753 positum
664 667 703 730 sit
719 667 880 754 utriusque
893 666 1073 742 discrimen,
1086 678 1118 732 et
1134 669 1248 757 quihus

229 772 262 837 in
277 769 352 836 locis
368 782 399 836 et
415 773 499 860 apud
514 796 591 858 quos
605 772 731 850 utilitas,
745 775 816 838 satis
831 771 936 839 multis
952 797 1044 864 supra
1057 776 1250 842 demonstre-

228 880 339 944 vimus.
359 879 441 946 Nihil
457 891 562 946 autem
578 891 660 944 vetut
680 881 847 968 quominus
862 883 1038 946 communis
1059 885 1245 961 securitatis,

229 1001 262 1054 et
280 989 389 1054 eertum
409 1013 479 1076 quae
503 988 637 1053 diximus
653 1009 726 1052 cum
746 988 782 1052 iis
802 1013 871 1075 quae
892 989 1037 1055 dicentur
1053 987 1246 1057 cobaemntiae

230 1121 336 1172 causa,
350 1121 456 1162 rursus
471 1100 509 1162 ab
525 1098 573 1162 his
589 1097 661 1186 ipsis
673 1119 846 1186 eorumque
857 1098 1012 1185 adjunctis
1025 1100 1144 1164 initium
1154 1099 1247 1165 lacia-

230 1229 310 1280 mus.
325 1205 427 1294 Atque
443 1202 530 1268 alteri
546 1205 672 1292 quidem
686 1216 798 1269 natura
814 1207 958 1271 convenit
974 1207 1185 1296 principatum
1198 1219 1249 1272 te-

231 1337 320 1386 nerc;
342 1312 429 1378 alteri
450 1326 555 1378 autem
570 1313 703 1401 primam
721 1315 819 1378 instar
837 1314 976 1381 satellitis
997 1317 1153 1390 comitari,
1169 1317 1251 1382 riam

231 1431 382 1496 sternere,
394 1433 426 1485 et
441 1432 513 1485 ante
530 1421 682 1510 quidquid
693 1422 931 1488 incommodum
941 1425 981 1488 sit
992 1435 1047 1489 aut
1056 1435 1250 1513 praeruptum

230 1551 401 1596 removere.
420 1527 499 1593 Nam
520 1528 573 1615 qui
597 1528 636 1593 de
657 1529 786 1594 veritate
806 1553 909 1594 sermo
927 1531 1112 1608 instituitur,
1131 1533 1156 1597 is
1178 1555 1251 1599 cum

233 1639 380 1704 omnibus
395 1637 573 1703 hominihus
588 1638 628 1703 ad
638 1623 641 1628 ¹
652 1639 852 1704 securitatem
866 1651 898 1704 et
912 1638 1044 1706 salutem
1059 1641 1252 1706 necessarius

234 1748 285 1822 sit,
300 1757 332 1811 et
348 1756 458 1812 natura
474 1757 521 1812 est
536 1758 568 1811 et
582 1747 691 1811 ordine
702 1759 734 1810 et
746 1746 878 1811 utilitate
888 1749 1051 1838 princeps:
1065 1760 1176 1816 natura
1187 1751 1252 1837 qui·

233 1856 318 1932 dem,
334 1866 491 1922 utrorum
507 1857 717 1945 cognitionem
740 1857 890 1930 afferens3
911 1858 1032 1932 ordine,
1050 1871 1085 1922 ut
1100 1858 1131 1923 in
1146 1857 1204 1923 illis
1220 1869 1253 1922 et

233 1961 325 2029 simul
340 1985 414 2030 cum
435 1961 493 2028 illis
515 1962 662 2038 existens,
679 1985 814 2050 quorum
829 1974 877 2027 est
891 1963 986 2028 index
1000 1971 1032 2028 et
1047 1973 1255 2036 monstratore

236 2068 379 2144 utilitate,
403 2082 438 2132 ut
459 2069 633 2137 securitatis
655 2079 687 2134 et
705 2066 813 2132 salutis
829 2068 897 2132 iisa
919 2069 1032 2156 quibus
1054 2071 1255 2158 cognoscitur

233 2184 401 2262 sequester.
418 2173 482 2251 Qui
497 2185 603 2244 autem
618 2197 675 2260 pro
690 2174 818 2238 veritato
835 2174 1017 2260 suscipitur,
1029 2184 1133 2238 notura
1148 2185 1181 2238 et
1195 2197 1253 2262 po·

232 2293 344 2348 testate
364 2282 494 2360 inferior.
511 2294 574 2355 est;
593 2283 696 2350 nunus
717 2293 764 2346 est
785 2283 870 2346 enirn
899 2281 1092 2347 mendacium
1105 2305 1253 2371 'arguere

233 2415 329 2480 quam
352 2391 516 2456 veritatem
537 2390 733 2454 consumere.
759 2391 814 2456 Est
834 2389 929 2454 etiam
949 2390 1054 2455 ordine
1075 2392 1252 2478 posterior;

233 2502 297 2566 vim
309 2500 393 2565 enim
404 2520 493 2568 suam
505 2495 660 2583 depromit
672 2498 820 2562 adversus
832 2521 884 2563 eos
897 2499 950 2586 qui
961 2498 1043 2574 falsis
1055 2501 1258 2586 opinionibus

235 2610 424 2675 detinentur.
440 2603 529 2673 Falsa
542 2615 647 2674 autem
658 2605 764 2692 opinio
776 2628 814 2668 cx
825 2607 1004 2693 superjecto
1015 2607 1133 2670 semine
1144 2618 1176 2672 et
1187 2629 1256 2672 eor-

234 2716 379 2804 ruptione
394 2724 462 2776 orta
476 2720 533 2774 est.
556 2707 619 2774 Sed
636 2720 740 2775 tumen
757 2711 897 2798 quamvis
912 2712 979 2777 haec
996 2713 1037 2776 ita
1053 2735 1086 2776 se
1105 2711 1256 2788 habeant,

234 2849 315 2913 saepe
326 2821 538 2912 praemittitur,
547 2817 645 2908 litque
656 2820 816 2887 interdum
829 2819 933 2886 utilior
938 2846 948 2895 ;
958 2823 1073 2909 quippe
1081 2843 1156 2886 oum
1167 2831 1257 2887 eruat

234 2944 266 2998 et
282 2941 354 2996 anto
369 2937 520 3017 expurget
534 2928 767 3014 obstrepentem
782 2926 938 2992 nonnullis
954 2928 1206 2996 incredulitatem
1225 2943 1258 2996 et

236 3037 424 3107 insidentem
445 3038 481 3100 iis
504 3036 559 3122 qui,
578 3045 719 3102 recentes
740 3057 904 3100 accessere.
915 3035 1145 3102 dubitationem
1161 3050 1194 3102 et
1205 3037 1259 3101 l'nl·

236 3171 302 3212 sam
318 3146 508 3234 opinionem.
528 3143 631 3229 Atque
646 3143 687 3206 ad
701 3141 849 3206 eumdem
863 3140 991 3227 quidem
1007 3152 1139 3229 uterque
1154 3167 1265 3208 sermo¹

236 3259 331 3324 lincm
351 3255 484 3321 refertur
502 3251 561 3337 (ad
586 3252 732 3339 pictatem
753 3251 837 3322 enim
859 3247 993 3314 refertur
1007 3261 1076 3315 tum
1093 3253 1148 3338 qui
1166 3277 1262 3318 men-

240 3368 366 3432 dacium
387 3364 499 3452 arguit,
523 3373 591 3427 tum
606 3362 660 3448 qui
675 3361 836 3426 veritatem
850 3359 1050 3449 confirmat),
1071 3384 1135 3426 non
1151 3372 1264 3428 temen

238 3477 365 3541 omnino
382 3496 480 3538 unum
498 3482 530 3536 et
549 3471 633 3535 idem
654 3485 747 3535 sunt:
767 3471 888 3535 sedhic
906 3471 1110 3544 necessarius,
1128 3482 1165 3535 ut
1181 3472 1261 3546 dixi,

238 3585 384 3649 omnibus
400 3580 602 3648 credentibus
618 3602 655 3644 ao
675 3579 811 3643 veritatis
827 3589 859 3643 et
878 3578 983 3643 salutis
1000 3601 1062 3644 suae
1078 3601 1188 3644 euram
1203 3601 1264 3668 ge-

239 3693 395 3762 rentibus;
424 3692 481 3755 iste
510 3689 668 3755 interdum
690 3687 846 3754 nonnullis
869 3699 901 3752 et
923 3689 1071 3756 adversus
1091 3685 1265 3753 nonnullos

235 3800 433 3870 srtrctuosio'r.
453 3799 556 3888 Atque
571 3801 639 3866 haec
655 3800 780 3887 quidem
797 3799 976 3864 summatim
989 3799 1070 3866 diota
1085 3798 1147 3872 sint
1159 3798 1201 3863 ad
1214 3821 1269 3866 rea
