<?xml version="1.0" encoding="UTF-8"?>
<!DOCTYPE html PUBLIC "-//W3C//DTD XHTML 1.0 Transitional//EN"
    "http://www.w3.org/TR/xhtml1/DTD/xhtml1-transitional.dtd">
<html xmlns="http://www.w3.org/1999/xhtml" xml:lang="en" lang="en">
 <head>
  <title>
</title>
<meta http-equiv="Content-Type" content="text/html;charset=utf-8" />
  <meta name='ocr-system' content='tesseract 3.04.00' />
  <meta name='ocr-capabilities' content='ocr_page ocr_carea ocr_par ocr_line ocrx_word'/>
</head>
<body>
  <div class='ocr_page' id='page_1' title='image "./collectioselect02guilgoog_0733.png"; bbox 0 0 2646 4628; ppageno 0'>
   <div class='ocr_carea' id='block_1_1' title="bbox 228 229 1026 294">
    <p class='ocr_par' dir='ltr' id='par_1_1' title="bbox 228 229 1026 294">
     <span class='ocr_line' id='line_1_1' title="bbox 228 229 1026 294; baseline -0.003 0"><span class='ocrx_word' id='word_1_1' title='bbox 228 229 288 294; x_wconf 72' lang='lat' dir='ltr'><strong>aio</strong></span> <span class='ocrx_word' id='word_1_2' title='bbox 546 249 657 294; x_wconf 76' lang='lat' dir='ltr'><strong>sanari</strong></span> <span class='ocrx_word' id='word_1_3' title='bbox 681 249 792 294; x_wconf 78' lang='lat' dir='ltr'><strong>ananau</strong></span> <span class='ocrx_word' id='word_1_4' title='bbox 815 251 874 294; x_wconf 74' lang='lat' dir='ltr'><strong>tra.</strong></span> <span class='ocrx_word' id='word_1_5' title='bbox 901 253 910 293; x_wconf 85' lang='lat' dir='ltr'><strong>t</strong></span> <span class='ocrx_word' id='word_1_6' title='bbox 1018 283 1026 292; x_wconf 91' lang='lat'>.</span> 
     </span>
    </p>
   </div>
   <div class='ocr_carea' id='block_1_2' title="bbox 224 329 1251 448">
    <p class='ocr_par' dir='ltr' id='par_1_2' title="bbox 224 329 1251 448">
     <span class='ocr_line' id='line_1_2' title="bbox 224 329 1251 448; baseline -0.008 -20"><span class='ocrx_word' id='word_1_7' title='bbox 224 359 397 429; x_wconf 85' lang='lat' dir='ltr'><strong>secundum</strong></span> <span class='ocrx_word' id='word_1_8' title='bbox 412 329 512 448; x_wconf 64' lang='lat' dir='ltr'><strong>Logos</strong></span> <span class='ocrx_word' id='word_1_9' title='bbox 527 381 601 426; x_wconf 90' lang='lat' dir='ltr'><strong>cum</strong></span> <span class='ocrx_word' id='word_1_10' title='bbox 615 357 692 436; x_wconf 89' lang='lat' dir='ltr'><strong>Zoe,</strong></span> <span class='ocrx_word' id='word_1_11' title='bbox 708 361 861 448; x_wconf 79' lang='lat' dir='ltr'><strong>posterius</strong></span> <span class='ocrx_word' id='word_1_12' title='bbox 876 361 979 424; x_wconf 83' lang='lat' dir='ltr'><strong>Homo</strong></span> <span class='ocrx_word' id='word_1_13' title='bbox 993 379 1072 424; x_wconf 92' lang='lat' dir='ltr'><strong>oum</strong></span> <span class='ocrx_word' id='word_1_14' title='bbox 1087 355 1251 422; x_wconf 74' lang='lat' dir='ltr'><strong>Ecclesia.</strong></span> 
     </span>
    </p>
   </div>
   <div class='ocr_carea' id='block_1_3' title="bbox 159 465 1268 3910">
    <p class='ocr_par' dir='ltr' id='par_1_3' title="bbox 223 465 1260 3041">
     <span class='ocr_line' id='line_1_3' title="bbox 269 465 1256 556; baseline -0.003 -25"><span class='ocrx_word' id='word_1_15' title='bbox 269 467 418 546; x_wconf 81' lang='lat' dir='ltr'><strong>Quamvis</strong></span> <span class='ocrx_word' id='word_1_16' title='bbox 429 478 534 532; x_wconf 88' lang='lat' dir='ltr'><strong>autem</strong></span> <span class='ocrx_word' id='word_1_17' title='bbox 546 467 600 532; x_wconf 91' lang='lat' dir='ltr'><strong>uni</strong></span> <span class='ocrx_word' id='word_1_18' title='bbox 612 480 643 533; x_wconf 92' lang='lat' dir='ltr'><strong>et</strong></span> <span class='ocrx_word' id='word_1_19' title='bbox 654 467 757 533; x_wconf 82' lang='lat' dir='ltr'><strong>eidem</strong></span> <span class='ocrx_word' id='word_1_20' title='bbox 768 467 876 556; x_wconf 78' lang='lat' dir='ltr'><strong>stipiti,</strong></span> <span class='ocrx_word' id='word_1_21' title='bbox 887 467 994 553; x_wconf 85' lang='lat' dir='ltr'><strong>Bytho</strong></span> <span class='ocrx_word' id='word_1_22' title='bbox 1006 466 1185 539; x_wconf 85' lang='lat' dir='ltr'><strong>nimirum,</strong></span> <span class='ocrx_word' id='word_1_23' title='bbox 1198 465 1256 528; x_wconf 79' lang='lat' dir='ltr'><strong>ori</strong></span> 
     </span>
     <span class='ocr_line' id='line_1_4' title="bbox 225 573 1254 664; baseline -0.005 -24"><span class='ocrx_word' id='word_1_24' title='bbox 225 575 329 664; x_wconf 67' lang='lat' dir='ltr'><strong>pluent</strong></span> <span class='ocrx_word' id='word_1_25' title='bbox 340 575 667 664; x_wconf 81' lang='lat' dir='ltr'><strong>acceptamrelarrent</strong></span> <span class='ocrx_word' id='word_1_26' title='bbox 678 573 793 641; x_wconf 83' lang='lat' dir='ltr'><strong>AEones</strong></span> <span class='ocrx_word' id='word_1_27' title='bbox 804 597 925 654; x_wconf 84' lang='lat' dir='ltr'><strong>omnes,</strong></span> <span class='ocrx_word' id='word_1_28' title='bbox 941 597 1006 640; x_wconf 88' lang='lat' dir='ltr'><strong>non</strong></span> <span class='ocrx_word' id='word_1_29' title='bbox 1018 597 1085 638; x_wconf 90' lang='lat' dir='ltr'><strong>una</strong></span> <span class='ocrx_word' id='word_1_30' title='bbox 1098 583 1215 638; x_wconf 67' lang='lat' dir='ltr'><strong>umen</strong></span> <span class='ocrx_word' id='word_1_31' title='bbox 1226 583 1254 635; x_wconf 87' lang='lat' dir='ltr'><strong>et</strong></span> 
     </span>
     <span class='ocr_line' id='line_1_5' title="bbox 225 679 1252 770; baseline -0.004 -22"><span class='ocrx_word' id='word_1_32' title='bbox 225 682 336 748; x_wconf 85' lang='lat' dir='ltr'><strong>eadem</strong></span> <span class='ocrx_word' id='word_1_33' title='bbox 351 681 410 748; x_wconf 88' lang='lat' dir='ltr'><strong>luit</strong></span> <span class='ocrx_word' id='word_1_34' title='bbox 426 683 566 748; x_wconf 90' lang='lat' dir='ltr'><strong>omnium</strong></span> <span class='ocrx_word' id='word_1_35' title='bbox 583 682 735 758; x_wconf 87' lang='lat' dir='ltr'><strong>conditio,</strong></span> <span class='ocrx_word' id='word_1_36' title='bbox 755 682 810 747; x_wconf 87' lang='lat' dir='ltr'><strong>sed</strong></span> <span class='ocrx_word' id='word_1_37' title='bbox 828 682 941 770; x_wconf 89' lang='lat' dir='ltr'><strong>dispar.</strong></span> <span class='ocrx_word' id='word_1_38' title='bbox 963 679 1028 746; x_wconf 91' lang='lat' dir='ltr'><strong>Soli</strong></span> <span class='ocrx_word' id='word_1_39' title='bbox 1051 681 1118 756; x_wconf 88' lang='lat' dir='ltr'><strong>No,</strong></span> <span class='ocrx_word' id='word_1_40' title='bbox 1146 692 1252 769; x_wconf 78' lang='lat' dir='ltr'><strong>utpote</strong></span> 
     </span>
     <span class='ocr_line' id='line_1_6' title="bbox 223 785 1251 880; baseline -0.003 -26"><span class='ocrx_word' id='word_1_41' title='bbox 223 791 444 880; x_wconf 77' lang='lat' dir='ltr'><strong>primogenito,</strong></span> <span class='ocrx_word' id='word_1_42' title='bbox 463 789 584 856; x_wconf 81' lang='lat' dir='ltr'><strong>indulta</strong></span> <span class='ocrx_word' id='word_1_43' title='bbox 602 789 738 878; x_wconf 86' lang='lat' dir='ltr'><strong>perlecta</strong></span> <span class='ocrx_word' id='word_1_44' title='bbox 757 811 832 857; x_wconf 90' lang='lat' dir='ltr'><strong>oum</strong></span> <span class='ocrx_word' id='word_1_45' title='bbox 847 789 952 877; x_wconf 80' lang='lat' dir='ltr'><strong>Bytho</strong></span> <span class='ocrx_word' id='word_1_46' title='bbox 967 789 1182 860; x_wconf 67' lang='lat' dir='ltr'><strong>communior</strong></span> <span class='ocrx_word' id='word_1_47' title='bbox 1199 785 1251 853; x_wconf 79' lang='lat' dir='ltr'><strong>soli</strong></span> 
     </span>
     <span class='ocr_line' id='line_1_7' title="bbox 224 893 1253 987; baseline -0.005 -25"><span class='ocrx_word' id='word_1_48' title='bbox 224 898 329 985; x_wconf 83' lang='lat' dir='ltr'><strong>pervia</strong></span> <span class='ocrx_word' id='word_1_49' title='bbox 350 898 445 985; x_wconf 88' lang='lat' dir='ltr'><strong>hujus</strong></span> <span class='ocrx_word' id='word_1_50' title='bbox 466 898 662 987; x_wconf 77' lang='lat' dir='ltr'><strong>magnitudo,</strong></span> <span class='ocrx_word' id='word_1_51' title='bbox 684 897 803 963; x_wconf 81' lang='lat' dir='ltr'><strong>oaeteris</strong></span> <span class='ocrx_word' id='word_1_52' title='bbox 822 897 990 963; x_wconf 85' lang='lat' dir='ltr'><strong>inaccessa.</strong></span> <span class='ocrx_word' id='word_1_53' title='bbox 1015 895 1104 961; x_wconf 85' lang='lat' dir='ltr'><strong>ilinc</strong></span> <span class='ocrx_word' id='word_1_54' title='bbox 1130 897 1167 960; x_wconf 91' lang='lat' dir='ltr'><strong>in</strong></span> <span class='ocrx_word' id='word_1_55' title='bbox 1189 893 1253 958; x_wconf 85' lang='lat' dir='ltr'><strong>aliis</strong></span> 
     </span>
     <span class='ocr_line' id='line_1_8' title="bbox 225 1003 1252 1095; baseline -0.003 -25"><span class='ocrx_word' id='word_1_56' title='bbox 225 1006 373 1072; x_wconf 86' lang='lat' dir='ltr'><strong>omnibus</strong></span> <span class='ocrx_word' id='word_1_57' title='bbox 384 1005 592 1095; x_wconf 85' lang='lat' dir='ltr'><strong>cognoscendi</strong></span> <span class='ocrx_word' id='word_1_58' title='bbox 604 1005 703 1072; x_wconf 87' lang='lat' dir='ltr'><strong>Patris</strong></span> <span class='ocrx_word' id='word_1_59' title='bbox 717 1016 822 1081; x_wconf 79' lang='lat' dir='ltr'><strong>aestus,</strong></span> <span class='ocrx_word' id='word_1_60' title='bbox 838 1028 875 1071; x_wconf 89' lang='lat' dir='ltr'><strong>ac</strong></span> <span class='ocrx_word' id='word_1_61' title='bbox 885 1005 1125 1093; x_wconf 88' lang='lat' dir='ltr'><strong>propemodum</strong></span> <span class='ocrx_word' id='word_1_62' title='bbox 1137 1003 1174 1068; x_wconf 92' lang='lat' dir='ltr'><strong>in</strong></span> <span class='ocrx_word' id='word_1_63' title='bbox 1186 1003 1252 1069; x_wconf 82' lang='lat' dir='ltr'><strong>Ntm</strong></span> 
     </span>
     <span class='ocr_line' id='line_1_9' title="bbox 225 1111 1253 1202; baseline -0.003 -25"><span class='ocrx_word' id='word_1_64' title='bbox 225 1111 348 1178; x_wconf 77' lang='lat' dir='ltr'><strong>invidiae</strong></span> <span class='ocrx_word' id='word_1_65' title='bbox 358 1111 453 1188; x_wconf 73' lang='lat' dir='ltr'><strong>livor:</strong></span> <span class='ocrx_word' id='word_1_66' title='bbox 470 1115 572 1202; x_wconf 87' lang='lat' dir='ltr'><strong>major</strong></span> <span class='ocrx_word' id='word_1_67' title='bbox 581 1137 655 1180; x_wconf 81' lang='lat' dir='ltr'><strong>varo</strong></span> <span class='ocrx_word' id='word_1_68' title='bbox 666 1114 697 1178; x_wconf 90' lang='lat' dir='ltr'><strong>in&#39;</strong></span> <span class='ocrx_word' id='word_1_69' title='bbox 708 1114 872 1179; x_wconf 80' lang='lat' dir='ltr'><strong>novissima</strong></span> <span class='ocrx_word' id='word_1_70' title='bbox 882 1111 1021 1179; x_wconf 81' lang='lat' dir='ltr'><strong>AEonum</strong></span> <span class='ocrx_word' id='word_1_71' title='bbox 1031 1112 1175 1200; x_wconf 81' lang='lat' dir='ltr'><strong>Sophia,</strong></span> <span class='ocrx_word' id='word_1_72' title='bbox 1188 1134 1253 1200; x_wconf 76' lang='lat' dir='ltr'><strong>qne</strong></span> 
     </span>
     <span class='ocr_line' id='line_1_10' title="bbox 224 1219 1252 1312; baseline -0.002 -28"><span class='ocrx_word' id='word_1_73' title='bbox 224 1219 377 1310; x_wconf 79' lang='lat' dir='ltr'><strong>praecipiti</strong></span> <span class='ocrx_word' id='word_1_74' title='bbox 391 1221 602 1312; x_wconf 77' lang='lat' dir='ltr'><strong>exquisitionis</strong></span> <span class='ocrx_word' id='word_1_75' title='bbox 614 1221 733 1310; x_wconf 91' lang='lat' dir='ltr'><strong>impetu</strong></span> <span class='ocrx_word' id='word_1_76' title='bbox 745 1219 818 1295; x_wconf 89' lang='lat' dir='ltr'><strong>lata,</strong></span> <span class='ocrx_word' id='word_1_77' title='bbox 835 1222 981 1308; x_wconf 85' lang='lat' dir='ltr'><strong>absorpta</strong></span> <span class='ocrx_word' id='word_1_78' title='bbox 995 1219 1061 1283; x_wconf 84' lang='lat' dir='ltr'><strong>lere</strong></span> <span class='ocrx_word' id='word_1_79' title='bbox 1078 1219 1210 1292; x_wconf 85' lang='lat' dir='ltr'><strong>luisset,</strong></span> <span class='ocrx_word' id='word_1_80' title='bbox 1225 1231 1252 1282; x_wconf 85' lang='lat' dir='ltr'><strong>et</strong></span> 
     </span>
     <span class='ocr_line' id='line_1_11' title="bbox 224 1327 1251 1416; baseline -0.001 -22"><span class='ocrx_word' id='word_1_81' title='bbox 224 1329 258 1394; x_wconf 94' lang='lat' dir='ltr'><strong>in</strong></span> <span class='ocrx_word' id='word_1_82' title='bbox 274 1329 449 1394; x_wconf 81' lang='lat' dir='ltr'><strong>universam</strong></span> <span class='ocrx_word' id='word_1_83' title='bbox 463 1329 668 1395; x_wconf 75' lang='lat' dir='ltr'><strong>substantiam</strong></span> <span class='ocrx_word' id='word_1_84' title='bbox 683 1328 842 1416; x_wconf 87' lang='lat' dir='ltr'><strong>dissipata,</strong></span> <span class='ocrx_word' id='word_1_85' title='bbox 857 1327 916 1392; x_wconf 91' lang='lat' dir='ltr'><strong>nisi</strong></span> <span class='ocrx_word' id='word_1_86' title='bbox 931 1327 1124 1414; x_wconf 78' lang='lat' dir='ltr'><strong>tempestive</strong></span> <span class='ocrx_word' id='word_1_87' title='bbox 1140 1349 1251 1393; x_wconf 83' lang='lat' dir='ltr'><strong>occur-</strong></span> 
     </span>
     <span class='ocr_line' id='line_1_12' title="bbox 226 1433 1253 1524; baseline -0.004 -22"><span class='ocrx_word' id='word_1_88' title='bbox 226 1436 317 1502; x_wconf 86' lang='lat' dir='ltr'><strong>risset</strong></span> <span class='ocrx_word' id='word_1_89' title='bbox 330 1436 428 1512; x_wconf 85' lang='lat' dir='ltr'><strong>Horo,</strong></span> <span class='ocrx_word' id='word_1_90' title='bbox 447 1437 480 1501; x_wconf 92' lang='lat' dir='ltr'><strong>id</strong></span> <span class='ocrx_word' id='word_1_91' title='bbox 497 1447 556 1512; x_wconf 87' lang='lat' dir='ltr'><strong>ast,</strong></span> <span class='ocrx_word' id='word_1_92' title='bbox 572 1435 733 1509; x_wconf 84' lang='lat' dir='ltr'><strong>Termino,</strong></span> <span class='ocrx_word' id='word_1_93' title='bbox 749 1435 865 1502; x_wconf 77' lang='lat' dir='ltr'><strong>Virtuti</strong></span> <span class='ocrx_word' id='word_1_94' title='bbox 879 1433 922 1500; x_wconf 95' lang='lat' dir='ltr'><strong>illi</strong></span> <span class='ocrx_word' id='word_1_95' title='bbox 938 1435 977 1500; x_wconf 83' lang='lat' dir='ltr'><strong>ab</strong></span> <span class='ocrx_word' id='word_1_96' title='bbox 994 1436 1085 1500; x_wconf 91' lang='lat' dir='ltr'><strong>omni</strong></span> <span class='ocrx_word' id='word_1_97' title='bbox 1102 1434 1253 1524; x_wconf 79' lang='lat' dir='ltr'><strong>conjugio</strong></span> 
     </span>
     <span class='ocr_line' id='line_1_13' title="bbox 225 1541 1253 1632; baseline -0.003 -21"><span class='ocrx_word' id='word_1_98' title='bbox 225 1543 344 1620; x_wconf 69' lang='lat' dir='ltr'><strong>libere,</strong></span> <span class='ocrx_word' id='word_1_99' title='bbox 363 1565 431 1631; x_wconf 79' lang='lat' dir='ltr'><strong>quae</strong></span> <span class='ocrx_word' id='word_1_100' title='bbox 449 1543 553 1608; x_wconf 90' lang='lat' dir='ltr'><strong>omnia</strong></span> <span class='ocrx_word' id='word_1_101' title='bbox 572 1541 673 1617; x_wconf 85' lang='lat' dir='ltr'><strong>lulcit,</strong></span> <span class='ocrx_word' id='word_1_102' title='bbox 692 1553 724 1608; x_wconf 88' lang='lat' dir='ltr'><strong>et</strong></span> <span class='ocrx_word' id='word_1_103' title='bbox 741 1553 828 1606; x_wconf 85' lang='lat' dir='ltr'><strong>extra</strong></span> <span class='ocrx_word' id='word_1_104' title='bbox 844 1542 1037 1608; x_wconf 81' lang='lat' dir='ltr'><strong>ineffabilem</strong></span> <span class='ocrx_word' id='word_1_105' title='bbox 1053 1543 1253 1632; x_wconf 81' lang='lat' dir='ltr'><strong>magnitudi-</strong></span> 
     </span>
     <span class='ocr_line' id='line_1_14' title="bbox 226 1649 1254 1738; baseline -0.002 -20"><span class='ocrx_word' id='word_1_106' title='bbox 226 1675 300 1718; x_wconf 90' lang='lat' dir='ltr'><strong>nem</strong></span> <span class='ocrx_word' id='word_1_107' title='bbox 311 1649 462 1724; x_wconf 79' lang='lat' dir='ltr'><strong>eustotlit3</strong></span> <span class='ocrx_word' id='word_1_108' title='bbox 481 1673 498 1714; x_wconf 91' lang='lat' dir='ltr'><strong>a</strong></span> <span class='ocrx_word' id='word_1_109' title='bbox 514 1669 575 1736; x_wconf 89' lang='lat' dir='ltr'><strong>qua</strong></span> <span class='ocrx_word' id='word_1_110' title='bbox 587 1649 716 1714; x_wconf 84' lang='lat' dir='ltr'><strong>demum</strong></span> <span class='ocrx_word' id='word_1_111' title='bbox 727 1671 881 1736; x_wconf 89' lang='lat' dir='ltr'><strong>repressa,</strong></span> <span class='ocrx_word' id='word_1_112' title='bbox 894 1649 1033 1726; x_wconf 78' lang='lat' dir='ltr'><strong>suffulta,</strong></span> <span class='ocrx_word' id='word_1_113' title='bbox 1052 1662 1085 1715; x_wconf 92' lang='lat' dir='ltr'><strong>et</strong></span> <span class='ocrx_word' id='word_1_114' title='bbox 1105 1651 1151 1715; x_wconf 88' lang='lat' dir='ltr'><strong>ad</strong></span> <span class='ocrx_word' id='word_1_115' title='bbox 1166 1651 1254 1738; x_wconf 79' lang='lat' dir='ltr'><strong>scip</strong></span> 
     </span>
     <span class='ocr_line' id='line_1_15' title="bbox 227 1754 1250 1846; baseline -0.003 -22"><span class='ocrx_word' id='word_1_116' title='bbox 227 1781 294 1824; x_wconf 87' lang='lat' dir='ltr'><strong>sam</strong></span> <span class='ocrx_word' id='word_1_117' title='bbox 304 1767 460 1833; x_wconf 85' lang='lat' dir='ltr'><strong>revocata,</strong></span> <span class='ocrx_word' id='word_1_118' title='bbox 472 1757 609 1844; x_wconf 90' lang='lat' dir='ltr'><strong>priorem</strong></span> <span class='ocrx_word' id='word_1_119' title='bbox 619 1755 839 1844; x_wconf 76' lang='lat' dir='ltr'><strong>cogitationem</strong></span> <span class='ocrx_word' id='word_1_120' title='bbox 849 1754 941 1820; x_wconf 91' lang='lat' dir='ltr'><strong>simul</strong></span> <span class='ocrx_word' id='word_1_121' title='bbox 951 1779 1073 1822; x_wconf 87' lang='lat' dir='ltr'><strong>cumea</strong></span> <span class='ocrx_word' id='word_1_122' title='bbox 1082 1759 1250 1846; x_wconf 58' lang='lat' dir='ltr'><strong>passione,</strong></span> 
     </span>
     <span class='ocr_line' id='line_1_16' title="bbox 229 1861 1252 1955; baseline -0.002 -23"><span class='ocrx_word' id='word_1_123' title='bbox 229 1891 297 1955; x_wconf 76' lang='lat' dir='ltr'><strong>quae</strong></span> <span class='ocrx_word' id='word_1_124' title='bbox 309 1889 348 1931; x_wconf 85' lang='lat' dir='ltr'><strong>ex</strong></span> <span class='ocrx_word' id='word_1_125' title='bbox 357 1865 513 1952; x_wconf 89' lang='lat' dir='ltr'><strong>stupendo</strong></span> <span class='ocrx_word' id='word_1_126' title='bbox 523 1861 577 1928; x_wconf 94' lang='lat' dir='ltr'><strong>illo</strong></span> <span class='ocrx_word' id='word_1_127' title='bbox 588 1861 739 1930; x_wconf 87' lang='lat' dir='ltr'><strong>miraculo</strong></span> <span class='ocrx_word' id='word_1_128' title='bbox 751 1873 819 1928; x_wconf 90' lang='lat' dir='ltr'><strong>orta</strong></span> <span class='ocrx_word' id='word_1_129' title='bbox 831 1874 910 1938; x_wconf 88' lang='lat' dir='ltr'><strong>erat,</strong></span> <span class='ocrx_word' id='word_1_130' title='bbox 924 1863 1051 1952; x_wconf 79' lang='lat' dir='ltr'><strong>ubjecit.</strong></span> <span class='ocrx_word' id='word_1_131' title='bbox 1072 1865 1119 1930; x_wconf 79' lang='lat' dir='ltr'><strong>As</strong></span> <span class='ocrx_word' id='word_1_132' title='bbox 1133 1865 1252 1930; x_wconf 82' lang='lat' dir='ltr'><strong>deside·</strong></span> 
     </span>
     <span class='ocr_line' id='line_1_17' title="bbox 227 1972 1254 2063; baseline -0.001 -22"><span class='ocrx_word' id='word_1_133' title='bbox 227 1977 275 2042; x_wconf 88' lang='lat' dir='ltr'><strong>rio</strong></span> <span class='ocrx_word' id='word_1_134' title='bbox 289 1977 334 2040; x_wconf 88' lang='lat' dir='ltr'><strong>rei</strong></span> <span class='ocrx_word' id='word_1_135' title='bbox 349 1972 546 2063; x_wconf 86' lang='lat' dir='ltr'><strong>impossibilis</strong></span> <span class='ocrx_word' id='word_1_136' title='bbox 557 1972 691 2062; x_wconf 77' lang='lat' dir='ltr'><strong>gravidae</strong></span> <span class='ocrx_word' id='word_1_137' title='bbox 703 1973 752 2038; x_wconf 83' lang='lat' dir='ltr'><strong>vix</strong></span> <span class='ocrx_word' id='word_1_138' title='bbox 763 1973 844 2060; x_wconf 90' lang='lat' dir='ltr'><strong>potis</strong></span> <span class='ocrx_word' id='word_1_139' title='bbox 854 1983 935 2048; x_wconf 88' lang='lat' dir='ltr'><strong>erat,</strong></span> <span class='ocrx_word' id='word_1_140' title='bbox 950 1974 1026 2062; x_wconf 82' lang='lat' dir='ltr'><strong>quin</strong></span> <span class='ocrx_word' id='word_1_141' title='bbox 1037 1974 1188 2062; x_wconf 88' lang='lat' dir='ltr'><strong>impetus</strong></span> <span class='ocrx_word' id='word_1_142' title='bbox 1202 1975 1254 2040; x_wconf 68' lang='lat' dir='ltr'><strong>alr</strong></span> 
     </span>
     <span class='ocr_line' id='line_1_18' title="bbox 228 2082 1253 2173; baseline -0.002 -23"><span class='ocrx_word' id='word_1_143' title='bbox 228 2097 334 2150; x_wconf 87' lang='lat' dir='ltr'><strong>ortum</strong></span> <span class='ocrx_word' id='word_1_144' title='bbox 349 2084 484 2150; x_wconf 81' lang='lat' dir='ltr'><strong>afferret.</strong></span> <span class='ocrx_word' id='word_1_145' title='bbox 505 2082 619 2148; x_wconf 82' lang='lat' dir='ltr'><strong>Attulit</strong></span> <span class='ocrx_word' id='word_1_146' title='bbox 633 2105 718 2158; x_wconf 85' lang='lat' dir='ltr'><strong>vero,</strong></span> <span class='ocrx_word' id='word_1_147' title='bbox 735 2082 1000 2168; x_wconf 89' lang='lat' dir='ltr'><strong>immaturumque</strong></span> <span class='ocrx_word' id='word_1_148' title='bbox 1014 2083 1120 2148; x_wconf 88' lang='lat' dir='ltr'><strong>letum</strong></span> <span class='ocrx_word' id='word_1_149' title='bbox 1138 2085 1253 2173; x_wconf 72' lang='lat' dir='ltr'><strong>abegit,</strong></span> 
     </span>
     <span class='ocr_line' id='line_1_19' title="bbox 229 2191 1255 2281; baseline 0.002 -25"><span class='ocrx_word' id='word_1_150' title='bbox 229 2193 435 2257; x_wconf 86' lang='lat' dir='ltr'><strong>substantiam</strong></span> <span class='ocrx_word' id='word_1_151' title='bbox 449 2191 593 2258; x_wconf 81' lang='lat' dir='ltr'><strong>videlicet</strong></span> <span class='ocrx_word' id='word_1_152' title='bbox 609 2191 791 2266; x_wconf 72' lang='lat' dir='ltr'><strong>informem</strong></span> <span class='ocrx_word' id='word_1_153' title='bbox 809 2193 900 2280; x_wconf 87' lang='lat' dir='ltr'><strong>cujus</strong></span> <span class='ocrx_word' id='word_1_154' title='bbox 915 2192 1060 2281; x_wconf 80' lang='lat' dir='ltr'><strong>generis?</strong></span> <span class='ocrx_word' id='word_1_155' title='bbox 1075 2191 1172 2259; x_wconf 86' lang='lat' dir='ltr'><strong>haud</strong></span> <span class='ocrx_word' id='word_1_156' title='bbox 1189 2196 1255 2260; x_wconf 84' lang='lat' dir='ltr'><strong>satis</strong></span> 
     </span>
     <span class='ocr_line' id='line_1_20' title="bbox 229 2298 1256 2390; baseline 0.003 -25"><span class='ocrx_word' id='word_1_157' title='bbox 229 2301 310 2365; x_wconf 85' lang='lat' dir='ltr'><strong>inter</strong></span> <span class='ocrx_word' id='word_1_158' title='bbox 328 2298 442 2365; x_wconf 77' lang='lat' dir='ltr'><strong>fabulae</strong></span> <span class='ocrx_word' id='word_1_159' title='bbox 460 2300 649 2366; x_wconf 88' lang='lat' dir='ltr'><strong>architectos</strong></span> <span class='ocrx_word' id='word_1_160' title='bbox 668 2301 887 2382; x_wconf 75' lang='lat' dir='ltr'><strong>eonveniebat,</strong></span> <span class='ocrx_word' id='word_1_161' title='bbox 908 2323 967 2366; x_wconf 91' lang='lat' dir='ltr'><strong>nee</strong></span> <span class='ocrx_word' id='word_1_162' title='bbox 985 2299 1077 2364; x_wconf 82' lang='lat' dir='ltr'><strong>Matri</strong></span> <span class='ocrx_word' id='word_1_163' title='bbox 1100 2301 1165 2390; x_wconf 89' lang='lat' dir='ltr'><strong>ipsi</strong></span> <span class='ocrx_word' id='word_1_164' title='bbox 1183 2325 1256 2368; x_wconf 90' lang='lat' dir='ltr'><strong>oon-</strong></span> 
     </span>
     <span class='ocr_line' id='line_1_21' title="bbox 229 2403 1257 2501; baseline 0.003 -26"><span class='ocrx_word' id='word_1_165' title='bbox 229 2410 340 2475; x_wconf 86' lang='lat' dir='ltr'><strong>stabat.</strong></span> <span class='ocrx_word' id='word_1_166' title='bbox 365 2409 442 2474; x_wconf 87' lang='lat' dir='ltr'><strong>lude</strong></span> <span class='ocrx_word' id='word_1_167' title='bbox 457 2409 577 2475; x_wconf 82' lang='lat' dir='ltr'><strong>miserae</strong></span> <span class='ocrx_word' id='word_1_168' title='bbox 592 2410 751 2486; x_wconf 86' lang='lat' dir='ltr'><strong>moestitia,</strong></span> <span class='ocrx_word' id='word_1_169' title='bbox 768 2403 874 2486; x_wconf 89' lang='lat' dir='ltr'><strong>timor,</strong></span> <span class='ocrx_word' id='word_1_170' title='bbox 893 2433 1079 2499; x_wconf 90' lang='lat' dir='ltr'><strong>summaque</strong></span> <span class='ocrx_word' id='word_1_171' title='bbox 1095 2409 1257 2501; x_wconf 77' lang='lat' dir='ltr'><strong>perplexi-</strong></span> 
     </span>
     <span class='ocr_line' id='line_1_22' title="bbox 228 2515 1258 2606; baseline 0.001 -23"><span class='ocrx_word' id='word_1_172' title='bbox 228 2529 288 2592; x_wconf 83' lang='lat' dir='ltr'><strong>tas,</strong></span> <span class='ocrx_word' id='word_1_173' title='bbox 306 2515 444 2604; x_wconf 84' lang='lat' dir='ltr'><strong>pristiuae</strong></span> <span class='ocrx_word' id='word_1_174' title='bbox 460 2515 654 2604; x_wconf 80' lang='lat' dir='ltr'><strong>cogitationis</strong></span> <span class='ocrx_word' id='word_1_175' title='bbox 673 2515 876 2604; x_wconf 83' lang='lat' dir='ltr'><strong>appendicus,</strong></span> <span class='ocrx_word' id='word_1_176' title='bbox 896 2518 1139 2606; x_wconf 84' lang='lat' dir='ltr'><strong>necessariaque</strong></span> <span class='ocrx_word' id='word_1_177' title='bbox 1159 2519 1258 2585; x_wconf 78' lang='lat' dir='ltr'><strong>velati</strong></span> 
     </span>
     <span class='ocr_line' id='line_1_23' title="bbox 229 2607 1257 2716; baseline -0.001 -24"><span class='ocrx_word' id='word_1_178' title='bbox 229 2625 441 2693; x_wconf 87' lang='lat' dir='ltr'><strong>consectaria:</strong></span> <span class='ocrx_word' id='word_1_179' title='bbox 460 2646 477 2688; x_wconf 89' lang='lat' dir='ltr'><strong>a</strong></span> <span class='ocrx_word' id='word_1_180' title='bbox 494 2623 605 2712; x_wconf 91' lang='lat' dir='ltr'><strong>quibus</strong></span> <span class='ocrx_word' id='word_1_181' title='bbox 620 2623 710 2699; x_wconf 87' lang='lat' dir='ltr'><strong>llari,</strong></span> <span class='ocrx_word' id='word_1_182' title='bbox 726 2647 822 2712; x_wconf 90' lang='lat' dir='ltr'><strong>quem</strong></span> <span class='ocrx_word' id='word_1_183' title='bbox 839 2607 984 2703; x_wconf 70' lang='lat' dir='ltr'><strong>dirimas,</strong></span> <span class='ocrx_word' id='word_1_184' title='bbox 1003 2645 1102 2715; x_wconf 88' lang='lat' dir='ltr'><strong>opera</strong></span> <span class='ocrx_word' id='word_1_185' title='bbox 1119 2650 1257 2716; x_wconf 85' lang='lat' dir='ltr'><strong>perpur-</strong></span> 
     </span>
     <span class='ocr_line' id='line_1_24' title="bbox 230 2729 1259 2824; baseline 0 -25"><span class='ocrx_word' id='word_1_186' title='bbox 230 2747 313 2824; x_wconf 81' lang='lat' dir='ltr'><strong>gata,</strong></span> <span class='ocrx_word' id='word_1_187' title='bbox 326 2732 475 2822; x_wconf 83' lang='lat' dir='ltr'><strong>conjugio</strong></span> <span class='ocrx_word' id='word_1_188' title='bbox 488 2731 617 2796; x_wconf 91' lang='lat' dir='ltr'><strong>demum</strong></span> <span class='ocrx_word' id='word_1_189' title='bbox 628 2753 665 2798; x_wconf 90' lang='lat' dir='ltr'><strong>ac</strong></span> <span class='ocrx_word' id='word_1_190' title='bbox 676 2729 844 2799; x_wconf 77' lang='lat' dir='ltr'><strong>Pleromati</strong></span> <span class='ocrx_word' id='word_1_191' title='bbox 855 2733 997 2800; x_wconf 85' lang='lat' dir='ltr'><strong>restituta</strong></span> <span class='ocrx_word' id='word_1_192' title='bbox 1009 2731 1084 2808; x_wconf 71' lang='lat' dir='ltr'><strong>tuin</strong></span> <span class='ocrx_word' id='word_1_193' title='bbox 1106 2735 1177 2823; x_wconf 88' lang='lat' dir='ltr'><strong>ipsa</strong></span> <span class='ocrx_word' id='word_1_194' title='bbox 1190 2736 1259 2823; x_wconf 83' lang='lat' dir='ltr'><strong>ejus</strong></span> 
     </span>
     <span class='ocr_line' id='line_1_25' title="bbox 229 2839 1260 2933; baseline -0.002 -25"><span class='ocrx_word' id='word_1_195' title='bbox 229 2841 427 2929; x_wconf 84' lang='lat' dir='ltr'><strong>Enthymesi‚</strong></span> <span class='ocrx_word' id='word_1_196' title='bbox 444 2841 585 2909; x_wconf 87' lang='lat' dir='ltr'><strong>abortivo</strong></span> <span class='ocrx_word' id='word_1_197' title='bbox 601 2839 653 2906; x_wconf 94' lang='lat' dir='ltr'><strong>illo</strong></span> <span class='ocrx_word' id='word_1_198' title='bbox 670 2839 735 2906; x_wconf 86' lang='lat' dir='ltr'><strong>leta</strong></span> <span class='ocrx_word' id='word_1_199' title='bbox 754 2841 861 2906; x_wconf 76' lang='lat' dir='ltr'><strong>forme</strong></span> <span class='ocrx_word' id='word_1_200' title='bbox 880 2863 918 2907; x_wconf 90' lang='lat' dir='ltr'><strong>ao</strong></span> <span class='ocrx_word' id='word_1_201' title='bbox 936 2841 1043 2930; x_wconf 76' lang='lat' dir='ltr'><strong>ligure</strong></span> <span class='ocrx_word' id='word_1_202' title='bbox 1059 2855 1212 2933; x_wconf 86' lang='lat' dir='ltr'><strong>experte,</strong></span> <span class='ocrx_word' id='word_1_203' title='bbox 1231 2855 1260 2908; x_wconf 86' lang='lat' dir='ltr'><strong>at</strong></span> 
     </span>
     <span class='ocr_line' id='line_1_26' title="bbox 231 2949 991 3041; baseline -0.008 -19"><span class='ocrx_word' id='word_1_204' title='bbox 231 2952 404 3041; x_wconf 74' lang='lat' dir='ltr'><strong>appendice</strong></span> <span class='ocrx_word' id='word_1_205' title='bbox 415 2952 564 3040; x_wconf 75' lang='lat' dir='ltr'><strong>passione</strong></span> <span class='ocrx_word' id='word_1_206' title='bbox 577 2961 664 3016; x_wconf 85' lang='lat' dir='ltr'><strong>extra</strong></span> <span class='ocrx_word' id='word_1_207' title='bbox 678 2949 821 3016; x_wconf 81' lang='lat' dir='ltr'><strong>Pleroma</strong></span> <span class='ocrx_word' id='word_1_208' title='bbox 830 2949 991 3038; x_wconf 81' lang='lat' dir='ltr'><strong>relegatis.</strong></span> 
     </span>
    </p>

    <p class='ocr_par' dir='ltr' id='par_1_4' title="bbox 159 3057 1268 3910">
     <span class='ocr_line' id='line_1_27' title="bbox 273 3057 1261 3136; baseline 0 -8"><span class='ocrx_word' id='word_1_209' title='bbox 273 3060 320 3128; x_wconf 85' lang='lat' dir='ltr'><strong>Na</strong></span> <span class='ocrx_word' id='word_1_210' title='bbox 335 3083 409 3126; x_wconf 83' lang='lat' dir='ltr'><strong>vero</strong></span> <span class='ocrx_word' id='word_1_211' title='bbox 424 3060 556 3127; x_wconf 90' lang='lat' dir='ltr'><strong>similem</strong></span> <span class='ocrx_word' id='word_1_212' title='bbox 570 3083 679 3127; x_wconf 85' lang='lat' dir='ltr'><strong>casum</strong></span> <span class='ocrx_word' id='word_1_213' title='bbox 693 3061 834 3126; x_wconf 89' lang='lat' dir='ltr'><strong>subirent</strong></span> <span class='ocrx_word' id='word_1_214' title='bbox 850 3061 956 3126; x_wconf 84' lang='lat' dir='ltr'><strong>caeteri</strong></span> <span class='ocrx_word' id='word_1_215' title='bbox 971 3057 1102 3136; x_wconf 83' lang='lat' dir='ltr'><strong>AEones,</strong></span> <span class='ocrx_word' id='word_1_216' title='bbox 1118 3059 1261 3128; x_wconf 87' lang='lat' dir='ltr'><strong>alterum</strong></span> 
     </span>
     <span class='ocr_line' id='line_1_28' title="bbox 229 3164 1263 3260; baseline 0 -26"><span class='ocrx_word' id='word_1_217' title='bbox 229 3191 287 3260; x_wconf 87' lang='lat' dir='ltr'><strong>par</strong></span> <span class='ocrx_word' id='word_1_218' title='bbox 298 3165 435 3233; x_wconf 86' lang='lat' dir='ltr'><strong>AEonum</strong></span> <span class='ocrx_word' id='word_1_219' title='bbox 446 3187 503 3255; x_wconf 88' lang='lat' dir='ltr'><strong>per</strong></span> <span class='ocrx_word' id='word_1_220' title='bbox 513 3165 716 3260; x_wconf 85' lang='lat' dir='ltr'><strong>Unigenitum</strong></span> <span class='ocrx_word' id='word_1_221' title='bbox 727 3188 892 3255; x_wconf 87' lang='lat' dir='ltr'><strong>supremus</strong></span> <span class='ocrx_word' id='word_1_222' title='bbox 902 3164 994 3232; x_wconf 89' lang='lat' dir='ltr'><strong>Pater</strong></span> <span class='ocrx_word' id='word_1_223' title='bbox 1004 3167 1137 3242; x_wconf 88' lang='lat' dir='ltr'><strong>emittit,</strong></span> <span class='ocrx_word' id='word_1_224' title='bbox 1152 3168 1263 3236; x_wconf 73' lang='lat' dir='ltr'><strong>Chris</strong></span> 
     </span>
     <span class='ocr_line' id='line_1_29' title="bbox 232 3273 1265 3365; baseline -0.001 -21"><span class='ocrx_word' id='word_1_225' title='bbox 232 3287 348 3344; x_wconf 90' lang='lat' dir='ltr'><strong>tumet</strong></span> <span class='ocrx_word' id='word_1_226' title='bbox 364 3276 517 3365; x_wconf 87' lang='lat' dir='ltr'><strong>Spiritum</strong></span> <span class='ocrx_word' id='word_1_227' title='bbox 536 3287 693 3351; x_wconf 84' lang='lat' dir='ltr'><strong>sunctum,</strong></span> <span class='ocrx_word' id='word_1_228' title='bbox 715 3299 732 3341; x_wconf 89' lang='lat' dir='ltr'><strong>a</strong></span> <span class='ocrx_word' id='word_1_229' title='bbox 753 3273 866 3363; x_wconf 85' lang='lat' dir='ltr'><strong>quibus</strong></span> <span class='ocrx_word' id='word_1_230' title='bbox 881 3273 933 3340; x_wconf 89' lang='lat' dir='ltr'><strong>alii</strong></span> <span class='ocrx_word' id='word_1_231' title='bbox 947 3276 1087 3341; x_wconf 89' lang='lat' dir='ltr'><strong>numeris</strong></span> <span class='ocrx_word' id='word_1_232' title='bbox 1105 3277 1265 3344; x_wconf 85' lang='lat' dir='ltr'><strong>omnibus</strong></span> 
     </span>
     <span class='ocr_line' id='line_1_30' title="bbox 159 3381 1267 3478; baseline -0.002 -23"><span class='ocrx_word' id='word_1_233' title='bbox 159 3436 160 3440; x_wconf 65' lang='lat'>,</span> <span class='ocrx_word' id='word_1_234' title='bbox 234 3384 478 3458; x_wconf 77' lang='lat' dir='ltr'><strong>absolverentur.</strong></span> <span class='ocrx_word' id='word_1_235' title='bbox 502 3381 618 3450; x_wconf 86' lang='lat' dir='ltr'><strong>Christi</strong></span> <span class='ocrx_word' id='word_1_236' title='bbox 638 3384 723 3478; x_wconf 84' lang='lat' dir='ltr'><strong>enim</strong></span> <span class='ocrx_word' id='word_1_237' title='bbox 740 3382 880 3449; x_wconf 85' lang='lat' dir='ltr'><strong>officium</strong></span> <span class='ocrx_word' id='word_1_238' title='bbox 899 3395 966 3468; x_wconf 84' lang='lat' dir='ltr'><strong>erat</strong></span> <span class='ocrx_word' id='word_1_239' title='bbox 985 3383 1102 3450; x_wconf 84' lang='lat' dir='ltr'><strong>AEones</strong></span> <span class='ocrx_word' id='word_1_240' title='bbox 1123 3385 1267 3453; x_wconf 90' lang='lat' dir='ltr'><strong>immen-</strong></span> 
     </span>
     <span class='ocr_line' id='line_1_31' title="bbox 163 3492 1265 3586; baseline 0.003 -27"><span class='ocrx_word' id='word_1_241' title='bbox 163 3563 171 3582; x_wconf 46' lang='grc'>,</span> <span class='ocrx_word' id='word_1_242' title='bbox 234 3515 301 3560; x_wconf 88' lang='lat' dir='ltr'><strong>sam</strong></span> <span class='ocrx_word' id='word_1_243' title='bbox 318 3493 418 3560; x_wconf 85' lang='lat' dir='ltr'><strong>Patris</strong></span> <span class='ocrx_word' id='word_1_244' title='bbox 435 3493 633 3561; x_wconf 87' lang='lat' dir='ltr'><strong>altitudinem</strong></span> <span class='ocrx_word' id='word_1_245' title='bbox 647 3492 792 3569; x_wconf 80' lang='lat' dir='ltr'><strong>edocere,</strong></span> <span class='ocrx_word' id='word_1_246' title='bbox 812 3493 898 3582; x_wconf 92' lang='lat' dir='ltr'><strong>quod</strong></span> <span class='ocrx_word' id='word_1_247' title='bbox 912 3516 1025 3582; x_wconf 89' lang='lat' dir='ltr'><strong>nempe</strong></span> <span class='ocrx_word' id='word_1_248' title='bbox 1041 3517 1102 3560; x_wconf 89' lang='lat' dir='ltr'><strong>nec</strong></span> <span class='ocrx_word' id='word_1_249' title='bbox 1118 3497 1265 3586; x_wconf 89' lang='lat' dir='ltr'><strong>percipi,</strong></span> 
     </span>
     <span class='ocr_line' id='line_1_32' title="bbox 234 3601 1266 3694; baseline 0.002 -26"><span class='ocrx_word' id='word_1_250' title='bbox 234 3622 295 3668; x_wconf 84' lang='lat' dir='ltr'><strong>nec</strong></span> <span class='ocrx_word' id='word_1_251' title='bbox 316 3601 457 3691; x_wconf 83' lang='lat' dir='ltr'><strong>intelligi,</strong></span> <span class='ocrx_word' id='word_1_252' title='bbox 478 3624 538 3668; x_wconf 88' lang='lat' dir='ltr'><strong>neo</strong></span> <span class='ocrx_word' id='word_1_253' title='bbox 555 3601 689 3690; x_wconf 83' lang='lat' dir='ltr'><strong>denique</strong></span> <span class='ocrx_word' id='word_1_254' title='bbox 708 3602 794 3668; x_wconf 89' lang='lat' dir='ltr'><strong>cerni</strong></span> <span class='ocrx_word' id='word_1_255' title='bbox 812 3613 867 3666; x_wconf 88' lang='lat' dir='ltr'><strong>aut</strong></span> <span class='ocrx_word' id='word_1_256' title='bbox 885 3601 998 3679; x_wconf 86' lang='lat' dir='ltr'><strong>audiri,</strong></span> <span class='ocrx_word' id='word_1_257' title='bbox 1022 3603 1081 3668; x_wconf 91' lang='lat' dir='ltr'><strong>nisi</strong></span> <span class='ocrx_word' id='word_1_258' title='bbox 1103 3603 1266 3694; x_wconf 80' lang='lat' dir='ltr'><strong>lllonoge-</strong></span> 
     </span>
     <span class='ocr_line' id='line_1_33' title="bbox 234 3706 1268 3798; baseline 0.003 -21"><span class='ocrx_word' id='word_1_259' title='bbox 234 3711 283 3777; x_wconf 90' lang='lat' dir='ltr'><strong>nis</strong></span> <span class='ocrx_word' id='word_1_260' title='bbox 297 3709 464 3785; x_wconf 78' lang='lat' dir='ltr'><strong>beneficio,</strong></span> <span class='ocrx_word' id='word_1_261' title='bbox 484 3721 597 3798; x_wconf 88' lang='lat' dir='ltr'><strong>posset.</strong></span> <span class='ocrx_word' id='word_1_262' title='bbox 622 3706 756 3798; x_wconf 85' lang='lat' dir='ltr'><strong>Spiritus</strong></span> <span class='ocrx_word' id='word_1_263' title='bbox 774 3733 848 3776; x_wconf 86' lang='lat' dir='ltr'><strong>vero</strong></span> <span class='ocrx_word' id='word_1_264' title='bbox 866 3721 991 3776; x_wconf 88' lang='lat' dir='ltr'><strong>sanetus</strong></span> <span class='ocrx_word' id='word_1_265' title='bbox 1008 3734 1062 3776; x_wconf 89' lang='lat' dir='ltr'><strong>eos</strong></span> <span class='ocrx_word' id='word_1_266' title='bbox 1079 3733 1196 3780; x_wconf 88' lang='lat' dir='ltr'><strong>omnes</strong></span> <span class='ocrx_word' id='word_1_267' title='bbox 1221 3716 1268 3780; x_wconf 88' lang='lat' dir='ltr'><strong>in-</strong></span> 
     </span>
     <span class='ocr_line' id='line_1_34' title="bbox 236 3817 1267 3910; baseline 0.004 -26"><span class='ocrx_word' id='word_1_268' title='bbox 236 3832 285 3885; x_wconf 90' lang='lat' dir='ltr'><strong>ter</strong></span> <span class='ocrx_word' id='word_1_269' title='bbox 300 3841 333 3884; x_wconf 86' lang='lat' dir='ltr'><strong>se</strong></span> <span class='ocrx_word' id='word_1_270' title='bbox 349 3829 537 3905; x_wconf 66' lang='lat' dir='ltr'><strong>exaequatos,</strong></span> <span class='ocrx_word' id='word_1_271' title='bbox 554 3817 667 3905; x_wconf 81' lang='lat' dir='ltr'><strong>gratias</strong></span> <span class='ocrx_word' id='word_1_272' title='bbox 684 3839 776 3905; x_wconf 79' lang='lat' dir='ltr'><strong>agere</strong></span> <span class='ocrx_word' id='word_1_273' title='bbox 793 3817 913 3894; x_wconf 86' lang='lat' dir='ltr'><strong>docuit,</strong></span> <span class='ocrx_word' id='word_1_274' title='bbox 932 3841 969 3884; x_wconf 88' lang='lat' dir='ltr'><strong>ao</strong></span> <span class='ocrx_word' id='word_1_275' title='bbox 988 3839 1096 3885; x_wconf 85' lang='lat' dir='ltr'><strong>veram</strong></span> <span class='ocrx_word' id='word_1_276' title='bbox 1114 3821 1267 3910; x_wconf 88' lang='lat' dir='ltr'><strong>requiem</strong></span> 
     </span>
    </p>
   </div>
   <div class='ocr_carea' id='block_1_4' title="bbox 0 0 1337 4628">
    <p class='ocr_par' dir='ltr' id='par_1_5' title="bbox 0 0 1337 4628">
     <span class='ocr_line' id='line_1_35' title="bbox 0 0 1337 4628; baseline 0 0"><span class='ocrx_word' id='word_1_277' title='bbox 0 0 1337 4628; x_wconf 95' lang='lat' dir='ltr'><strong> </strong></span> 
     </span>
    </p>
   </div>
  </div>
 </body>
</html>
