2684 4638
242 263 305 330 516
559 279 672 326 senari
697 281 811 326 ranam
834 281 895 324 tm.
923 280 961 323 111

286 389 346 455 Cui
358 388 548 454 ordinationi
560 389 734 453 assentiunt
748 385 856 452 multat
869 397 980 475 gentes
992 383 1228 456 barbarorum,
1239 407 1274 447 oo
1312 381 1313 414 l

242 523 315 564 rum
337 498 445 586 quiin
468 497 633 562 Christum
654 495 801 572 credunt,
826 496 893 561 sine
915 493 1029 561 charte
1053 481 1088 557 et
1112 505 1277 557 atramento

244 609 393 696 scriptam
412 607 565 672 habentes
584 629 643 696 per
661 605 865 695 Spiritumtn
884 602 1040 671 cordibus
1059 602 1129 667 suis
1147 599 1278 672 salutern,

244 712 276 784 el
299 729 438 782 veterem
458 715 661 781 traditionem
681 713 848 804 diligenter
866 711 1109 784 custodientes;
1134 709 1171 774 in
1198 733 1278 773 unun

243 827 347 892 Deum
358 824 524 891 credentes
534 825 757 890 fabricatorem
769 822 841 890 coeli
852 835 885 886 et
895 834 1002 896 terrae,
1014 832 1051 885 et
1062 819 1217 885 omnium
1227 843 1278 907 qne

244 934 277 1000 in
294 935 338 998 eis
355 945 441 1009 sunt,
462 957 519 1022 per
536 935 700 1000 Christum
714 933 825 998 desum
840 933 900 998 Dei
918 929 1040 997 Filium
1058 953 1067 994 ε
1090 930 1152 1017 qni
1167 943 1279 1017 propter

244 1042 524 1108 eminentissimam
545 1065 618 1131 erga
643 1041 831 1131 figmentum
853 1063 948 1106 suum
970 1036 1207 1113 dilectionem,
1229 1062 1278 1101 een
1311 1063 1312 1116 i

247 1173 317 1240 qum
335 1161 417 1215 esset
441 1173 481 1216 ex
497 1149 627 1239 Virgine
650 1150 887 1238 generationem
907 1147 1077 1221 sustinuit,
1100 1147 1174 1234 ipse
1193 1169 1245 1235 per
1258 1171 1279 1210 s
1311 1185 1312 1194 κ

246 1257 410 1325 hominem
425 1259 567 1324 adunans
582 1259 664 1333 Deo,
681 1270 714 1322 et
730 1279 839 1344 passus
853 1258 911 1323 sub
927 1255 1045 1330 Pontio
1062 1254 1191 1330 Pilato,
1205 1267 1236 1320 et
1249 1280 1279 1319 rr·

246 1391 390 1457 surgens,
407 1378 440 1434 et
457 1367 490 1432 in
510 1365 653 1432 claritate
670 1375 829 1453 receptus,
851 1365 883 1430 in
899 1362 998 1452 gloria
1020 1375 1192 1430 venturus
1208 1363 1276 1429 sun

247 1487 421 1540 toreorum
436 1473 491 1562 qni
506 1471 679 1548 salvantur,
693 1483 725 1536 et
740 1471 837 1559 judex
849 1493 961 1536 eorum
977 1471 1033 1560 qui
1047 1471 1275 1559 judicentur,a

248 1583 376 1649 mittens
388 1582 537 1671 inignem
548 1593 703 1646 aetornum
716 1579 990 1670 transfiguratores
1000 1581 1173 1658 veritatis,
1186 1595 1219 1646 st
1228 1605 1274 1647 eae
1311 1576 1312 1615 l

248 1688 421 1781 temptores
436 1691 536 1758 Patris
555 1691 603 1757 sui
619 1702 653 1756 et
663 1690 817 1756 adrentus
832 1691 913 1777 ejus.
932 1691 1026 1756 Hanc
1040 1689 1154 1756 fidem
1165 1694 1221 1780 qui
1234 1693 1275 1756 sin

248 1801 360 1868 litteris
378 1800 594 1876 crediderunt,
614 1811 770 1889 quantum
789 1799 829 1866 ad
849 1821 1032 1865 sermonem
1047 1813 1210 1866 nostrum
1226 1805 1275 1866 brr-

153 1900 159 1906 ’
250 1912 318 1978 bari
335 1922 423 1985 suat;
445 1922 601 1998 quantum
619 1921 727 1976 eutem
744 1910 785 1975 nd
800 1910 1003 1986 sententiam,
1024 1921 1061 1976 et
1089 1910 1276 1976 consuetude

251 2043 339 2097 nem,
361 2033 394 2086 et
413 2020 698 2095 conversationem,
719 2031 851 2108 propter
868 2018 965 2086 fidem
985 2041 1158 2107 perquem
1178 2021 1275 2109 sapim·

252 2129 362 2198 tissimi
376 2141 463 2204 sunt,
479 2142 511 2195 et
526 2128 653 2218 placent
667 2129 749 2205 Deo,
762 2142 984 2196 conversantes
999 2128 1034 2194 in
1050 2133 1152 2197 omni
1170 2131 1276 2220 justitie.

252 2251 285 2306 et
302 2239 457 2314 castitate,
473 2251 506 2303 et
520 2239 682 2328 sapientia.
699 2238 824 2318 Quibus
835 2239 860 2304 si
878 2237 989 2327 aliquis
1001 2241 1276 2306 annuntiaverim

251 2369 321 2436 quae
335 2348 375 2412 eb
391 2347 548 2415 haereticis
566 2349 734 2415 adinventa
754 2361 841 2425 sunt,
860 2349 989 2438 proprio
1009 2371 1176 2416 sermone
1191 2370 1277 2415 mrum

254 2454 451 2544 colloquens,
474 2457 579 2524 statim
599 2456 827 2524 concludentes
848 2481 951 2533 eures,
974 2455 1074 2546 longo
1100 2458 1229 2549 longius
1245 2459 1275 2521 lr-

252 2565 352 2653 gient,
375 2589 415 2631 ne
437 2564 547 2630 audire
572 2565 702 2655 quidem
724 2568 913 2634 sustinentes
936 2564 1179 2654 blasphemum
1205 2565 1277 2634 colle

202 2735 205 2746 .
255 2677 375 2764 quium.
406 2675 459 2741 Sic
478 2697 537 2762 per
561 2674 648 2740 illam
669 2689 807 2742 veterem
827 2673 1054 2766 Apostolorum
1073 2677 1277 2744 traditionem

217 2805 222 2813 ·
254 2809 295 2853 ne
315 2786 348 2851 in
367 2785 610 2874 conceptionem
629 2786 758 2875 quidem
776 2787 891 2852 mentis
910 2784 1101 2862 admittunt,
1124 2789 1279 2876 quodcan

255 2917 317 2985 que
331 2915 442 2959 eornm
457 2893 740 2984 portentiloquium
754 2905 803 2960 est
819 2917 827 2958 :
849 2893 1031 2982 nequedum
1052 2895 1151 2960 enim
1168 2918 1281 2986 congro

257 2999 341 3094 gntio
356 3003 414 3068 luit
429 3005 514 3092 apud
528 3026 596 3081 eos,
612 3027 717 3093 neque
732 3002 875 3070 doctrine
893 3003 1045 3069 instituta.

301 3113 384 3180 Ante
402 3109 606 3180 Valentinum
622 3114 708 3178 enim
728 3136 793 3180 non
809 3114 950 3190 suerunt,
971 3113 1124 3200 quisunt
1145 3141 1166 3181 a
1186 3116 1286 3184 Valen·
1312 3115 1313 3204 l

257 3225 339 3298 linos
362 3247 465 3312 neque
484 3235 557 3290 ante
575 3224 770 3291 Marcionem
788 3237 892 3301 erant,
912 3225 967 3313 qui
986 3235 1094 3289 sunta
1111 3225 1286 3293 Marcione:

259 3357 363 3423 neque
380 3332 511 3398 omnino
528 3344 618 3402 erant
630 3330 742 3421 reliqui
754 3355 862 3398 sensns
875 3331 1002 3422 maligni
1018 3356 1099 3420 quos
1112 3358 1215 3424 supra
1228 3361 1291 3402 cun-

259 3443 461 3518 merevimus,
476 3455 645 3531 antequam
666 3443 838 3509 initiatores
857 3455 889 3508 et
905 3445 1084 3508 inventuros
1104 3449 1290 3532 perversiu-

259 3554 299 3618 tis
316 3575 427 3618 eorum
444 3551 566 3616 fierent.
588 3549 772 3616 Valentinus
790 3553 875 3617 enim
891 3552 977 3618 venit
992 3551 1129 3620 Romam
1150 3558 1210 3620 sub
1230 3557 1289 3642 lly—

260 3663 350 3750 gin0;
365 3661 497 3727 increvit
509 3684 582 3726 vero
597 3662 654 3727 sub
669 3659 738 3738 Pio,
755 3673 787 3728 et
803 3664 981 3752 prorogavit
997 3673 1122 3751 tempus
1139 3665 1286 3752 usquead

259 3770 438 3836 Anicetum.
458 3771 583 3836 Cerdon
598 3783 718 3846 autern,
734 3771 789 3859 qui
805 3784 878 3836 anto
893 3771 1099 3845 Marcionem,
1114 3784 1150 3836 ct
1164 3772 1219 3838 hic
1234 3775 1284 3836 snb

262 3879 399 3969 llygino,
413 3881 466 3968 qui
481 3881 540 3946 suit
556 3894 685 3948 octavus
700 3882 878 3971 episcopus,
896 3905 978 3972 saepo
994 3883 1026 3948 in
1046 3879 1222 3948 Ecclesiam
1238 3905 1283 3944 sn-
