<?xml version="1.0" encoding="UTF-8"?>
<!DOCTYPE html PUBLIC "-//W3C//DTD XHTML 1.0 Transitional//EN"
    "http://www.w3.org/TR/xhtml1/DTD/xhtml1-transitional.dtd">
<html xmlns="http://www.w3.org/1999/xhtml" xml:lang="en" lang="en">
 <head>
  <title>
</title>
<meta http-equiv="Content-Type" content="text/html;charset=utf-8" />
  <meta name='ocr-system' content='tesseract 3.04.00' />
  <meta name='ocr-capabilities' content='ocr_page ocr_carea ocr_par ocr_line ocrx_word'/>
</head>
<body>
  <div class='ocr_page' id='page_1' title='image "./collectioselect02guilgoog_1010.png"; bbox 0 0 2586 4642; ppageno 0'>
   <div class='ocr_carea' id='block_1_1' title="bbox 406 347 1067 418">
    <p class='ocr_par' dir='ltr' id='par_1_1' title="bbox 406 347 1067 418">
     <span class='ocr_line' id='line_1_1' title="bbox 406 347 1067 418; baseline -0.012 0"><span class='ocrx_word' id='word_1_1' title='bbox 406 373 529 418; x_wconf 82' lang='lat' dir='ltr'><strong>corrrs</strong></span> <span class='ocrx_word' id='word_1_2' title='bbox 553 371 705 415; x_wconf 78' lang='lat' dir='ltr'><strong>narasse.</strong></span> <span class='ocrx_word' id='word_1_3' title='bbox 1008 347 1067 412; x_wconf 80' lang='lat' dir='ltr'><strong>bri</strong></span> 
     </span>
    </p>
   </div>
   <div class='ocr_carea' id='block_1_2' title="bbox 12 471 1098 3746">
    <p class='ocr_par' dir='ltr' id='par_1_2' title="bbox 12 471 1093 3067">
     <span class='ocr_line' id='line_1_2' title="bbox 12 471 1070 566; baseline -0.006 -22"><span class='ocrx_word' id='word_1_4' title='bbox 12 503 21 544; x_wconf 80' lang='lat' dir='ltr'><strong>s</strong></span> <span class='ocrx_word' id='word_1_5' title='bbox 46 501 55 542; x_wconf 78' lang='lat' dir='ltr'><strong>r</strong></span> <span class='ocrx_word' id='word_1_6' title='bbox 85 499 179 543; x_wconf 85' lang='lat' dir='ltr'><strong>vere</strong></span> <span class='ocrx_word' id='word_1_7' title='bbox 204 475 386 566; x_wconf 78' lang='lat' dir='ltr'><strong>liquantes</strong></span> <span class='ocrx_word' id='word_1_8' title='bbox 406 473 556 552; x_wconf 87' lang='lat' dir='ltr'><strong>culicem,</strong></span> <span class='ocrx_word' id='word_1_9' title='bbox 576 485 609 540; x_wconf 90' lang='lat' dir='ltr'><strong>et</strong></span> <span class='ocrx_word' id='word_1_10' title='bbox 627 471 786 540; x_wconf 87' lang='lat' dir='ltr'><strong>camelum</strong></span> <span class='ocrx_word' id='word_1_11' title='bbox 804 471 1070 562; x_wconf 74' lang='lat' dir='ltr'><strong>transglutientes.</strong></span> 
     </span>
     <span class='ocr_line' id='line_1_3' title="bbox 12 580 1077 673; baseline -0.003 -22"><span class='ocrx_word' id='word_1_12' title='bbox 12 584 81 652; x_wconf 88' lang='lat' dir='ltr'><strong>ulla</strong></span> <span class='ocrx_word' id='word_1_13' title='bbox 103 583 215 652; x_wconf 86' lang='lat' dir='ltr'><strong>enim</strong></span> <span class='ocrx_word' id='word_1_14' title='bbox 237 586 291 652; x_wconf 85' lang='lat' dir='ltr'><strong>ab</strong></span> <span class='ocrx_word' id='word_1_15' title='bbox 313 585 360 651; x_wconf 88' lang='lat' dir='ltr'><strong>eis</strong></span> <span class='ocrx_word' id='word_1_16' title='bbox 383 593 470 650; x_wconf 89' lang='lat' dir='ltr'><strong>tenta</strong></span> <span class='ocrx_word' id='word_1_17' title='bbox 491 593 595 673; x_wconf 90' lang='lat' dir='ltr'><strong>potest</strong></span> <span class='ocrx_word' id='word_1_18' title='bbox 615 580 685 648; x_wconf 80' lang='lat' dir='ltr'><strong>lieri</strong></span> <span class='ocrx_word' id='word_1_19' title='bbox 704 581 874 659; x_wconf 84' lang='lat' dir='ltr'><strong>correctio,</strong></span> <span class='ocrx_word' id='word_1_20' title='bbox 895 593 1013 671; x_wconf 86' lang='lat' dir='ltr'><strong>quante</strong></span> <span class='ocrx_word' id='word_1_21' title='bbox 1028 593 1077 648; x_wconf 88' lang='lat' dir='ltr'><strong>est</strong></span> 
     </span>
     <span class='ocr_line' id='line_1_4' title="bbox 14 693 1077 785; baseline -0.001 -23"><span class='ocrx_word' id='word_1_22' title='bbox 14 695 193 762; x_wconf 86' lang='lat' dir='ltr'><strong>hismatis</strong></span> <span class='ocrx_word' id='word_1_23' title='bbox 223 693 405 785; x_wconf 81' lang='lat' dir='ltr'><strong>pernicies.</strong></span> <span class='ocrx_word' id='word_1_24' title='bbox 436 693 601 761; x_wconf 85' lang='lat' dir='ltr'><strong>Judicabit</strong></span> <span class='ocrx_word' id='word_1_25' title='bbox 621 705 730 760; x_wconf 89' lang='lat' dir='ltr'><strong>nutem</strong></span> <span class='ocrx_word' id='word_1_26' title='bbox 754 701 787 770; x_wconf 82' lang='lat' dir='ltr'><strong>et</strong></span> <span class='ocrx_word' id='word_1_27' title='bbox 812 714 923 758; x_wconf 89' lang='lat' dir='ltr'><strong>omnes</strong></span> <span class='ocrx_word' id='word_1_28' title='bbox 945 695 1077 785; x_wconf 86' lang='lat' dir='ltr'><strong>eosqui</strong></span> 
     </span>
     <span class='ocr_line' id='line_1_5' title="bbox 14 802 1075 893; baseline 0.001 -21"><span class='ocrx_word' id='word_1_29' title='bbox 14 818 65 874; x_wconf 86' lang='lat' dir='ltr'><strong>rnt</strong></span> <span class='ocrx_word' id='word_1_30' title='bbox 91 817 204 873; x_wconf 86' lang='lat' dir='ltr'><strong>extra</strong></span> <span class='ocrx_word' id='word_1_31' title='bbox 230 805 422 882; x_wconf 78' lang='lat' dir='ltr'><strong>veritatem,</strong></span> <span class='ocrx_word' id='word_1_32' title='bbox 446 803 481 870; x_wconf 95' lang='lat' dir='ltr'><strong>id</strong></span> <span class='ocrx_word' id='word_1_33' title='bbox 501 814 564 880; x_wconf 84' lang='lat' dir='ltr'><strong>cst,</strong></span> <span class='ocrx_word' id='word_1_34' title='bbox 588 804 642 893; x_wconf 89' lang='lat' dir='ltr'><strong>qni</strong></span> <span class='ocrx_word' id='word_1_35' title='bbox 666 815 740 873; x_wconf 90' lang='lat' dir='ltr'><strong>sunt</strong></span> <span class='ocrx_word' id='word_1_36' title='bbox 761 815 849 870; x_wconf 80' lang='lat' dir='ltr'><strong>extra</strong></span> <span class='ocrx_word' id='word_1_37' title='bbox 869 802 1075 873; x_wconf 81' lang='lat' dir='ltr'><strong>Ecclesiam:</strong></span> 
     </span>
     <span class='ocr_line' id='line_1_6' title="bbox 15 912 1074 1004; baseline 0.001 -25"><span class='ocrx_word' id='word_1_38' title='bbox 15 939 60 982; x_wconf 64' lang='lat' dir='ltr'><strong>sse</strong></span> <span class='ocrx_word' id='word_1_39' title='bbox 77 927 213 982; x_wconf 84' lang='lat' dir='ltr'><strong>antem</strong></span> <span class='ocrx_word' id='word_1_40' title='bbox 227 939 252 982; x_wconf 92' lang='lat' dir='ltr'><strong>a</strong></span> <span class='ocrx_word' id='word_1_41' title='bbox 266 915 398 984; x_wconf 88' lang='lat' dir='ltr'><strong>nemine</strong></span> <span class='ocrx_word' id='word_1_42' title='bbox 408 912 614 1004; x_wconf 89' lang='lat' dir='ltr'><strong>judicabitur.</strong></span> <span class='ocrx_word' id='word_1_43' title='bbox 635 912 752 980; x_wconf 89' lang='lat' dir='ltr'><strong>Omnia</strong></span> <span class='ocrx_word' id='word_1_44' title='bbox 762 913 890 981; x_wconf 87' lang='lat' dir='ltr'><strong>enimei</strong></span> <span class='ocrx_word' id='word_1_45' title='bbox 905 928 1074 982; x_wconf 74' lang='lat' dir='ltr'><strong>constante</strong></span> 
     </span>
     <span class='ocr_line' id='line_1_7' title="bbox 15 1021 1080 1114; baseline -0.001 -22"><span class='ocrx_word' id='word_1_46' title='bbox 15 1039 25 1092; x_wconf 89' lang='lat' dir='ltr'><strong>t</strong></span> <span class='ocrx_word' id='word_1_47' title='bbox 42 1027 80 1092; x_wconf 90' lang='lat' dir='ltr'><strong>in</strong></span> <span class='ocrx_word' id='word_1_48' title='bbox 98 1049 226 1094; x_wconf 89' lang='lat' dir='ltr'><strong>unum</strong></span> <span class='ocrx_word' id='word_1_49' title='bbox 243 1025 355 1094; x_wconf 89' lang='lat' dir='ltr'><strong>Deum</strong></span> <span class='ocrx_word' id='word_1_50' title='bbox 370 1023 637 1114; x_wconf 88' lang='lat' dir='ltr'><strong>omnipotentem,</strong></span> <span class='ocrx_word' id='word_1_51' title='bbox 658 1042 697 1088; x_wconf 85' lang='lat' dir='ltr'><strong>ex</strong></span> <span class='ocrx_word' id='word_1_52' title='bbox 715 1044 779 1112; x_wconf 89' lang='lat' dir='ltr'><strong>quo</strong></span> <span class='ocrx_word' id='word_1_53' title='bbox 797 1023 916 1100; x_wconf 88' lang='lat' dir='ltr'><strong>omnia,</strong></span> <span class='ocrx_word' id='word_1_54' title='bbox 933 1021 1013 1090; x_wconf 89' lang='lat' dir='ltr'><strong>lides</strong></span> <span class='ocrx_word' id='word_1_55' title='bbox 1029 1023 1080 1091; x_wconf 88' lang='lat' dir='ltr'><strong>in-</strong></span> 
     </span>
     <span class='ocr_line' id='line_1_8' title="bbox 18 1129 1078 1225; baseline -0.003 -23"><span class='ocrx_word' id='word_1_56' title='bbox 18 1158 113 1225; x_wconf 73' lang='lat' dir='ltr'><strong>rgraa</strong></span> <span class='ocrx_word' id='word_1_57' title='bbox 130 1147 171 1202; x_wconf 88' lang='lat' dir='ltr'><strong>et</strong></span> <span class='ocrx_word' id='word_1_58' title='bbox 186 1135 228 1204; x_wconf 92' lang='lat' dir='ltr'><strong>in</strong></span> <span class='ocrx_word' id='word_1_59' title='bbox 242 1133 364 1204; x_wconf 85' lang='lat' dir='ltr'><strong>Filium</strong></span> <span class='ocrx_word' id='word_1_60' title='bbox 373 1133 431 1202; x_wconf 87' lang='lat' dir='ltr'><strong>Dei</strong></span> <span class='ocrx_word' id='word_1_61' title='bbox 441 1131 606 1200; x_wconf 76' lang='lat' dir='ltr'><strong>Christum</strong></span> <span class='ocrx_word' id='word_1_62' title='bbox 617 1130 729 1198; x_wconf 86' lang='lat' dir='ltr'><strong>Jesum</strong></span> <span class='ocrx_word' id='word_1_63' title='bbox 737 1129 1078 1211; x_wconf 88' lang='lat' dir='ltr'><strong>Dominumnostrurn,</strong></span> 
     </span>
     <span class='ocr_line' id='line_1_9' title="bbox 17 1241 1080 1333; baseline 0.004 -27"><span class='ocrx_word' id='word_1_64' title='bbox 17 1267 61 1310; x_wconf 80' lang='lat' dir='ltr'><strong>or</strong></span> <span class='ocrx_word' id='word_1_65' title='bbox 73 1266 190 1333; x_wconf 89' lang='lat' dir='ltr'><strong>quem</strong></span> <span class='ocrx_word' id='word_1_66' title='bbox 204 1243 337 1320; x_wconf 88' lang='lat' dir='ltr'><strong>omnin,</strong></span> <span class='ocrx_word' id='word_1_67' title='bbox 352 1254 385 1310; x_wconf 94' lang='lat' dir='ltr'><strong>et</strong></span> <span class='ocrx_word' id='word_1_68' title='bbox 400 1241 621 1333; x_wconf 87' lang='lat' dir='ltr'><strong>dispositiones</strong></span> <span class='ocrx_word' id='word_1_69' title='bbox 632 1242 716 1330; x_wconf 85' lang='lat' dir='ltr'><strong>ejus,</strong></span> <span class='ocrx_word' id='word_1_70' title='bbox 731 1263 790 1330; x_wconf 86' lang='lat' dir='ltr'><strong>par</strong></span> <span class='ocrx_word' id='word_1_71' title='bbox 804 1260 883 1330; x_wconf 87' lang='lat' dir='ltr'><strong>quas</strong></span> <span class='ocrx_word' id='word_1_72' title='bbox 898 1242 995 1310; x_wconf 91' lang='lat' dir='ltr'><strong>homo</strong></span> <span class='ocrx_word' id='word_1_73' title='bbox 1011 1243 1080 1310; x_wconf 84' lang='lat' dir='ltr'><strong>iao-</strong></span> 
     </span>
     <span class='ocr_line' id='line_1_10' title="bbox 22 1351 1079 1442; baseline 0 -22"><span class='ocrx_word' id='word_1_74' title='bbox 22 1377 60 1420; x_wconf 88' lang='lat' dir='ltr'><strong>us</strong></span> <span class='ocrx_word' id='word_1_75' title='bbox 81 1365 139 1420; x_wconf 90' lang='lat' dir='ltr'><strong>est</strong></span> <span class='ocrx_word' id='word_1_76' title='bbox 160 1351 262 1420; x_wconf 82' lang='lat' dir='ltr'><strong>iilius</strong></span> <span class='ocrx_word' id='word_1_77' title='bbox 277 1353 350 1430; x_wconf 89' lang='lat' dir='ltr'><strong>Dei,</strong></span> <span class='ocrx_word' id='word_1_78' title='bbox 370 1352 526 1422; x_wconf 90' lang='lat' dir='ltr'><strong>sententia</strong></span> <span class='ocrx_word' id='word_1_79' title='bbox 541 1351 647 1430; x_wconf 84' lang='lat' dir='ltr'><strong>firma,</strong></span> <span class='ocrx_word' id='word_1_80' title='bbox 668 1375 739 1440; x_wconf 84' lang='lat' dir='ltr'><strong>quas</strong></span> <span class='ocrx_word' id='word_1_81' title='bbox 752 1364 801 1418; x_wconf 90' lang='lat' dir='ltr'><strong>est</strong></span> <span class='ocrx_word' id='word_1_82' title='bbox 820 1352 853 1418; x_wconf 93' lang='lat' dir='ltr'><strong>in</strong></span> <span class='ocrx_word' id='word_1_83' title='bbox 870 1351 991 1442; x_wconf 86' lang='lat' dir='ltr'><strong>Spiritu</strong></span> <span class='ocrx_word' id='word_1_84' title='bbox 1007 1353 1079 1432; x_wconf 90' lang='lat' dir='ltr'><strong>Dei,</strong></span> 
     </span>
     <span class='ocr_line' id='line_1_11' title="bbox 19 1461 1083 1554; baseline 0.003 -27"><span class='ocrx_word' id='word_1_85' title='bbox 19 1465 65 1552; x_wconf 84' lang='lat' dir='ltr'><strong>psi</strong></span> <span class='ocrx_word' id='word_1_86' title='bbox 84 1475 241 1552; x_wconf 75' lang='lat' dir='ltr'><strong>praestat</strong></span> <span class='ocrx_word' id='word_1_87' title='bbox 256 1463 451 1554; x_wconf 89' lang='lat' dir='ltr'><strong>agnitionem</strong></span> <span class='ocrx_word' id='word_1_88' title='bbox 463 1463 615 1537; x_wconf 84' lang='lat' dir='ltr'><strong>veritatis,</strong></span> <span class='ocrx_word' id='word_1_89' title='bbox 632 1462 686 1550; x_wconf 84' lang='lat' dir='ltr'><strong>qui</strong></span> <span class='ocrx_word' id='word_1_90' title='bbox 702 1461 922 1550; x_wconf 87' lang='lat' dir='ltr'><strong>dispositiones</strong></span> <span class='ocrx_word' id='word_1_91' title='bbox 937 1461 1037 1529; x_wconf 83' lang='lat' dir='ltr'><strong>Patris</strong></span> <span class='ocrx_word' id='word_1_92' title='bbox 1048 1475 1083 1530; x_wconf 88' lang='lat' dir='ltr'><strong>et</strong></span> 
     </span>
     <span class='ocr_line' id='line_1_12' title="bbox 22 1571 1082 1664; baseline 0.001 -24"><span class='ocrx_word' id='word_1_93' title='bbox 22 1572 90 1640; x_wconf 70' lang='lat' dir='ltr'><strong>lilii</strong></span> <span class='ocrx_word' id='word_1_94' title='bbox 101 1573 282 1664; x_wconf 81' lang='lat' dir='ltr'><strong>exposuit,</strong></span> <span class='ocrx_word' id='word_1_95' title='bbox 293 1574 471 1642; x_wconf 85' lang='lat' dir='ltr'><strong>secundum</strong></span> <span class='ocrx_word' id='word_1_96' title='bbox 483 1571 679 1663; x_wconf 85' lang='lat' dir='ltr'><strong>quasaderat</strong></span> <span class='ocrx_word' id='word_1_97' title='bbox 690 1571 798 1662; x_wconf 77' lang='lat' dir='ltr'><strong>generi</strong></span> <span class='ocrx_word' id='word_1_98' title='bbox 809 1571 1082 1662; x_wconf 87' lang='lat' dir='ltr'><strong>humano,quem·</strong></span> 
     </span>
     <span class='ocr_line' id='line_1_13' title="bbox 21 1681 425 1752; baseline 0.005 -4"><span class='ocrx_word' id='word_1_99' title='bbox 21 1681 217 1752; x_wconf 85' lang='lat' dir='ltr'><strong>admodum</strong></span> <span class='ocrx_word' id='word_1_100' title='bbox 235 1682 303 1750; x_wconf 85' lang='lat' dir='ltr'><strong>vult</strong></span> <span class='ocrx_word' id='word_1_101' title='bbox 321 1683 425 1751; x_wconf 88' lang='lat' dir='ltr'><strong>Pater.</strong></span> 
     </span>
     <span class='ocr_line' id='line_1_14' title="bbox 67 1790 1083 1885; baseline 0.002 -28"><span class='ocrx_word' id='word_1_102' title='bbox 67 1791 166 1862; x_wconf 88' lang='lat' dir='ltr'>v111.</span> <span class='ocrx_word' id='word_1_103' title='bbox 183 1793 320 1885; x_wconf 81' lang='lat' dir='ltr'><strong>Agnitio</strong></span> <span class='ocrx_word' id='word_1_104' title='bbox 332 1817 403 1861; x_wconf 84' lang='lat' dir='ltr'><strong>vera</strong></span> <span class='ocrx_word' id='word_1_105' title='bbox 419 1806 468 1862; x_wconf 88' lang='lat' dir='ltr'><strong>est</strong></span> <span class='ocrx_word' id='word_1_106' title='bbox 482 1790 709 1882; x_wconf 82' lang='lat' dir='ltr'><strong>Apostolorum</strong></span> <span class='ocrx_word' id='word_1_107' title='bbox 720 1790 877 1866; x_wconf 90' lang='lat' dir='ltr'><strong>doctrina,</strong></span> <span class='ocrx_word' id='word_1_108' title='bbox 890 1803 924 1857; x_wconf 91' lang='lat' dir='ltr'><strong>et</strong></span> <span class='ocrx_word' id='word_1_109' title='bbox 934 1792 1083 1881; x_wconf 87' lang='lat' dir='ltr'><strong>antiquus</strong></span> 
     </span>
     <span class='ocr_line' id='line_1_15' title="bbox 25 1899 1085 1991; baseline 0.003 -25"><span class='ocrx_word' id='word_1_110' title='bbox 25 1901 193 1972; x_wconf 67' lang='lat' dir='ltr'><strong>Ecclesia</strong></span> <span class='ocrx_word' id='word_1_111' title='bbox 213 1916 328 1981; x_wconf 87' lang='lat' dir='ltr'><strong>status,</strong></span> <span class='ocrx_word' id='word_1_112' title='bbox 344 1904 377 1970; x_wconf 88' lang='lat' dir='ltr'><strong>in</strong></span> <span class='ocrx_word' id='word_1_113' title='bbox 393 1903 540 1971; x_wconf 80' lang='lat' dir='ltr'><strong>universo</strong></span> <span class='ocrx_word' id='word_1_114' title='bbox 558 1900 693 1976; x_wconf 91' lang='lat' dir='ltr'><strong>mundo,</strong></span> <span class='ocrx_word' id='word_1_115' title='bbox 713 1911 746 1965; x_wconf 91' lang='lat' dir='ltr'><strong>et</strong></span> <span class='ocrx_word' id='word_1_116' title='bbox 760 1899 927 1967; x_wconf 76' lang='lat' dir='ltr'><strong>character</strong></span> <span class='ocrx_word' id='word_1_117' title='bbox 941 1902 1085 1991; x_wconf 83' lang='lat' dir='ltr'><strong>corporis</strong></span> 
     </span>
     <span class='ocr_line' id='line_1_16' title="bbox 31 2008 1085 2101; baseline 0 -23"><span class='ocrx_word' id='word_1_118' title='bbox 31 2011 159 2080; x_wconf 88' lang='lat' dir='ltr'><strong>Christi</strong></span> <span class='ocrx_word' id='word_1_119' title='bbox 184 2013 367 2082; x_wconf 88' lang='lat' dir='ltr'><strong>secundnm</strong></span> <span class='ocrx_word' id='word_1_120' title='bbox 391 2012 606 2082; x_wconf 87' lang='lat' dir='ltr'><strong>successiones</strong></span> <span class='ocrx_word' id='word_1_121' title='bbox 629 2011 870 2101; x_wconf 87' lang='lat' dir='ltr'><strong>episcoporum,</strong></span> <span class='ocrx_word' id='word_1_122' title='bbox 897 2011 1014 2100; x_wconf 87' lang='lat' dir='ltr'><strong>quibus</strong></span> <span class='ocrx_word' id='word_1_123' title='bbox 1039 2008 1085 2078; x_wconf 91' lang='lat' dir='ltr'><strong>illi</strong></span> 
     </span>
     <span class='ocr_line' id='line_1_17' title="bbox 33 2115 1084 2212; baseline 0.001 -26"><span class='ocrx_word' id='word_1_124' title='bbox 33 2143 122 2199; x_wconf 89' lang='lat' dir='ltr'><strong>eam,</strong></span> <span class='ocrx_word' id='word_1_125' title='bbox 144 2122 271 2212; x_wconf 78' lang='lat' dir='ltr'><strong>quaein</strong></span> <span class='ocrx_word' id='word_1_126' title='bbox 291 2143 484 2212; x_wconf 89' lang='lat' dir='ltr'><strong>unoquoque</strong></span> <span class='ocrx_word' id='word_1_127' title='bbox 502 2119 574 2188; x_wconf 91' lang='lat' dir='ltr'><strong>loco</strong></span> <span class='ocrx_word' id='word_1_128' title='bbox 589 2132 650 2196; x_wconf 90' lang='lat' dir='ltr'><strong>est,</strong></span> <span class='ocrx_word' id='word_1_129' title='bbox 670 2115 846 2186; x_wconf 85' lang='lat' dir='ltr'><strong>Ecclesiam</strong></span> <span class='ocrx_word' id='word_1_130' title='bbox 860 2120 1084 2187; x_wconf 81' lang='lat' dir='ltr'><strong>tradideruntr</strong></span> 
     </span>
     <span class='ocr_line' id='line_1_18' title="bbox 37 2228 1089 2322; baseline -0.003 -22"><span class='ocrx_word' id='word_1_131' title='bbox 37 2255 110 2320; x_wconf 82' lang='lat' dir='ltr'><strong>quse</strong></span> <span class='ocrx_word' id='word_1_132' title='bbox 125 2233 278 2322; x_wconf 82' lang='lat' dir='ltr'><strong>pervenit</strong></span> <span class='ocrx_word' id='word_1_133' title='bbox 289 2256 389 2322; x_wconf 89' lang='lat' dir='ltr'><strong>nsque</strong></span> <span class='ocrx_word' id='word_1_134' title='bbox 400 2233 443 2298; x_wconf 93' lang='lat' dir='ltr'><strong>ad</strong></span> <span class='ocrx_word' id='word_1_135' title='bbox 456 2255 515 2300; x_wconf 91' lang='lat' dir='ltr'><strong>nos</strong></span> <span class='ocrx_word' id='word_1_136' title='bbox 530 2229 743 2299; x_wconf 86' lang='lat' dir='ltr'><strong>custoditione</strong></span> <span class='ocrx_word' id='word_1_137' title='bbox 755 2230 823 2296; x_wconf 90' lang='lat' dir='ltr'><strong>sine</strong></span> <span class='ocrx_word' id='word_1_138' title='bbox 837 2228 967 2298; x_wconf 71' lang='lat' dir='ltr'><strong>hodone</strong></span> <span class='ocrx_word' id='word_1_139' title='bbox 981 2230 1089 2322; x_wconf 87' lang='lat' dir='ltr'><strong>Scrip-</strong></span> 
     </span>
     <span class='ocr_line' id='line_1_19' title="bbox 41 2339 1088 2434; baseline 0.003 -28"><span class='ocrx_word' id='word_1_140' title='bbox 41 2353 195 2410; x_wconf 88' lang='lat' dir='ltr'><strong>tnrarum</strong></span> <span class='ocrx_word' id='word_1_141' title='bbox 211 2343 358 2412; x_wconf 85' lang='lat' dir='ltr'><strong>tractatio</strong></span> <span class='ocrx_word' id='word_1_142' title='bbox 376 2341 570 2434; x_wconf 88' lang='lat' dir='ltr'><strong>plenissima,</strong></span> <span class='ocrx_word' id='word_1_143' title='bbox 589 2363 694 2429; x_wconf 89' lang='lat' dir='ltr'><strong>neque</strong></span> <span class='ocrx_word' id='word_1_144' title='bbox 713 2339 967 2408; x_wconf 88' lang='lat' dir='ltr'><strong>additamentum</strong></span> <span class='ocrx_word' id='word_1_145' title='bbox 982 2365 1088 2433; x_wconf 87' lang='lat' dir='ltr'><strong>neque</strong></span> 
     </span>
     <span class='ocr_line' id='line_1_20' title="bbox 45 2451 1088 2545; baseline 0.006 -25"><span class='ocrx_word' id='word_1_146' title='bbox 45 2451 245 2524; x_wconf 87' lang='lat' dir='ltr'><strong>ablationem</strong></span> <span class='ocrx_word' id='word_1_147' title='bbox 260 2455 416 2545; x_wconf 88' lang='lat' dir='ltr'><strong>recipiens</strong></span> <span class='ocrx_word' id='word_1_148' title='bbox 422 2477 433 2528; x_wconf 82' lang='lat' dir='ltr'><strong>t</strong></span> <span class='ocrx_word' id='word_1_149' title='bbox 450 2465 484 2520; x_wconf 87' lang='lat' dir='ltr'><strong>et</strong></span> <span class='ocrx_word' id='word_1_150' title='bbox 494 2452 589 2522; x_wconf 89' lang='lat' dir='ltr'><strong>lectio</strong></span> <span class='ocrx_word' id='word_1_151' title='bbox 599 2454 667 2521; x_wconf 90' lang='lat' dir='ltr'><strong>sine</strong></span> <span class='ocrx_word' id='word_1_152' title='bbox 678 2452 854 2532; x_wconf 86' lang='lat' dir='ltr'><strong>falsatione,</strong></span> <span class='ocrx_word' id='word_1_153' title='bbox 865 2467 899 2521; x_wconf 84' lang='lat' dir='ltr'><strong>et</strong></span> <span class='ocrx_word' id='word_1_154' title='bbox 909 2456 1088 2526; x_wconf 88' lang='lat' dir='ltr'><strong>secundnm</strong></span> 
     </span>
     <span class='ocr_line' id='line_1_21' title="bbox 49 2559 1088 2656; baseline 0 -26"><span class='ocrx_word' id='word_1_155' title='bbox 49 2559 234 2654; x_wconf 85' lang='lat' dir='ltr'><strong>Scripturas</strong></span> <span class='ocrx_word' id='word_1_156' title='bbox 249 2564 403 2654; x_wconf 81' lang='lat' dir='ltr'><strong>expositio</strong></span> <span class='ocrx_word' id='word_1_157' title='bbox 421 2562 574 2654; x_wconf 86' lang='lat' dir='ltr'><strong>legitima,</strong></span> <span class='ocrx_word' id='word_1_158' title='bbox 592 2575 625 2630; x_wconf 91' lang='lat' dir='ltr'><strong>et</strong></span> <span class='ocrx_word' id='word_1_159' title='bbox 640 2561 785 2656; x_wconf 88' lang='lat' dir='ltr'><strong>diligens.</strong></span> <span class='ocrx_word' id='word_1_160' title='bbox 800 2577 834 2630; x_wconf 87' lang='lat' dir='ltr'><strong>et</strong></span> <span class='ocrx_word' id='word_1_161' title='bbox 848 2564 916 2632; x_wconf 91' lang='lat' dir='ltr'><strong>sine</strong></span> <span class='ocrx_word' id='word_1_162' title='bbox 930 2564 1088 2653; x_wconf 85' lang='lat' dir='ltr'><strong>periculo,</strong></span> 
     </span>
     <span class='ocr_line' id='line_1_22' title="bbox 49 2673 1090 2766; baseline 0.007 -31"><span class='ocrx_word' id='word_1_163' title='bbox 49 2683 81 2736; x_wconf 92' lang='lat' dir='ltr'><strong>et</strong></span> <span class='ocrx_word' id='word_1_164' title='bbox 97 2674 169 2742; x_wconf 90' lang='lat' dir='ltr'><strong>sina</strong></span> <span class='ocrx_word' id='word_1_165' title='bbox 183 2673 397 2766; x_wconf 72' lang='lat' dir='ltr'><strong>blasphemias</strong></span> <span class='ocrx_word' id='word_1_166' title='bbox 411 2687 444 2742; x_wconf 91' lang='lat' dir='ltr'><strong>et</strong></span> <span class='ocrx_word' id='word_1_167' title='bbox 454 2675 652 2766; x_wconf 73' lang='lat' dir='ltr'><strong>precipuum</strong></span> <span class='ocrx_word' id='word_1_168' title='bbox 667 2673 846 2742; x_wconf 81' lang='lat' dir='ltr'><strong>dilectionis</strong></span> <span class='ocrx_word' id='word_1_169' title='bbox 861 2696 991 2750; x_wconf 85' lang='lat' dir='ltr'><strong>munna,</strong></span> <span class='ocrx_word' id='word_1_170' title='bbox 1003 2675 1090 2764; x_wconf 83' lang='lat' dir='ltr'><strong>quod</strong></span> 
     </span>
     <span class='ocr_line' id='line_1_23' title="bbox 53 2780 1093 2876; baseline 0.004 -30"><span class='ocrx_word' id='word_1_171' title='bbox 53 2783 289 2876; x_wconf 76' lang='lat' dir='ltr'><strong>esspratiosius</strong></span> <span class='ocrx_word' id='word_1_172' title='bbox 315 2807 411 2875; x_wconf 88' lang='lat' dir='ltr'><strong>quam</strong></span> <span class='ocrx_word' id='word_1_173' title='bbox 433 2784 570 2874; x_wconf 89' lang='lat' dir='ltr'><strong>agnitio,</strong></span> <span class='ocrx_word' id='word_1_174' title='bbox 598 2780 764 2872; x_wconf 85' lang='lat' dir='ltr'><strong>gloriosius</strong></span> <span class='ocrx_word' id='word_1_175' title='bbox 786 2791 894 2846; x_wconf 88' lang='lat' dir='ltr'><strong>autem</strong></span> <span class='ocrx_word' id='word_1_176' title='bbox 909 2804 1005 2870; x_wconf 88' lang='lat' dir='ltr'><strong>quam</strong></span> <span class='ocrx_word' id='word_1_177' title='bbox 1021 2804 1093 2872; x_wconf 89' lang='lat' dir='ltr'><strong>pro-</strong></span> 
     </span>
     <span class='ocr_line' id='line_1_24' title="bbox 53 2887 1093 2994; baseline 0.005 -39"><span class='ocrx_word' id='word_1_178' title='bbox 53 2888 182 2976; x_wconf 87' lang='lat' dir='ltr'><strong>phetia,</strong></span> <span class='ocrx_word' id='word_1_179' title='bbox 214 2893 363 2994; x_wconf 84' lang='lat' dir='ltr'><strong>omnihus</strong></span> <span class='ocrx_word' id='word_1_180' title='bbox 401 2904 510 2958; x_wconf 86' lang='lat' dir='ltr'><strong>autem</strong></span> <span class='ocrx_word' id='word_1_181' title='bbox 542 2887 672 2980; x_wconf 88' lang='lat' dir='ltr'><strong>reliquis</strong></span> <span class='ocrx_word' id='word_1_182' title='bbox 704 2888 949 2958; x_wconf 84' lang='lat' dir='ltr'><strong>charismatibus</strong></span> <span class='ocrx_word' id='word_1_183' title='bbox 981 2915 1093 2982; x_wconf 89' lang='lat' dir='ltr'><strong>snper·</strong></span> 
     </span>
     <span class='ocr_line' id='line_1_25' title="bbox 59 2997 262 3067; baseline 0 -3"><span class='ocrx_word' id='word_1_184' title='bbox 59 2997 262 3067; x_wconf 88' lang='lat' dir='ltr'><strong>eminentius.</strong></span> 
     </span>
    </p>

    <p class='ocr_par' dir='ltr' id='par_1_3' title="bbox 65 3103 1098 3746">
     <span class='ocr_line' id='line_1_26' title="bbox 108 3103 1096 3200; baseline 0.009 -29"><span class='ocrx_word' id='word_1_185' title='bbox 108 3103 165 3172; x_wconf 86' lang='lat' dir='ltr'><strong>lX.</strong></span> <span class='ocrx_word' id='word_1_186' title='bbox 184 3106 387 3196; x_wconf 87' lang='lat' dir='ltr'><strong>Quapropter</strong></span> <span class='ocrx_word' id='word_1_187' title='bbox 399 3106 539 3177; x_wconf 84' lang='lat' dir='ltr'><strong>Ecclesia</strong></span> <span class='ocrx_word' id='word_1_188' title='bbox 555 3109 643 3174; x_wconf 91' lang='lat' dir='ltr'><strong>omni</strong></span> <span class='ocrx_word' id='word_1_189' title='bbox 659 3109 691 3174; x_wconf 89' lang='lat' dir='ltr'><strong>in</strong></span> <span class='ocrx_word' id='word_1_190' title='bbox 706 3107 779 3178; x_wconf 90' lang='lat' dir='ltr'><strong>loco</strong></span> <span class='ocrx_word' id='word_1_191' title='bbox 789 3110 831 3176; x_wconf 92' lang='lat' dir='ltr'><strong>ob</strong></span> <span class='ocrx_word' id='word_1_192' title='bbox 843 3131 914 3176; x_wconf 90' lang='lat' dir='ltr'><strong>eam</strong></span> <span class='ocrx_word' id='word_1_193' title='bbox 928 3132 1026 3200; x_wconf 76' lang='lat' dir='ltr'><strong>pram</strong></span> <span class='ocrx_word' id='word_1_194' title='bbox 1037 3111 1096 3180; x_wconf 84' lang='lat' dir='ltr'><strong>ha-</strong></span> 
     </span>
     <span class='ocr_line' id='line_1_27' title="bbox 65 3213 1096 3310; baseline 0.011 -30"><span class='ocrx_word' id='word_1_195' title='bbox 65 3213 122 3280; x_wconf 90' lang='lat' dir='ltr'><strong>het</strong></span> <span class='ocrx_word' id='word_1_196' title='bbox 141 3237 213 3306; x_wconf 90' lang='lat' dir='ltr'><strong>erga</strong></span> <span class='ocrx_word' id='word_1_197' title='bbox 234 3215 338 3284; x_wconf 89' lang='lat' dir='ltr'><strong>Deum</strong></span> <span class='ocrx_word' id='word_1_198' title='bbox 361 3215 578 3296; x_wconf 87' lang='lat' dir='ltr'><strong>dilectionem,</strong></span> <span class='ocrx_word' id='word_1_199' title='bbox 601 3217 840 3286; x_wconf 84' lang='lat' dir='ltr'><strong>multitudinem</strong></span> <span class='ocrx_word' id='word_1_200' title='bbox 861 3232 1041 3310; x_wconf 81' lang='lat' dir='ltr'><strong>martyrum</strong></span> <span class='ocrx_word' id='word_1_201' title='bbox 1063 3222 1096 3290; x_wconf 88' lang='lat' dir='ltr'><strong>in</strong></span> 
     </span>
     <span class='ocr_line' id='line_1_28' title="bbox 67 3325 1098 3419; baseline 0.01 -29"><span class='ocrx_word' id='word_1_202' title='bbox 67 3325 151 3392; x_wconf 90' lang='lat' dir='ltr'><strong>omni</strong></span> <span class='ocrx_word' id='word_1_203' title='bbox 168 3338 310 3417; x_wconf 88' lang='lat' dir='ltr'><strong>tempore</strong></span> <span class='ocrx_word' id='word_1_204' title='bbox 325 3327 487 3418; x_wconf 75' lang='lat' dir='ltr'><strong>premittit</strong></span> <span class='ocrx_word' id='word_1_205' title='bbox 504 3327 546 3394; x_wconf 88' lang='lat' dir='ltr'><strong>ad</strong></span> <span class='ocrx_word' id='word_1_206' title='bbox 561 3327 704 3402; x_wconf 70' lang='lat' dir='ltr'><strong>Patreme</strong></span> <span class='ocrx_word' id='word_1_207' title='bbox 722 3327 852 3419; x_wconf 86' lang='lat' dir='ltr'><strong>reliquis</strong></span> <span class='ocrx_word' id='word_1_208' title='bbox 868 3341 976 3398; x_wconf 65' lang='lat' dir='ltr'><strong>anum</strong></span> <span class='ocrx_word' id='word_1_209' title='bbox 996 3332 1098 3400; x_wconf 88' lang='lat' dir='ltr'><strong>omni·</strong></span> 
     </span>
     <span class='ocr_line' id='line_1_29' title="bbox 70 3433 1098 3533; baseline 0.008 -31"><span class='ocrx_word' id='word_1_210' title='bbox 70 3433 128 3502; x_wconf 90' lang='lat' dir='ltr'><strong>bus</strong></span> <span class='ocrx_word' id='word_1_211' title='bbox 142 3457 203 3502; x_wconf 89' lang='lat' dir='ltr'><strong>non</strong></span> <span class='ocrx_word' id='word_1_212' title='bbox 218 3448 343 3503; x_wconf 92' lang='lat' dir='ltr'><strong>tantum</strong></span> <span class='ocrx_word' id='word_1_213' title='bbox 357 3459 423 3504; x_wconf 91' lang='lat' dir='ltr'><strong>non</strong></span> <span class='ocrx_word' id='word_1_214' title='bbox 437 3435 628 3504; x_wconf 85' lang='lat' dir='ltr'><strong>habentibus</strong></span> <span class='ocrx_word' id='word_1_215' title='bbox 642 3436 727 3506; x_wconf 87' lang='lat' dir='ltr'><strong>hanc</strong></span> <span class='ocrx_word' id='word_1_216' title='bbox 741 3461 810 3506; x_wconf 88' lang='lat' dir='ltr'><strong>rem</strong></span> <span class='ocrx_word' id='word_1_217' title='bbox 825 3439 993 3508; x_wconf 85' lang='lat' dir='ltr'><strong>ostendere</strong></span> <span class='ocrx_word' id='word_1_218' title='bbox 1011 3442 1098 3533; x_wconf 86' lang='lat' dir='ltr'><strong>apud</strong></span> 
     </span>
     <span class='ocr_line' id='line_1_30' title="bbox 75 3545 1098 3636; baseline 0.007 -24"><span class='ocrx_word' id='word_1_219' title='bbox 75 3566 118 3620; x_wconf 88' lang='lat' dir='ltr'><strong>se,</strong></span> <span class='ocrx_word' id='word_1_220' title='bbox 132 3545 183 3612; x_wconf 92' lang='lat' dir='ltr'><strong>sed</strong></span> <span class='ocrx_word' id='word_1_221' title='bbox 197 3567 258 3614; x_wconf 89' lang='lat' dir='ltr'><strong>nec</strong></span> <span class='ocrx_word' id='word_1_222' title='bbox 272 3545 402 3636; x_wconf 89' lang='lat' dir='ltr'><strong>quidem</strong></span> <span class='ocrx_word' id='word_1_223' title='bbox 419 3546 635 3614; x_wconf 65' lang='lat' dir='ltr'><strong>maenium</strong></span> <span class='ocrx_word' id='word_1_224' title='bbox 651 3569 720 3614; x_wconf 88' lang='lat' dir='ltr'><strong>essa</strong></span> <span class='ocrx_word' id='word_1_225' title='bbox 738 3547 919 3616; x_wconf 82' lang='lat' dir='ltr'><strong>dicentibus</strong></span> <span class='ocrx_word' id='word_1_226' title='bbox 937 3549 1000 3617; x_wconf 86' lang='lat' dir='ltr'><strong>tale</strong></span> <span class='ocrx_word' id='word_1_227' title='bbox 1014 3575 1098 3619; x_wconf 82' lang='lat' dir='ltr'><strong>naar·</strong></span> 
     </span>
     <span class='ocr_line' id='line_1_31' title="bbox 77 3654 1096 3746; baseline 0.008 -26"><span class='ocrx_word' id='word_1_228' title='bbox 77 3654 200 3742; x_wconf 74' lang='lat' dir='ltr'><strong>tyrium</strong></span> <span class='ocrx_word' id='word_1_229' title='bbox 222 3677 290 3724; x_wconf 88' lang='lat' dir='ltr'><strong>esse</strong></span> <span class='ocrx_word' id='word_1_230' title='bbox 308 3656 394 3723; x_wconf 89' lang='lat' dir='ltr'><strong>enim</strong></span> <span class='ocrx_word' id='word_1_231' title='bbox 412 3657 600 3746; x_wconf 80' lang='lat' dir='ltr'><strong>martyrium</strong></span> <span class='ocrx_word' id='word_1_232' title='bbox 619 3679 730 3724; x_wconf 85' lang='lat' dir='ltr'><strong>rerum</strong></span> <span class='ocrx_word' id='word_1_233' title='bbox 748 3659 940 3727; x_wconf 89' lang='lat' dir='ltr'><strong>sententiam</strong></span> <span class='ocrx_word' id='word_1_234' title='bbox 955 3683 1067 3730; x_wconf 88' lang='lat' dir='ltr'><strong>eorum</strong></span> <span class='ocrx_word' id='word_1_235' title='bbox 1087 3685 1096 3728; x_wconf 74' lang='grc' dir='ltr'><strong>ι</strong></span> 
     </span>
    </p>
   </div>
   <div class='ocr_carea' id='block_1_3' title="bbox 79 3763 1101 4077">
    <p class='ocr_par' dir='ltr' id='par_1_4' title="bbox 79 3763 1101 4077">
     <span class='ocr_line' id='line_1_32' title="bbox 79 3763 1098 3859; baseline 0.004 -29"><span class='ocrx_word' id='word_1_236' title='bbox 79 3763 132 3830; x_wconf 89' lang='lat' dir='ltr'><strong>nisi</strong></span> <span class='ocrx_word' id='word_1_237' title='bbox 145 3763 168 3832; x_wconf 92' lang='lat' dir='ltr'><strong>si</strong></span> <span class='ocrx_word' id='word_1_238' title='bbox 180 3787 274 3843; x_wconf 85' lang='lat' dir='ltr'><strong>unus,</strong></span> <span class='ocrx_word' id='word_1_239' title='bbox 292 3779 350 3832; x_wconf 89' lang='lat' dir='ltr'><strong>aut</strong></span> <span class='ocrx_word' id='word_1_240' title='bbox 364 3765 428 3834; x_wconf 91' lang='lat' dir='ltr'><strong>duo</strong></span> <span class='ocrx_word' id='word_1_241' title='bbox 442 3763 625 3855; x_wconf 85' lang='lat' dir='ltr'><strong>aliquando,</strong></span> <span class='ocrx_word' id='word_1_242' title='bbox 642 3789 701 3856; x_wconf 87' lang='lat' dir='ltr'><strong>per</strong></span> <span class='ocrx_word' id='word_1_243' title='bbox 715 3788 811 3834; x_wconf 81' lang='lat' dir='ltr'><strong>omne</strong></span> <span class='ocrx_word' id='word_1_244' title='bbox 829 3778 955 3859; x_wconf 88' lang='lat' dir='ltr'><strong>tempus</strong></span> <span class='ocrx_word' id='word_1_245' title='bbox 974 3792 1015 3835; x_wconf 83' lang='lat' dir='ltr'><strong>ex</strong></span> <span class='ocrx_word' id='word_1_246' title='bbox 1032 3792 1098 3858; x_wconf 88' lang='lat' dir='ltr'><strong>quo</strong></span> 
     </span>
     <span class='ocr_line' id='line_1_33' title="bbox 81 3871 1099 3967; baseline 0 -25"><span class='ocrx_word' id='word_1_247' title='bbox 81 3871 221 3946; x_wconf 83' lang='lat' dir='ltr'><strong>Dominus</strong></span> <span class='ocrx_word' id='word_1_248' title='bbox 235 3877 381 3966; x_wconf 88' lang='lat' dir='ltr'><strong>apparuit</strong></span> <span class='ocrx_word' id='word_1_249' title='bbox 395 3876 427 3943; x_wconf 92' lang='lat' dir='ltr'><strong>in</strong></span> <span class='ocrx_word' id='word_1_250' title='bbox 441 3876 547 3954; x_wconf 87' lang='lat' dir='ltr'><strong>terris,</strong></span> <span class='ocrx_word' id='word_1_251' title='bbox 562 3898 639 3944; x_wconf 90' lang='lat' dir='ltr'><strong>cum</strong></span> <span class='ocrx_word' id='word_1_252' title='bbox 653 3877 847 3967; x_wconf 85' lang='lat' dir='ltr'><strong>martyribus</strong></span> <span class='ocrx_word' id='word_1_253' title='bbox 863 3878 991 3956; x_wconf 66' lang='lat' dir='ltr'><strong>noscis,</strong></span> <span class='ocrx_word' id='word_1_254' title='bbox 1009 3877 1099 3966; x_wconf 83' lang='lat' dir='ltr'><strong>quasi</strong></span> 
     </span>
     <span class='ocr_line' id='line_1_34' title="bbox 82 3985 1101 4077; baseline 0 -27"><span class='ocrx_word' id='word_1_255' title='bbox 82 3985 181 4074; x_wconf 89' lang='lat' dir='ltr'><strong>etipse</strong></span> <span class='ocrx_word' id='word_1_256' title='bbox 194 3985 442 4076; x_wconf 74' lang='lat' dir='ltr'><strong>misericordiane</strong></span> <span class='ocrx_word' id='word_1_257' title='bbox 458 3997 661 4064; x_wconf 89' lang='lat' dir='ltr'><strong>consecutus,</strong></span> <span class='ocrx_word' id='word_1_258' title='bbox 677 3988 887 4077; x_wconf 87' lang='lat' dir='ltr'><strong>opprobrium</strong></span> <span class='ocrx_word' id='word_1_259' title='bbox 901 3987 995 4058; x_wconf 90' lang='lat' dir='ltr'><strong>simul</strong></span> <span class='ocrx_word' id='word_1_260' title='bbox 1009 3987 1101 4074; x_wconf 87' lang='lat' dir='ltr'><strong>baju-</strong></span> 
     </span>
    </p>
   </div>
   <div class='ocr_carea' id='block_1_4' title="bbox 0 0 1325 4642">
    <p class='ocr_par' dir='ltr' id='par_1_5' title="bbox 0 0 1325 4642">
     <span class='ocr_line' id='line_1_35' title="bbox 0 0 1325 4642; baseline 0 0"><span class='ocrx_word' id='word_1_261' title='bbox 0 0 1325 4642; x_wconf 95' lang='lat' dir='ltr'><strong> </strong></span> 
     </span>
    </p>
   </div>
  </div>
 </body>
</html>
