2710 4662
378 251 543 297 nrrsroes
569 253 787 298 annonarios.
1065 233 1105 319 pb

34 357 240 424 currendum
255 368 310 422 cst
327 355 429 422 mihi.
446 355 529 424 Pius
543 373 651 424 autent
668 359 748 424 mihi
767 357 910 424 tribuero
927 380 993 424 non
1005 367 1106 448 potes-

34 468 89 540 tis,
105 489 210 554 quam
227 477 267 530 ut
283 463 450 530 immoler
464 465 551 540 Deo,
564 466 642 532 dum
657 467 763 532 adhuc
777 466 877 530 altare
889 479 1036 555 paratum
1045 481 1106 534 est:

37 577 116 640 utin
124 575 298 641 charitate
306 572 460 640 chorum
469 575 713 650 constituentes,
725 573 937 641 canetisPetri
948 577 982 640 in
991 575 1112 643 Christo

40 687 140 762 deso,
157 685 257 774 quod
271 684 477 773 episcopum
490 684 587 774 Syriae
603 685 750 774 dignatus
765 683 860 751 suerit
872 685 959 750 Deus
974 686 1007 752 in
1023 685 1115 754 Occi·

47 797 151 860 dente
167 795 330 870 inveniri,
343 795 388 860 ab
405 794 539 862 Oriente
549 795 750 862 accersitum.
764 794 889 860 bonum
902 806 950 861 est
961 817 979 860 a
991 795 1113 861 mundo

51 903 213 970 occidere
230 903 266 968 in
280 902 406 980 Deum,
424 913 462 967 ut
476 904 506 970 in
520 904 589 994 ipso
605 903 737 969 exorior.

100 1012 160 1077 111.
183 1011 364 1100 Nunquam
387 1012 542 1079 invidistis
561 1013 595 1078 in
612 1011 718 1099 aliquo
737 1009 840 1077 :aiios
859 1012 1022 1079 docuistis.
1040 1015 1110 1104 Ego

50 1133 164 1186 nutem
191 1117 282 1194 volo,
300 1131 339 1184 ut
361 1132 397 1186 et
417 1119 469 1186 iliu
488 1131 554 1186 reta
575 1120 639 1186 sint
662 1143 732 1208 quae
752 1120 903 1188 docentes
923 1122 1105 1211 praecipitis.

50 1229 167 1294 Solum
187 1230 293 1317 petite
309 1229 395 1294 mihi
413 1231 493 1296 sires
511 1242 544 1295 et
557 1229 643 1296 intus
657 1241 691 1294 et
706 1229 794 1305 soris,
811 1242 927 1296 utnon
942 1231 1041 1296 modo
1057 1232 1108 1298 ti-

50 1365 139 1414 cam,
157 1339 217 1406 sed
236 1351 272 1404 et
288 1339 409 1414 velim3
432 1352 546 1408 utnon
565 1352 693 1406 tantum
714 1340 805 1406 dicar
824 1339 1037 1416 Christianus,
1053 1341 1111 1407 sed

51 1463 85 1514 et
101 1449 264 1514 inveniar.
284 1447 322 1514 Si
337 1449 430 1516 enim
446 1451 592 1515 inventus
606 1447 712 1524 suero,
727 1447 825 1514 etiam
848 1449 911 1515 dici
933 1462 1062 1537 potores
1079 1461 1113 1536 et

55 1572 137 1624 tunc
152 1553 265 1623 fidelis
280 1579 370 1632 esse,
388 1581 463 1624 cum
479 1557 601 1624 mundo
623 1580 691 1624 uon
707 1558 877 1644 eppurcbo.
896 1555 982 1622 Nihil
995 1559 1117 1624 bonum

57 1666 152 1754 quod
164 1665 314 1730 ridetur.
331 1665 425 1732 Deus
442 1666 561 1754 quippe
578 1676 689 1730 noster
702 1663 796 1732 desus
816 1663 960 1728 Christus
977 1664 1010 1728 in
1027 1663 1120 1732 Patre

63 1775 212 1838 existens
234 1771 346 1860 magis
367 1784 509 1860 apparet.
537 1770 610 1838 Nou
631 1769 843 1858 pensitationis
859 1792 951 1858 opus,
976 1771 1032 1838 sed
1052 1795 1120 1838 ma-

72 1879 263 1969 gnitudinis
278 1891 332 1946 est
348 1877 559 1974 Christianum
577 1877 706 1965 quando
726 1878 835 1968 utique
851 1879 925 1946 odio
947 1878 1083 1960 babetur
1101 1904 1119 1947 a

78 1986 223 2052 mundo.

129 2093 188 2162 tv.
209 2095 367 2164 Ecclesiis
382 2098 497 2175 scribo,
514 2109 546 2162 et
561 2098 678 2164 mando
697 2098 857 2176 omnibus:
871 2100 956 2188 quod
971 2098 1116 2167 voiunta-

80 2205 148 2270 rius
157 2228 222 2293 pro
235 2205 311 2272 Deo
322 2207 456 2279 moriers
470 2208 496 2272 si
511 2207 607 2274 modo
622 2231 676 2274 ros
691 2231 756 2274 non
769 2209 1002 2298 prohibueritis.
1018 2209 1119 2278 Obse-

75 2336 133 2379 cro
149 2337 220 2390 vos,
238 2337 284 2380 ne
301 2314 518 2403 intempestiva
532 2315 751 2382 benevolentia
767 2341 840 2406 erga
855 2341 908 2384 me
924 2319 1000 2384 sitis.
1015 2317 1117 2384 Sinite

76 2449 131 2492 me
144 2426 292 2494 serarum
307 2449 415 2492 escum
428 2423 509 2502 fieri,
521 2449 579 2515 per
591 2450 669 2514 quas
680 2426 757 2493 licet
766 2428 870 2494 Deum
882 2429 1023 2517 adipisci.
1034 2428 1119 2494 Fru-

78 2546 225 2602 mentum
247 2557 323 2602 sum
338 2533 411 2606 Deir
429 2545 461 2600 et
475 2533 622 2600 dentibus
636 2533 777 2599 ferorum
793 2515 907 2610 molar,
925 2547 961 2601 ut
979 2536 1120 2602 mundus

75 2645 166 2734 panis
177 2644 239 2712 Dei
251 2644 408 2733 inseniar.
418 2642 581 2709 Blanditiis
589 2640 771 2708 demulcete
779 2643 885 2732 potius
893 2643 988 2719 ieras,
996 2657 1033 2709 ut
1044 2645 1123 2712 mihi

76 2753 267 2844 rapidorum
280 2753 373 2828 fiant,
384 2765 416 2818 et
427 2752 506 2820 nihii
517 2753 701 2842 decerpere
710 2775 783 2818 meo
791 2751 988 2842 relinquant;
1000 2777 1123 2822 necum

77 2865 303 2939 obdormiero,
326 2861 479 2930 molestus
497 2862 648 2950 cuiquam
668 2862 823 2928 inveniar.
844 2861 937 2928 Tunc
956 2871 1014 2929 ero
1031 2886 1123 2930 verus

77 2969 154 3038 Jesu
170 2970 298 3038 Christi
313 2967 501 3058 discipulus,
513 2968 642 3056 quando
657 2969 798 3034 mundus
809 2991 870 3036 nec
885 2991 1000 3059 corpm
1014 2993 1124 3040 meum

78 3081 212 3148 ridebit.
228 3077 458 3167 Depreccmini
470 3075 635 3142 Christum
646 3099 706 3164 pro
717 3099 784 3150 me;
800 3091 835 3143 ut
845 3078 1124 3170 perbaecorgana,

78 3189 139 3256 Dei
154 3187 286 3254 efficiar
299 3185 413 3250 hostia.
429 3183 500 3250 Non
516 3195 552 3248 ut
565 3183 679 3250 Petrus
690 3196 723 3249 et
734 3159 848 3252 indus
863 3188 1014 3275 praecipio
1024 3189 1125 3254 vobis.

80 3297 134 3363 llii
151 3292 321 3384 apostole
340 3316 398 3380 ego
420 3292 650 3358 condemnatus
665 3317 675 3358 s
692 3291 735 3358 illi
752 3292 860 3366 iiberi;
879 3317 939 3383 ego
953 3295 1128 3362 etiamnum

84 3425 206 3472 servus
226 3425 235 3467 ι
253 3411 286 3464 at
306 3400 333 3464 si
349 3421 459 3488 passus
479 3397 581 3474 suero,
600 3398 733 3464 libertus
753 3399 829 3478 iiam
847 3385 1074 3481 Jesu'christt
1096 3418 1127 3472 et

88 3534 261 3602 resurgam
276 3508 370 3578 liber.
382 3509 423 3574 Et
437 3529 525 3572 nunc
539 3508 676 3583 vinetus,
694 3507 783 3574 disco
797 3507 875 3574 nihil
890 3513 1122 3601 concupiscere.

133 3621 178 3690 V.
197 3621 226 3688 A
248 3618 340 3707 Syria
361 3616 500 3683 Romam
519 3638 618 3704 usque
642 3638 718 3682 cum
739 3617 845 3684 bestiis
865 3619 1022 3712 depugno,
1042 3637 1126 3693 terra

97 3731 254 3818 marique,
270 3737 370 3794 noctu
384 3749 425 3794 ec
440 3723 594 3800 interdiu,
610 3722 755 3815 alligatus
768 3727 876 3796 decem
890 3729 1056 3822 leopardis,
1071 3736 1128 3824 qui

101 3851 148 3904 est
170 3837 316 3906 militaris
337 3833 521 3926 manipulus
541 3836 622 3924 :qui
649 3846 682 3902 et
702 3837 856 3908 beneficio
875 3839 980 3912 abiecti
1004 3843 1131 3933 pejores
