2648 4634
219 249 285 328 418
542 267 655 318 essert
679 269 791 318 narni
814 271 877 318 ers.
904 273 935 318 rv

220 379 339 446 hebere
351 376 562 446 manifestavit
573 379 741 446 Dominus.
757 381 798 446 Et
809 393 940 470 propter
951 380 1014 447 boc
1025 376 1127 446 Filius
1138 375 1249 444 revelat

219 490 414 580 agnitionem
424 489 524 556 Patris
542 513 601 582 per
612 511 704 557 suam
715 491 1012 558 manifestationem.
1031 489 1162 580 Agnitio
1171 489 1254 554 enim

219 597 334 674 Patris,
346 611 394 665 est
409 597 480 664 Filii
495 597 709 665 manifestatio
723 623 732 666 ε
745 599 850 666 omnia
867 600 953 666 enim
969 597 1184 688 perverbum
1193 619 1256 663 ma-

220 708 417 792 nifestantur.
445 705 487 773 lit
507 731 584 798 ergo
597 725 866 797 cognosceremus
880 709 1033 798 quoniam
1051 708 1106 795 qui
1131 706 1256 773 advenit

220 815 330 892 Filius,
344 818 410 906 ipse
424 827 473 882 est
485 816 539 904 qui
551 816 745 906 agnitionem
759 814 861 882 Patris
875 815 952 884 facit
966 815 1178 884 credentibus
1188 814 1256 890 sibi,

221 929 346 998 dicebat
371 925 593 1015 discipulina
614 925 715 992 Nemo
738 927 903 1015 cognoscit
917 925 1045 992 Patrem
1063 926 1127 990 nisi
1149 921 1255 998 Filius,

220 1065 233 1099 ι
250 1059 354 1125 neque
372 1035 492 1104 lilium
506 1033 565 1100 nisi
580 1031 685 1109 Pater,
701 1045 734 1099 ct
748 1034 1004 1124 quibuscumque
1020 1033 1123 1101 Filius
1141 1031 1258 1098 revela-

221 1174 234 1208 »
250 1145 327 1212 verit
335 1169 375 1220 t·
390 1143 510 1211 docens
528 1145 734 1234 semetipsum
744 1154 777 1211 et
794 1145 934 1222 Patrem,
950 1147 1035 1214 sicut
1052 1157 1117 1223 est,
1131 1157 1170 1211 ut
1185 1143 1257 1210 alte-

221 1277 292 1322 rum
307 1277 374 1321 non
383 1254 575 1343 recipiamus
585 1253 725 1330 Patrem,
737 1254 798 1321 nisi
809 1277 884 1322 cum
897 1256 952 1344 qui
964 1279 982 1321 a
993 1253 1076 1322 Filio
1088 1253 1255 1322 revelatur.

265 1363 320 1433 lV.
338 1365 399 1432 llic
413 1377 520 1431 autern
533 1377 582 1431 est
597 1364 770 1432 fabricator
783 1364 857 1432 cveli
869 1378 902 1432 et
925 1377 1031 1442 terra,
1048 1365 1259 1454 wemadmc-

222 1475 302 1541 dum
317 1497 358 1542 ex
376 1473 576 1544 sermonibus
594 1473 665 1562 ejus
684 1472 864 1539 ostenditur
870 1497 880 1547 ς
898 1484 930 1538 et
944 1496 1009 1540 non
1030 1473 1132 1560 isqui
1149 1472 1258 1538 elder·

222 1584 328 1660 cione,
351 1580 399 1648 vel
418 1579 633 1657 aanentino,
656 1592 712 1646 aut
732 1603 750 1646 a
772 1579 921 1658 basilide,
937 1593 994 1646 aut
1016 1581 1256 1670 aCarpocrate,

223 1706 279 1760 aut
297 1693 518 1768 Simone,'aut
538 1689 668 1779 reliquis
683 1689 761 1758 falso
781 1691 1011 1781 cognominatis
1027 1689 1197 1756 Gnosticis
1213 1689 1258 1754 ad

225 1803 370 1870 inventus
393 1811 441 1867 est
463 1798 558 1866 falsus
580 1798 684 1865 Pater.
711 1799 811 1866 Nemo
834 1800 921 1866 enim
942 1797 1074 1865 illorum
1090 1797 1195 1865 Filius
1208 1798 1256 1863 fuit

224 1911 296 1987 Dei,
313 1910 368 1976 sed
380 1907 530 1976 ¹Christus
543 1907 637 1974 Jesns
653 1907 807 1974 Dominus
821 1917 941 1984 noster,
955 1907 1113 1974 adversm
1128 1918 1256 1996 quemet

226 2017 418 2086 scunarium
430 2027 580 2084 exercent
592 2013 804 2106 disciplinam,
816 2015 1015 2106 incognitum
1027 2015 1140 2083 Deum
1151 2017 1255 2082 audere

224 2139 272 2194 tes
283 2125 483 2194 annuntiare.
499 2127 624 2193 Debent
636 2138 744 2192 autem
754 2128 787 2191 in
799 2125 983 2216 semctipsos
995 2127 1113 2192 audire
1126 2148 1136 2191 s
1149 2127 1255 2206 Quem

224 2234 399 2302 admodum
413 2234 499 2302 enim
514 2235 707 2326 incognitus,
720 2235 774 2324 qni
787 2235 827 2300 ab
840 2235 913 2324 ipsis
926 2235 1256 2326 cognoscituri'quod·
1318 2243 1319 2271 l

224 2365 363 2432 cumque
374 2343 460 2410 enim
471 2341 522 2409 vel
533 2367 551 2408 a
563 2343 672 2433 paucis
685 2343 899 2434 cognoscitur,
912 2365 977 2410 non
989 2355 1040 2410 est
1052 2345 1252 2434 incognitum

225 2452 381 2520 Dominus
392 2463 500 2518 auum
511 2473 577 2520 non
589 2452 623 2519 in
633 2464 737 2519 totum
748 2475 813 2519 non
825 2475 917 2543 posse
931 2456 1087 2543 cognosci
1097 2453 1255 2520 etPrtrem

227 2575 260 2630 et
269 2561 386 2632 Filium
397 2562 476 2629 dixit
486 2583 494 2628 s
505 2571 657 2632 ceterum
670 2583 883 2652 supervacuus
895 2562 1004 2630 fuisset
1014 2563 1172 2631 adventus
1182 2563 1253 2652 ejus.

228 2672 316 2754 Quid
330 2672 417 2740 enim
433 2669 498 2740 huo
512 2669 682 2740 veniebat?
692 2693 733 2738 an
745 2671 790 2738 uti
802 2671 922 2740 diceret
933 2673 1050 2740 nobis:
1066 2671 1174 2741 Nolite
1184 2697 1257 2762 qua·

229 2806 300 2850 rere
319 2782 438 2857 Deum
457 2781 636 2874 incognitus
659 2791 708 2848 cst
727 2781 826 2859 enim,
842 2795 876 2848 et
890 2805 956 2850 non
975 2783 1145 2850 invenietis
1159 2805 1254 2850 eum:

229 2891 500 2981 quemadmodum
514 2903 547 2958 et
566 2892 729 2958 Christum
744 2889 901 2960 AEonibus
913 2912 1027 2959 eorum
1042 2893 1159 2959 dixisse
1175 2915 1258 2960 men·

71 3023 90 3058 υ
231 3002 355 3069 tiuntur
376 3001 409 3068 hi
425 3002 479 3090 qui
495 3013 570 3068 sunt
589 3024 608 3067 a
624 2999 815 3068 Valentino?
830 2999 895 3069 Sed
916 3001 980 3068 hcc
992 3001 1128 3090 quidem
1150 3021 1258 3068 vanmn

230 3119 288 3176 est.
307 3108 444 3177 Edccuit
462 3121 570 3176 autem
588 3107 757 3185 Dominus,
773 3105 924 3198 quoniam
947 3108 1051 3174 Deum
1067 3108 1151 3175 scire
1172 3131 1259 3176 nemo

231 3231 348 3308 potest,
369 3219 428 3287 nisi
449 3220 519 3286 Deo
540 3219 691 3297 docente,
707 3220 771 3287 boc
783 3231 846 3295 est,
862 3219 929 3284 sine
948 3217 1017 3285 Deo
1032 3241 1098 3285 non
1115 3219 1260 3309 cognosci

232 3327 337 3394 Deum
355 3351 363 3393 s
379 3325 442 3394 hoc
460 3328 564 3417 ipsum
579 3339 688 3394 autem
702 3327 852 3418 cognosci
873 3349 961 3404 eum,
979 3325 1178 3394 voluntatem
1198 3349 1262 3393 essa
1315 3401 1316 3429 ,

231 3437 342 3503 Patris.
369 3435 574 3527 cognoscunt
599 3437 781 3506 enimcum
803 3436 1058 3526 quibuscumque
1079 3435 1263 3503 revelaverit

232 3544 343 3612 Filius.

171 3757 172 3762 ἵ
275 3654 315 3722 V.
335 3655 375 3723 Et
390 3655 431 3724 ad
445 3656 509 3724 huc
522 3653 639 3722 Filium
655 3653 805 3754 revelavit
819 3654 926 3732 Pater,
942 3667 978 3722 ut
992 3678 1051 3745 per
1065 3679 1141 3724 eum
1159 3658 1262 3724 omni-

231 3764 547 3842 bus'manisestetur,
572 3777 605 3832 et
626 3789 680 3833 cos
703 3767 832 3855 quidem
848 3767 902 3855 qui
919 3765 1055 3833 credunt
1075 3766 1105 3833 ci
1125 3767 1215 3856 justi,
1233 3769 1262 3832 in

234 3872 492 3964 incorruptelam,
509 3885 542 3942 ct
565 3874 597 3950 in
617 3887 773 3944 eternum
794 3875 991 3966 refrigerium
1015 3875 1150 3965 recipiat
1173 3876 1261 3962 (cre-
