2516 4636
337 319 460 364 curras
483 319 634 364 sumans.
938 295 1001 382 557

39 423 249 513 idolothytis,
271 437 304 492 et
322 426 487 515 sanguine,
506 437 539 491 et
555 423 763 492 fornicatione
769 446 779 497 ς
797 434 830 488 et
844 442 1003 511 quaecum·

24 559 44 600 e
61 557 135 601 non
153 533 246 602 uultis
261 533 330 602 lieri
347 535 448 611 robis,
464 533 531 600 aliis
548 558 588 601 ne
604 534 748 602 iacietis:
766 555 789 632 a
802 533 918 622 quihus
933 553 1003 600 cus·

22 643 150 710 dientes
175 665 229 710 vos
251 645 347 734 ipsos,
370 645 454 710 hene
471 643 581 733 agetis,
605 642 804 712 ambulantes
826 644 859 708 in
881 642 1002 732 Spiritu

22 765 99 820 ueto
110 752 134 817 ¹.
150 751 380 820 »Manifestum
395 765 442 820 est
453 753 549 842 igitur
562 753 661 820 erbis
672 753 833 830 omnibus,
849 753 1001 842 quoniam

42 860 188 928 alterum
205 861 331 930 Patrem
350 885 418 929 esse
439 863 610 940 docebant,
632 862 688 930 sed
707 862 861 929 libertatis
881 883 1002 930 novum

22 982 209 1038 tomentum
227 971 346 1038 dabant
365 969 414 1038 his
434 971 489 1060 qui
506 992 587 1038 nove
602 971 636 1038 in
649 971 753 1037 Deum
767 993 825 1062 per
846 969 1000 1060 Spiritum

22 1093 111 1146 ctum
128 1079 315 1148 credebant.
334 1079 397 1169 lpsi
415 1093 536 1156 antem,
551 1093 591 1146 ex
605 1103 644 1146 eo
659 1079 745 1170 quod
760 1092 938 1167 quaererent
959 1103 1001 1148 an

22 1202 126 1256 rteret
149 1188 337 1257 circumcidi
361 1189 467 1258 adhuc
493 1188 662 1279 discipulos
688 1211 809 1265 neone,
836 1189 1002 1256 manifeste

22 1299 187 1380 eoderunt,
209 1322 275 1368 non
296 1299 444 1368 habuisse
465 1324 499 1367 se
520 1299 648 1368 alterius
674 1298 734 1369 Dei
758 1298 1002 1389 contemplatio·
1044 1288 1047 1294 ¹
1075 1285 1085 1300 ¹
1114 1364 1118 1372 .

22 1432 47 1475 ι.
838 1415 844 1494 ;

22 1520 172 1587 {aeterum
190 1544 256 1590 non
270 1519 367 1588 talem
386 1522 534 1589 timorem
553 1522 638 1590 circs
658 1521 799 1612 primum
817 1519 1002 1586 habuissent
1089 1523 1112 1575 κ’

24 1641 217 1708 tomentum,
237 1642 274 1696 ut
292 1653 353 1698 nec
371 1653 446 1697 eum
464 1630 607 1700 Etbnicis
626 1629 755 1719 quidem
774 1628 920 1700 convesci
936 1625 1004 1700 rel-

22 1749 39 1803 t.
63 1738 146 1804 Nam
165 1749 198 1806 et
216 1740 341 1825 Petrus,
365 1741 507 1829 quamvis
530 1740 571 1805 ad
595 1739 839 1807 catechizandos
857 1759 911 1806 eos
927 1736 1005 1808 mis-

38 1859 136 1923 esset,
160 1860 193 1913 et
215 1845 270 1913 tuli
293 1848 411 1914 visione
434 1849 626 1915 conterritus
647 1848 769 1923 suisset,
794 1871 869 1915 eum
890 1846 1007 1912 timore

22 1981 74 2022 ren
92 1956 196 2023 multo
214 1956 340 2025 locutus
359 1971 406 2042 est
424 1959 465 2024 ad
481 1982 548 2034 eos,
568 1959 699 2025 dicens:
718 1957 806 2049 slp'si
821 1957 907 2025 scitis
921 1967 1005 2044 quo·-

22 2067 81 2132 iam
96 2089 162 2132 non
177 2078 225 2132 est
238 2066 284 2132 sas
299 2067 366 2132 viro
384 2066 405 2132 J
408 2067 498 2132 udaeo
513 2067 656 2157 adjungi,
674 2077 728 2132 aut
744 2067 914 2132 convenire
930 2087 1006 2134 cum

22 2173 155 2264 lophylo
171 2199 180 2241 ε
194 2174 273 2242 mihi
288 2187 396 2240 autem
410 2173 497 2242 Deus
513 2175 664 2252 ostendit,
679 2175 841 2242 neminem
856 2197 1004 2243 commu·
1122 2239 1128 2256 ,

22 2307 70 2350 em
88 2295 144 2349 aut
165 2283 368 2350 immundum
387 2283 495 2351 dicere
511 2283 675 2351 hominem
694 2305 706 2348 s
722 2298 914 2375 quapropter
937 2285 1005 2352 sine
1095 2305 1099 2311 ·

22 2395 247 2463 ontradictione
266 2393 375 2461 aeni².·
388 2424 402 2457 s
415 2395 471 2460 His
490 2395 693 2462 sermonibus·
706 2394 899 2484 significans,
922 2418 1005 2485 quo-

24 2525 56 2568 m
74 2527 138 2570 nou
155 2503 271 2570 abisset
289 2503 329 2569 ad
349 2525 415 2579 eos,
437 2502 496 2570 nisi
514 2504 619 2592 jussus
638 2503 758 2570 suisset.
780 2502 834 2571 Sic
852 2527 943 2592 saque
961 2528 1002 2572 ne

22 2614 125 2702 stismu
147 2613 276 2703 quidem
294 2611 387 2680 saeile
406 2612 562 2689 dedisset,
586 2611 659 2691 nisi,
683 2611 803 2702 Spiritu
824 2625 936 2680 sancto
957 2635 1005 2678 re·

22 2726 149 2791 lescente
167 2747 264 2814 super
280 2747 347 2799 eos,
367 2723 595 2812 prophetantes
612 2745 667 2790 eos
685 2722 833 2787 audisset.
855 2720 896 2784 Et
910 2743 1004 2809 prop·

39 2833 100 2900 hoo
121 2833 218 2900 disits
245 2831 433 2920 «Numquid
451 2829 563 2918 aliquis
581 2851 697 2918 aquam
716 2840 821 2894 vetare
839 2838 945 2915 potest
963 2827 1004 2892 ad

23 2942 220 3030 optinendum
255 2940 314 3007 hos
344 2940 399 3027 qui
432 2935 586 3028 Spiritmn
612 2947 759 3003 sanctum
790 2947 1001 3024 aeceperunt,

22 3049 266 3136 guemadmedum
279 3060 313 3113 et
327 3046 459 3113 nos⁸i¹s
479 3045 623 3112 Suadens
643 3043 737 3111 simul
758 3044 807 3110 his
824 3044 878 3134 qui
893 3067 1003 3114 secum

22 3169 77 3235 snt,
94 3169 126 3224 et
144 3158 335 3248 significans,
356 3155 507 3245 quoniam
526 3156 586 3222 nisi
606 3155 741 3245 Spiritus
760 3167 888 3222 sauctus
908 3179 1004 3246 super

22 3289 32 3331 s
47 3265 254 3355 requievisset,
270 3265 417 3332 existeret
431 3265 485 3354 qui
499 3287 554 3332 eos
567 3265 751 3354 prohiberet
763 3288 781 3330 a
799 3265 1000 3355 baptismate.

35 3387 133 3442 autem
148 3376 203 3465 qui
217 3375 301 3442 circa
316 3376 475 3444 lucabum
490 3373 644 3464 Apostoli,
662 3373 818 3443 Gentibus
830 3373 959 3464 quidem
969 3373 1004 3440 li-

24 3511 55 3552 re
70 3507 155 3576 agere
165 3486 404 3576 permittebant,
418 3484 629 3553 concedentes
644 3507 703 3551 nos
714 3484 845 3573 Spiritui
857 3484 926 3550 Dei.
940 3484 1003 3573 Ipsi

22 3621 55 3664 ro
68 3596 209 3668 eumdem
224 3597 359 3663 scientes
370 3597 486 3673 Deum,
499 3597 743 3686 perseverabant
757 3595 789 3662 in
800 3596 939 3684 pristinis
950 3597 1005 3662 ob·

22 3708 200 3774 cretionibus
214 3731 222 3773 :
241 3707 283 3774 itu
300 3720 335 3778 ut
349 3721 382 3774 et
395 3708 508 3775 Petrus
522 3729 664 3796 quoque,
679 3705 794 3772 timens
808 3728 849 3771 ne
863 3705 1006 3796 culpare-

24 3841 38 3882 r
52 3816 88 3882 ab
101 3816 181 3906 ipsis,
199 3829 272 3884 ante
286 3815 483 3884 manducans
499 3839 573 3883 cum
587 3814 755 3892 Gentibus,
772 3827 901 3906 proptor
916 3817 1005 3884 visio·

22 3947 30 3981 ¹
41 3947 91 3998 bct.
104 3963 140 4009 aa,
153 3949 179 3996 23
189 3957 215 4000 ct
225 3963 295 4014 seqq.
315 3975 340 3988 -·
351 3947 362 3982 ²
372 3949 429 4000 Act.
443 3965 469 4009 x,
483 3948 522 4010 28,
534 3965 571 4014 ²9·
583 3975 614 4006 ·,-
623 3947 633 3980 ⁸
643 3945 703 3998 ibid.
715 3945 756 4010 47.
