2772 4620
240 352 245 358 .
296 322 446 366 ninuocua
470 321 532 364 cun
555 320 720 364 rauruonn
742 319 857 364 anano.
1031 300 1094 386 559

49 428 234 495 admodum
247 427 364 504 diiiati,
380 451 442 494 ncc
453 449 572 516 agnum
585 425 715 492 Pascha
727 424 804 492 alibi
818 423 975 492 immolari
989 449 1094 516 posco,

50 561 117 604 nec
129 539 239 604 hircos
251 540 285 604 in
299 536 422 626 jejunio
436 536 540 624 jussos
550 531 671 610 offarri,
686 557 748 601 nuc
759 545 890 602 caetaraa
904 557 1015 601 omncs
1031 558 1098 604 om·
1117 587 1119 591 -

49 647 135 712 nino
152 647 341 715 oblationes.

98 755 189 822 Tum
200 778 281 844 ago:
299 755 454 836 Quanam
464 775 540 843 crgo
550 752 602 820 illa
618 755 682 820 sint
700 777 769 842 quar
785 754 907 842 possint
918 755 1095 834 observari,

51 864 142 952 ipse,
160 887 281 974 quaeso,
297 863 442 930 adiutura.
465 861 536 929 Tibi
552 863 639 929 anim
653 885 840 952 persuasum
854 864 916 932 orit
929 887 1022 954 poaac
1036 865 1093 932 ali·

51 995 174 1058 quom,
189 994 255 1037 non
255 963 512 1037 observationec
522 970 1097 1064 perfectiaaeterniajuatitiaepraecop-

53 1077 113 1153 tis,
127 1076 405 1144 saiutcmomnino
417 1078 580 1166 concoqui.

99 1184 147 1252 At
164 1183 238 1251 illo:
260 1183 398 1252 Sabbata
415 1207 578 1285 peragere,
595 1197 629 1252 ot
642 1187 844 1264 circumcidi,
858 1201 891 1256 et
903 1211 1027 1258 monaca
1038 1193 1096 1259 ob·

53 1319 199 1373 servaro,
218 1305 251 1361 ct
263 1293 394 1361 ablui
369 1320 395 1362 ar
414 1295 527 1384 quida
547 1296 634 1364 Moac
652 1297 853 1386 prohibitum
871 1300 1025 1390 attigeris,
1044 1301 1094 1368 val

55 1418 132 1492 post
146 1405 365 1472 concubitum.

102 1513 187 1580 Turn
201 1510 260 1602 ago
275 1537 283 1578 ι
304 1512 480 1590 Abraham,
497 1513 641 1602 inquam,
661 1525 695 1580 ot
710 1516 799 1582 iaaac
813 1526 848 1581 ct
861 1515 962 1584 Jacob
977 1529 1011 1582 at
1029 1497 1097 1584 Noc

56 1635 90 1690 ct
105 1625 182 1699 Job,
202 1635 235 1690 et
248 1624 274 1690 ai
290 1623 344 1711 qui
360 1622 413 1689 alii
431 1635 506 1690 anto
521 1623 571 1689 val
585 1634 658 1713 post
672 1647 726 1690 cos
741 1627 818 1714 justi
834 1624 978 1693 similiter
993 1627 1096 1704 incra,

57 1733 172 1798 Suram
193 1732 265 1798 dico
283 1724 418 1796 uxorum
438 1731 575 1812 Abrahaa
594 1743 628 1796 ct
647 1730 830 1798 Rebeccam
848 1732 961 1808 isaaci,
980 1745 1015 1800 ot
1033 1733 1098 1800 iia-

56 1842 187 1908 cholam
201 1855 297 1930 atqua
310 1842 402 1907 Liam
416 1841 543 1917 dacobi,
564 1851 597 1906 at
612 1839 748 1928 reliquas
763 1841 840 1908 aliaa
854 1842 1026 1930 ejusmodi,
1042 1857 1097 1910 ua-v

57 1977 123 2040 quo
139 1952 181 2017 ad
194 1951 301 2026 dionis,
321 1949 424 2017 fidelia
439 1949 522 2015 illius
538 1947 660 2026 famuli,
681 1962 830 2026 matram,
849 1973 925 2018 cum
941 1952 1022 2020 nihil
1036 1952 1098 2019 ho-

58 2085 135 2126 rum
150 2058 379 2135 custodierint,
394 2083 473 2125 num
488 2060 578 2126 vobio
595 2057 730 2126 sulutem
745 2060 892 2126 videntur
907 2060 1075 2152 adepturi?

104 2168 280 2258 Respondit
299 2167 451 2256 Tryphor
476 2167 546 2236 Non
567 2169 774 2235 circumcisus
795 2180 843 2234 cat
864 2169 1040 2249 Abraham,
1063 2183 1095 2239 et

58 2281 114 2366 qui
129 2289 201 2367 post
216 2299 290 2344 eum
305 2277 417 2344 fuerat

102 2390 169 2478 Ego
182 2409 277 2454 vcro:
296 2388 385 2464 Scio,
399 2389 542 2479 inquam,
558 2391 721 2458 Abraham
730 2393 864 2480 ejusque
874 2405 1018 2481 postcras
1029 2395 1095 2462 cir-

60 2501 216 2564 cumcisos
236 2497 341 2566 inisse.
369 2498 435 2565 Cur
456 2509 566 2566 autem
588 2502 661 2567 datu
685 2501 744 2568 illis
763 2503 964 2572 circumcisio
984 2503 1093 2581 fucrit,

62 2604 204 2694 pluribus
218 2623 313 2696 supra
328 2607 476 2681 diasorui3
497 2621 531 2674 ot
545 2610 572 2676 ai
589 2633 644 2678 vos
654 2634 705 2687 ca,
721 2633 793 2700 quaa
809 2611 887 2686 dixi,
904 2634 969 2678 uon
986 2613 1095 2680 inflac-

60 2727 144 2792 tunt,
162 2737 230 2784 rom
247 2717 352 2784 danuo
365 2718 627 2786 examinabimur.-
650 2720 698 2785 Ex
714 2721 807 2809 justia
825 2728 934 2786 antem
952 2721 1093 2788 homini-

58 2827 117 2890 bus
136 2826 296 2892 nominem
317 2849 446 2916 prorsus
463 2849 565 2915 usqua
582 2829 624 2894 ad
641 2827 763 2894 Mosam
783 2828 959 2917 quidquam
980 2851 1092 2896 cortun

59 2933 225 3021 dequibus
240 2935 338 3000 modo
352 2937 585 3022 quaercbamua,
604 2948 721 3025 prator
734 2959 819 3010 aum,
839 2957 911 3024 qnae
929 2938 969 3002 ab
988 2937 1092 3006 Abra-

58 3041 153 3107 hamo
167 3043 294 3108 initium
307 3041 433 3118 habuit,
453 3043 744 3119 circumcisionem,
765 3045 949 3113 observasse
961 3059 1018 3114 aut
1032 3050 1093 3116 ob-

60 3150 203 3214 servandi
218 3162 414 3238 praeccptum
429 3150 591 3239 accepisse
605 3151 703 3217 scitia.

104 3257 144 3320 Et
158 3254 232 3320 iila:
250 3255 388 3331 Scimus,
404 3257 518 3345 inquit,
533 3270 566 3322 ct
581 3281 636 3324 aon
650 3258 763 3326 saivari
779 3261 980 3332 oonsrumur.

102 3365 323 3453 Egornrsum:
340 3365 544 3432 Considerate
553 3368 659 3436 omnia
666 3353 991 3462 ejusmodipraeneptu
999 3397 1092 3464 prap-

61 3488 107 3539 tor
117 3475 268 3539 duritiam
281 3473 386 3539 cordis
397 3473 505 3563 populi
516 3478 611 3542 rastri
622 3501 680 3566 por
689 3479 811 3546 Mosam
823 3482 911 3550 vohis
922 3505 940 3547 a
951 3482 1020 3550 Doo
1032 3497 1092 3551 tra·

61 3582 122 3648 dita
132 3607 219 3656 ιιιιιις
234 3595 269 3647 ut
280 3580 526 3671 pluribuahinca
538 3588 634 3652 robus
644 3588 811 3666 admoniti,
823 3589 856 3657 in
866 3591 953 3658 omni
964 3578 1089 3664 actiona
1135 3667 1138 3676 ,
1267 3651 1271 3660 .

62 3693 158 3759 Dcum
172 3716 299 3782 sempor
313 3703 388 3758 autc
403 3691 513 3760 oculos
525 3693 776 3771 haberatimroc
790 3699 907 3788 injuato
921 3705 978 3768 aut
992 3703 1088 3794 impia

61 3825 149 3890 ugare
163 3801 353 3892 inciperetis.
377 3801 458 3886 Nam
472 3813 505 3882 ct
521 3803 930 3896 coccineumpanniculum
946 3821 981 3878 ut
997 3815 1085 3886 vohis

62 3913 336 4003 circumponentis
351 3912 514 4002 praecepit,
531 3915 623 4002 cujus
638 3939 699 4005 opo
714 3916 799 3984 nulia
815 3941 869 3984 voa
884 3919 941 3988 Doi
951 3936 1085 4012 caperet

802 4081 805 4090 .
856 4052 907 4095 aa.
