2808 4688
267 199 309 276 48
626 219 737 264 sascrr
762 219 935 264 carnrrrs

266 326 473 415 »justificeris
490 327 523 392 in
540 328 740 392 sermonibus
758 327 833 401 tuis,
851 338 883 392 et
903 325 1029 399 vincas,
1047 345 1138 391 cum
1156 323 1312 412 judicaris

268 436 380 503 »Ecce
393 437 480 503 enim
494 435 527 501 in
542 436 762 522 iniquitatibus
777 447 952 524 conceptus
964 457 1056 507 cumr
1073 446 1115 498 et
1132 434 1171 498 in
1186 435 1315 521 peccatis

269 545 443 632 »concepit
458 565 510 608 me
524 556 626 608 mater
643 565 725 610 mea.
747 543 833 610 Ecce
852 543 938 608 enim
957 543 1142 607 veritatem
1162 539 1312 605 dilexisti:

269 677 281 712 ι
296 651 416 718 incerta
427 663 459 716 et
470 650 595 720 occulta
607 653 765 740 sapientiae
778 665 841 716 tuae
854 649 1067 716 manifestasti
1085 647 1190 714 milli.
1208 649 1314 736 Asper·

268 783 348 849 »ges
362 781 414 826 me
430 760 582 848 hyssopo,
598 771 632 824 et
646 759 825 824 mundabor
843 780 851 822 ε
871 756 992 824 lavabis
1006 776 1078 831 me,
1097 769 1136 820 et
1155 779 1264 844 super
1275 757 1312 820 ni-

268 889 366 934 trem
381 865 563 932 dealbabor.
585 865 705 932 Audire
722 887 773 931 me
794 864 891 930 facies
908 861 1172 930 exsultationem
1195 877 1233 931 et
1248 863 1311 930 lati
1357 939 1358 958 χ

268 975 395 1042 stiam:
412 973 618 1042 exsultabunt
631 997 701 1041 ossa
718 973 894 1038 humiliata.
912 973 1032 1040 dverte
1048 973 1182 1039 faciem
1199 987 1310 1040 trnms

269 1084 431 1174 »peccatis
445 1085 543 1157 meist
557 1096 591 1150 et
606 1106 716 1150 omnes
731 1083 912 1170 iniquitates
924 1105 1012 1148 meas
1028 1083 1118 1148 dele.
1139 1085 1215 1150 Cor
1226 1108 1309 1150 mun-
1357 1135 1358 1168 ,

269 1193 373 1258 »dum
388 1215 459 1260 crea
475 1195 509 1259 in
523 1215 575 1260 me
590 1193 691 1265 Deus;
706 1204 740 1256 et
754 1189 900 1279 spiritum
915 1190 1042 1258 rectum
1059 1192 1190 1258 innova
1208 1194 1242 1258 in
1256 1194 1308 1257 ris¹

269 1302 421 1368 »ceribus
442 1302 530 1368 meist
557 1301 605 1368 Ne
626 1300 774 1388 projicias
795 1321 848 1402 me
867 1321 884 1364 a
902 1299 981 1364 facie
1004 1311 1081 1374 tua;
1105 1312 1143 1366 et
1164 1303 1306 1390 spiritum
1357 1371 1358 1405 ,

268 1420 439 1476 »motum
455 1421 547 1474 tuum
562 1429 603 1473 ne
618 1406 741 1472 auferas
755 1429 774 1472 a
788 1429 852 1472 me.
869 1405 979 1471 Redde
995 1407 1076 1472 mibi
1097 1406 1252 1474 laetitiam
1263 1431 1306 1474 sa-

268 1543 282 1578 s
296 1512 405 1582 lutaris
416 1516 463 1582 tui
469 1540 479 1588 ;
498 1528 530 1612 et
545 1515 657 1605 spiritu
671 1512 837 1604 principali
854 1513 1008 1580 confirma
1020 1537 1085 1580 mc.
1100 1514 1247 1583 Docebo
1256 1517 1304 1582 ini-

269 1653 281 1688 s
296 1648 375 1714 quos
390 1627 456 1692 vias
471 1639 557 1699 tuest
573 1637 605 1690 et
616 1625 705 1714 impii
717 1635 942 1690 convertentur
957 1623 999 1688 ad
1012 1636 1055 1689 tc.
1069 1624 1193 1692 Libera
1206 1627 1304 1692 mede

269 1733 513 1823 sanguinibus,
534 1733 632 1809 Deus,
652 1731 738 1798 Deus
757 1729 864 1798 salutis
882 1745 978 1804 meae:
1001 1731 1179 1799 exsultabit
1200 1734 1302 1823 lingua
1356 1726 1358 1788 l

269 1865 367 1910 ‚mea
383 1843 537 1931 justitiam
554 1855 652 1908 tuam.
673 1840 821 1916 Domine,
837 1863 872 1905 os
886 1862 994 1906 meum
1010 1841 1150 1929 aperies:
1170 1855 1206 1907 et
1223 1843 1300 1909 labis

269 1977 282 2012 s
296 1971 367 2016 mea
378 1951 612 2016 annuntiabunt
623 1948 750 2015 laudem
765 1962 863 2015 tuam.
879 1947 1039 2027 Quoniam
1050 1950 1075 2015 si
1087 1950 1249 2018 voluisses
1260 1975 1302 2016 sa
1356 1962 1358 2037 t

268 2057 467 2134 »orificium
490 2057 648 2124 dedissem
668 2058 798 2146 utiquc3
822 2054 1013 2123 holocaustis
1030 2080 1092 2122 non
1108 2055 1303 2124 delectabe-

269 2194 282 2229 ι
297 2168 349 2234 ris.
365 2165 564 2232 Sacrificium
576 2165 644 2232 Deo
655 2166 782 2254 spiritus
794 2165 1017 2232 contribulatus
1027 2187 1100 2244 :cor
1109 2147 1302 2232 contritum

269 2287 329 2342 »et
342 2273 545 2342 humiliatum
558 2275 644 2342 Deus
659 2297 723 2341 non
739 2273 948 2362 despiciet¹.»
1356 2311 1358 2392 p

311 2381 402 2449 XlX.
422 2381 549 2449 Talium
568 2383 720 2472 igiturne
741 2393 918 2458 tantorum,
935 2382 1070 2468 adeoque
1084 2378 1298 2447 laudatorum

268 2487 444 2564 humilitas,
456 2501 489 2556 et
501 2489 693 2557 verecundia
704 2512 762 2577 per
773 2487 1001 2564 obedientiam,
1015 2511 1077 2554 non
1087 2501 1212 2554 tantum
1221 2513 1295 2564 nos,

268 2597 325 2663 sed
339 2598 512 2664 anteriores
526 2609 648 2674 aetates,
661 2595 806 2662 meliores
822 2596 912 2671 lecit;
932 2619 1051 2686 eosque
1065 2599 1119 2686 qui
1134 2599 1168 2664 in
1181 2599 1293 2666 timore

267 2717 301 2770 et
315 2703 448 2772 veritate
461 2702 588 2793 eloquia
603 2705 672 2792 ejus
687 2716 903 2794 susceperunt.
918 2703 1094 2792 Multorum
1106 2707 1214 2796 itaque
1226 2731 1290 2774 ma-

268 2835 468 2902 gnorumque
483 2835 522 2882 ac
537 2811 706 2880 illustrium
723 2826 884 2902 gestorum
898 2816 1068 2904 participes
1083 2816 1173 2894 lacti,
1188 2840 1292 2883 recur-

249 2965 255 2974 -
269 2944 375 2990 ramus
386 2923 428 2988 ad
439 2923 525 3012 pacis
537 2945 671 3013 scopum
682 2924 773 2990 nobis
784 2925 824 2991 ab
837 2923 927 2989 initio
937 2924 1107 3000 traditnm;
1123 2939 1157 2991 et
1168 2925 1290 3014 figamus

269 3029 378 3098 oculos
392 3030 425 3097 in
440 3044 565 3120 patrem
579 3044 613 3098 et
630 3043 806 3098 creatorem
827 3033 924 3098 totius
950 3033 1081 3108 mundi;
1103 3048 1200 3124 atque
1214 3033 1291 3099 illius

269 3139 445 3230 magnificis
460 3153 493 3208 et
508 3140 769 3229 exsuperentibus
786 3140 877 3206 donis
890 3141 989 3229 pacis,
1006 3164 1045 3208 uc
1059 3143 1224 3210 beneficiis
1238 3143 1294 3208 hae-

269 3271 418 3318 reamus:
437 3248 627 3339 cogitatione
650 3247 903 3338 contemplemur
920 3272 1008 3324 eum,
1030 3261 1062 3316 ct
1082 3251 1181 3316 animi
1201 3248 1295 3318 oculis

269 3359 450 3426 intueamur
464 3359 498 3426 in
508 3359 720 3448 aequanimam
735 3354 817 3424 illius
829 3357 1024 3426 voluntatem
1037 3382 1046 3425 ε
1061 3360 1294 3426 consideremus

269 3485 333 3548 quo
354 3467 451 3530 modo
470 3489 544 3556 erga
566 3487 695 3533 omnem
717 3477 896 3532 creaturam
918 3489 1007 3534 suam
1033 3467 1073 3533 sit
1094 3465 1178 3534 lenis
1198 3480 1229 3532 et
1249 3467 1295 3530 la-

269 3565 346 3632 cilis.
662 3579 671 3590 “

312 3673 387 3740 XX.
407 3674 486 3740 Coeli
502 3682 729 3765 gubernatione
741 3684 810 3772 ejus
827 3681 992 3758 commoti,
1008 3681 1040 3746 in
1058 3705 1139 3770 pace
1155 3684 1186 3748 ci
1201 3681 1296 3766 subji-

302 3801 363 3850 ¹Pr.
375 3819 396 3862 r,
413 3817 435 3854 1.
