2646 4628
251 223 310 286 aad
571 235 683 280 sancrr
705 233 817 280 raanan
839 235 899 276 nm.
926 233 937 274 t

247 347 389 436 expertes
411 357 444 410 et
464 321 564 430 ignari
586 363 704 406 sumus.
733 339 853 412 Verum
873 361 909 404 ea
930 361 1001 426 quae
1028 335 1224 426 simpliciter
1244 351 1277 401 et

247 481 331 534 vere‚-
353 477 392 521 ao
413 451 530 539 vulgari
550 471 706 524 sermone,
729 446 882 514 benevolo
901 460 1007 514 tamen
1028 443 1154 522 animo,
1177 445 1222 510 ad
1245 458 1275 509 te

247 567 360 654 scripta
376 573 461 636 eunt,
478 570 512 624 tu
534 579 659 644 quoque
675 556 743 643 pari
764 555 860 620 animi
879 552 1098 619 benovolentia
1117 553 1271 639 accipies,

246 697 344 761 eaque
360 672 437 760 ipse,
456 680 564 756 utpote
585 666 675 731 nobis
694 664 858 738 eruditior,
875 663 960 749 quasi
981 662 1102 726 semina
1120 661 1270 748 quaedam

245 797 277 850 et
301 783 386 848 initia
408 801 425 844 a
447 778 538 844 nobis
557 787 699 863 accepta,
716 773 799 862 apud
820 785 852 837 te
874 770 1094 859 amplificabis,
1118 782 1219 856 atque
1240 771 1268 834 in

245 891 359 959 mentis
370 899 432 952 tuae
443 883 620 957 latifundio‚
632 905 702 970 qum
712 880 848 944 breviter
862 902 879 942 a
891 877 981 944 nobis
993 877 1077 942 dicta
1092 887 1186 952 sunt,
1198 879 1269 940 ube

247 1001 310 1066 rius
342 998 465 1070 efferes,
486 1015 617 1083 quaeque
635 1015 692 1058 nos
712 988 867 1056 imbecille
887 988 1097 1062 narravimus,
1118 1009 1160 1050 ea
1176 996 1217 1050 tu
1235 987 1267 1048 iis

246 1109 433 1197 quibuscum
448 1103 504 1168 tibi
520 1099 715 1167 consuetudo
725 1109 772 1164 cst
787 1120 850 1162 non
865 1097 931 1160 sine
946 1096 1060 1160 robore
1075 1092 1262 1158 declarabis

245 1217 285 1282 Et
299 1210 566 1303 quemadmodum
586 1231 655 1283 nos,
672 1205 831 1293 flagitante
845 1216 875 1269 te
894 1205 958 1290 jam
976 1202 1103 1290 pridem
1122 1225 1265 1288 quaenam

245 1327 384 1413 ipsorum
407 1319 563 1386 sententia
582 1327 662 1381 esset
679 1313 863 1402 intelligere,
884 1311 1059 1376 studuimus
1074 1309 1194 1374 sedulo
1208 1333 1263 1374 non

245 1433 340 1500 modo
350 1453 420 1496 eam
435 1429 491 1493 tibi
507 1427 705 1515 perspicuam
716 1423 860 1499 reddere,
873 1421 927 1486 sed
938 1421 977 1484 ad
988 1420 1086 1508 ipsius
1098 1418 1264 1487 falsitatem

244 1535 554 1609 commonstrandam
578 1531 740 1598 facultates
766 1529 964 1618 suppeditare
990 1550 998 1590 ε
1026 1527 1148 1592 eodem
1174 1527 1263 1592 modo

245 1662 280 1716 tu
295 1671 433 1736 quoque,
454 1668 512 1732 pro
532 1667 568 1708 ea
588 1643 685 1730 gratia
700 1661 796 1728 quam
813 1662 830 1703 a
854 1639 988 1702 Domino
1008 1649 1209 1702 consecutus
1223 1661 1261 1709 es,

244 1768 390 1845 prompte
403 1765 496 1842 atque
507 1751 623 1816 obnixo
634 1748 738 1814 studio
755 1747 875 1813 caeteris
886 1745 1032 1811 inservies
1045 1767 1053 1808 :
1067 1757 1106 1808 ut
1122 1745 1262 1810 homines

243 1887 306 1930 non
321 1864 386 1950 jam
407 1857 540 1948 amplius
558 1879 668 1923 eorum
694 1855 834 1920 oratione
848 1853 888 1918 ad
903 1853 1166 1940 persuadendum
1180 1876 1262 1919 com-

243 1979 349 2059 parata
363 1966 587 2032 distrahantur.
608 1965 663 2028 Est
677 1973 783 2028 autem
798 1983 835 2026 ea
850 1959 1040 2048 hujusmodi.

705 2165 727 2253 g
750 2166 793 2232 11.

595 2339 633 2380 BE
657 2335 906 2382 vaunnrlrtlants.

289 2468 380 2538 Cum
399 2464 667 2538 Valentinianos
684 2471 861 2564 praecipue
876 2463 1117 2536 confutandos
1133 2490 1261 2564 aggre-

242 2573 370 2659 diatur,
386 2569 500 2641 fusius
519 2583 644 2638 contra
660 2569 740 2639 illos
758 2595 865 2667 agens
879 2597 888 2640 t

293 2677 494 2774 1⁰quponit
508 2672 657 2744 ridicula
668 2673 848 2744 Valentini
861 2680 1006 2748 inventa
1023 2681 1119 2748 circa
1132 2683 1260 2748 AEouas

243 2782 478 2864 et'Pleroma,
497 2804 654 2874 quorum
680 2777 862 2850 brevitatis
884 2806 988 2853 causa
1009 2781 1106 2853 hanc
1130 2783 1263 2856 habeas

244 2913 418 2960 summam
432 2913 453 2957 a
471 2887 711 2958 benedictinis
725 2889 774 2957 ita
789 2890 890 2986 quasi
909 2888 1133 2985 coagulatam
1148 2891 1184 2959 ¹·:

284 3038 397 3105 Totam
417 3039 575 3106 Valentini
594 3063 631 3107 ac
650 3040 875 3130 discipulorum
893 3044 961 3130 ejus
981 3043 1191 3130 hypothesim
1209 3049 1264 3111 tn'-

240 3149 301 3212 bus
311 3149 368 3212 niti
384 3149 550 3236 capitibus,
565 3162 677 3215 notum
687 3163 746 3217 est.
762 3151 901 3216 Primum
912 3151 1108 3227 Pleromatis,
1127 3177 1189 3219 seu
1201 3155 1263 3244 ple-

240 3253 390 3320 nitudinis
416 3279 522 3320 rerum
543 3256 731 3331 divinarum,
757 3256 995 3346 explicationem
1022 3259 1260 3348 complectitur.

240 3361 384 3428 Alterum
398 3363 481 3429 circa
496 3387 533 3427 ea
548 3376 687 3429 versatur
702 3387 770 3451 quae
784 3377 869 3430 extra
885 3366 1026 3432 Pleroma
1042 3369 1261 3459 contigerunt.

239 3468 379 3538 Tertium
406 3472 541 3559 denique
567 3472 676 3538 mundi
704 3472 798 3560 hujus
826 3474 1021 3563 aspectabilis
1042 3478 1207 3564 originem
1235 3493 1265 3545 et

240 3578 494 3644 constitutionem
513 3581 648 3667 exponit.
671 3580 708 3645 ln
726 3581 825 3668 prima
844 3594 933 3669 parte
951 3607 1000 3648 res
1020 3587 1208 3672 superiores
1228 3613 1266 3655 ac

240 3677 349 3746 di'vinae
361 3693 607 3770 pertractantem
623 3689 654 3752 in
665 3700 820 3776 postrema
832 3713 881 3756 res
891 3691 1006 3758 infima
1016 3705 1048 3759 et
1058 3695 1261 3786 corporalem

271 3805 407 3858 ¹blassuct.
423 3811 524 3862 Dissert.
539 3813 562 3874 1,
574 3822 620 3862 ert.
633 3831 657 3875 v,
669 3830 695 3864 n.
710 3831 737 3864 ra
746 3824 852 3881 etscqq.
865 3816 914 3867 vol.
926 3817 964 3867 ll.
