2710 4662
247 229 394 274 BPlS'l'Obb
419 230 574 274 BCGbESIAE
598 231 801 285 minimis,
826 223 888 276 eie·
1024 216 1075 290 141

20 349 143 402 ent:
167 335 227 425 ipsi
246 357 320 404 vero
338 361 378 403 eo
396 337 591 404 fortitudinis
610 350 772 414 venerant,
793 351 829 404 ut
848 361 942 406 nemo
960 338 1084 406 illorum
1140 357 1145 366 ·
1247 395 1257 404 .

20 447 83 512 ‘el
109 447 266 514 strideret
279 447 331 514 vel
346 448 589 537 ingemiscerets
607 449 755 514 om‘nibus
771 450 986 526 ostendentes,
1003 474 1086 518 mar-
1156 471 1163 484 ·

20 579 133 642 yres
152 557 288 632 Christi,
304 581 337 624 se
353 569 432 624 tunc
448 557 527 624 dum
544 569 781 646 torquerentur,
797 583 816 624 a
835 581 931 628 carne
947 563 1088 650 peregri-

19 679 141 733 ,atos
161 665 277 740 fuisses
301 680 357 754 aut
374 668 480 755 potius
500 667 673 734 Dominum
691 668 767 756 ipsis
786 668 943 736 adstitisse
960 683 994 736 et
1013 693 1086 740 cum

19 778 124 863 psis
143 799 219 843 esse
234 790 400 842 versatum.
420 777 524 864 Atque
538 778 579 842 ad
595 777 712 844 Christi
727 777 860 866 gratiam
874 779 1085 854 attendentes,

19 887 221 952 mundana
240 899 393 952 tormenta
412 889 603 975 spernebant
609 911 620 960 ;
641 886 734 952 unius
752 885 839 952 borae
858 888 971 974 spatio,
990 911 1024 953 se
1042 891 1083 974 ab

19 1005 170 1062 eterna
195 1017 288 1083 poeno
307 995 505 1062 redimentes.
528 995 674 1084 Frigidus
692 996 767 1084 ipsis
784 996 950 1062 videbatur
966 997 1083 1062 imma-

19 1105 140 1172 nium
155 1103 345 1172 carnificum
358 1105 448 1194 ignis.
468 1104 518 1172 Ob
535 1102 645 1172 oculos
661 1104 779 1193 quippe
799 1103 975 1180 hebebant,
991 1104 1081 1176 ilium

19 1215 195 1304 effugere
214 1214 269 1303 qui
287 1226 422 1282 eternus
444 1228 505 1292 est,
525 1223 756 1305 nunquamque
775 1217 1013 1306 exstinguetur:
1042 1243 1081 1284 ac
1192 1205 1198 1210 ’

19 1321 153 1390 oeulis
170 1321 275 1388 cordis
288 1323 498 1411 respiciebant
511 1323 553 1387 ad
567 1345 605 1388 ea
625 1324 710 1389 bona
725 1345 795 1411 qun
809 1322 1017 1393 tolerantibus
1027 1349 1081 1393 re-

18 1443 236 1503 serranum
257 1451 348 1517 «quse
368 1415 428 1496 beo
448 1428 533 1494 auris
549 1429 684 1505 audivit,
706 1449 768 1496 nec
786 1429 898 1496 oculus
913 1432 1004 1509 vidit,
1021 1454 1081 1501 nec

21 1571 42 1600 ι
69 1541 112 1605 in
137 1559 199 1606 cor
221 1537 356 1626 bominis
377 1535 660 1610 ascenderunt¹3s
681 1538 756 1628 ipsis
779 1551 887 1604 autem
908 1559 926 1602 a
947 1539 1083 1608 Domino

31 1649 333 1722 monstrabantur,
348 1657 460 1735 utpote
473 1646 530 1735 qui
547 1667 614 1712 non
627 1644 934 1734 hominesnmpiius,
953 1649 1008 1714 sed
1023 1651 1086 1736 jam

39 1754 168 1844 angeli
182 1765 297 1820 essent.
312 1751 413 1819 simiti
428 1753 526 1818 etium
539 1751 638 1818 modo
653 1752 709 1838 qui
723 1751 764 1816 ad
777 1753 893 1820 bestias
907 1767 996 1821 erant
1014 1779 1088 1824 oon-

42 1864 224 1938 demnrfi,
239 1883 347 1951 paves
362 1861 522 1928 cruciatus
540 1861 596 1927 diu
614 1859 824 1950 pertulerunt,
844 1885 937 1953 super
953 1866 1088 1934 murices

41 1971 236 2060 prostrati,
257 1970 412 2056 variisque
433 1966 501 2034 aliis
520 1968 684 2034 tormentis
701 1970 870 2037 excruciati
875 1994 887 2045 ,·
910 1981 956 2048 ut,
976 1973 1002 2039 si
1020 1974 1088 2041 fieri

39 2093 188 2170 posset,
211 2092 363 2166 tyrannus
381 2077 561 2144 assiduitate
576 2075 799 2166 suppliciorum
817 2101 870 2146 eos
887 2079 929 2146 ad
948 2083 1088 2172 negatio-

35 2213 135 2258 nem
152 2189 336 2257 adduoeret
993 2243 995 2252 .

96 2299 159 2365 ΠΙ.
177 2297 275 2364 btutu
291 2296 447 2387 siquidem
462 2294 690 2364 adversusidos
701 2297 898 2364 mucbinatus
908 2313 956 2366 est
969 2299 1083 2368 Diabo-

41 2407 122 2472 lus.
142 2403 210 2472 Sed
227 2405 326 2494 grstia
348 2404 438 2470 Deo:
461 2425 537 2472 nom
558 2415 669 2472 contra
690 2427 799 2472 omnes
820 2429 885 2473 non
909 2408 1082 2495 praevalnit.

45 2513 262 2580 Fortissimus
275 2513 361 2580 enim
379 2513 589 2584 Germanicus
603 2536 715 2582 eornm
730 2516 933 2582 timiditatem
947 2517 1089 2585 tolerem

45 2625 99 2688 tia
119 2643 178 2690 sus
193 2623 431 2690 corroboravit:
454 2623 510 2712 qui
529 2623 658 2714 quidem
676 2622 841 2713 splendide
859 2627 1014 2714 pugnavit
1031 2626 1073 2690 ad

50 2755 169 2798 versus
188 2730 314 2797 bestias.
340 2731 422 2799 Nam
444 2753 520 2798 cnm
538 2731 712 2822 proconsul
732 2731 864 2800 flectere
887 2755 963 2798 eum
985 2732 1090 2807 vellet,

54 2841 245 2927 diceretque
259 2851 297 2904 ut
314 2861 405 2905 suam
423 2840 488 2926 ipse
505 2827 632 2906 estatem
646 2842 867 2912 miseraretms
888 2837 942 2904 iile
960 2841 1091 2906 bestiam

60 2947 153 3012 nitro
170 2945 212 3012 ad
225 2967 259 3011 se
273 2948 411 3020 attraxit,
427 2945 520 3032 eique
533 2947 598 3011 rim
612 2948 733 3021 intulit,
754 2948 886 3033 cupiens
904 2945 1040 3015 velocius
1055 2971 1093 3013 ex

66 3057 191 3143 injusta
211 3066 245 3119 et
263 3054 369 3140 iniqua
392 3072 503 3118 eorum
524 3051 691 3119 hominum
712 3053 777 3118 vita
798 3051 946 3142 effugere.
972 3055 1092 3120 Exinde

67 3163 174 3252 igitur
183 3159 327 3226 universa
340 3157 521 3236 multitudo,
533 3160 685 3226 admirato
702 3159 919 3226 fortitudinem
931 3161 978 3250 pii
993 3183 1032 3228 ac
1047 3185 1093 3227 re-

65 3269 177 3361 ligiosi
192 3269 316 3358 generis
327 3267 586 3345 Christianorum,
601 3266 810 3336 exclamavit:
828 3267 942 3334 «Tolle
956 3269 1090 3358 impios:

59 3409 72 3442 ι
91 3375 295 3467 polycarpus
311 3376 524 3464 requiratur..

107 3487 162 3556 [V.
185 3485 332 3568 Quidum
347 3507 439 3560 vero,
454 3485 577 3551 nomine
591 3485 746 3565 Quintus,
763 3485 889 3553 notione
902 3483 1017 3575 Phryx,
1036 3493 1088 3578 qui

58 3619 166 3688 nuper
183 3619 224 3664 ex
242 3595 385 3685 Phrygis
402 3585 584 3672 advenerat,
605 3617 681 3662 cum
696 3593 819 3662 vidisset
835 3595 958 3676 bestias,
977 3597 1088 3666 timore

58 3706 227 3796 perculsus
238 3719 298 3774 est.
319 3707 383 3774 Hic
398 3725 496 3794 porro
510 3718 575 3772 crat
589 3704 644 3796 qui
658 3704 793 3794 seipsum
806 3715 837 3772 et
846 3705 921 3772 aiios
932 3709 1086 3795 quosdam

91 3832 99 3864 ¹
113 3847 121 3880 r
135 3831 193 3884 Cor.
209 3849 237 3889 ιι,
252 3847 276 3895 9.
