2710 4662
436 287 549 332 steort
573 287 705 331 restro.
1025 263 1082 324 115

45 393 175 458 cesione
188 405 339 482 accepta,
356 392 450 459 simul
461 407 494 458 et
503 393 657 458 irridendi
670 391 799 456 iliorum
814 391 904 464 deos,
919 403 952 454 et
963 392 1008 455 eis
1018 411 1085 478 ape-
1209 427 1210 434 κ

46 501 150 566 riendi
174 502 311 590 januam
328 501 473 588 mysterii
495 501 537 564 de
555 511 699 588 suscepte
721 499 825 564 earnis
846 497 1086 586 dispensatione,

47 609 162 695 sicque
175 607 362 674 deducendi
375 607 415 672 ud
423 605 522 672 iidem
530 607 647 672 Christi
659 607 856 695 cognitionis,
866 605 993 672 divium
1003 605 1092 695 Igna-

51 717 116 782 tius
134 716 182 782 ita
199 717 298 781 verbe
310 715 444 781 hahuit:
461 713 549 780 hiens
560 714 713 780 Dominae
726 727 760 779 et
772 714 857 780 Deus
872 713 967 780 «iesus
981 713 1090 780 Chris·

55 839 124 896 tus,
142 824 287 912 primum
298 823 423 909 quidem
437 833 565 911 proptor
578 843 636 887 nos
650 823 746 888 homo
757 821 859 888 faetus
866 834 930 897 est,
946 833 980 886 et
993 843 1087 910 prop

59 945 111 997 ter
122 943 266 998 nostram
276 929 422 1005 mutem,
434 951 624 1020 crucemque
635 943 769 998 mortem
780 943 813 996 et
823 929 1019 1019 sepulturum
1031 953 1085 996 sua

59 1054 175 1130 sponte
196 1041 326 1130 aceepit.
350 1041 505 1107 Ceterum
523 1061 632 1106 rursus
646 1041 739 1106 tertio
754 1040 805 1106 die
822 1041 1007 1115 resurrexit,
1022 1039 1085 1106 ini-

59 1148 134 1214 miei
149 1147 274 1235 dejecta
288 1160 322 1213 et
335 1159 490 1236 prostrata
504 1149 657 1236 potentis,
673 1160 768 1236 atque
782 1147 925 1214 aseendit
938 1149 971 1214 in
987 1146 1085 1214 eoelos

57 1237 140 1322 unde
155 1269 296 1332 venerat,
313 1281 371 1324 nos
386 1257 477 1324 simul
493 1281 511 1322 e
530 1257 619 1347 lapsu
633 1259 757 1346 peeoeti
773 1257 890 1324 faeiem
905 1279 1082 1347 resurgere,

54 1378 208 1432 retrursus
223 1367 424 1432 introducens
439 1367 472 1433 in
487 1367 684 1456 paradisum,
699 1390 739 1432 ex
748 1389 813 1455 quo
827 1365 911 1431 mele
925 1365 1085 1432 ineramus

54 1474 165 1560 ejecti:
180 1497 300 1562 nosque
312 1477 435 1542 donans
448 1477 542 1542 honis
557 1477 748 1564 majoribus,
760 1499 858 1564 quam
868 1487 959 1542 erent
969 1499 1007 1542 ee
1017 1499 1087 1565 quse

56 1595 289 1668 precesserant.
305 1583 404 1661 Quod
415 1597 525 1650 autem
539 1607 579 1648 ex
589 1585 627 1648 iis
638 1585 695 1672 qui
710 1607 728 1648 a
743 1585 833 1650 vohis
850 1595 1020 1650 censentur
1034 1583 1090 1658 dii,

59 1691 142 1758 ullus
150 1691 432 1780 talequidiecerit,
444 1693 729 1760 nuliushominum
736 1695 914 1758 asseruerit.
929 1693 1009 1759 Nem
1020 1715 1094 1759 eum

64 1801 117 1863 isti
131 1800 266 1864 inissent
277 1799 429 1864 homines
441 1799 582 1867 meleiioi
595 1813 628 1864 et
642 1801 778 1874 exitiosi,
792 1812 824 1864 et
839 1800 935 1866 multu
951 1801 1096 1868 iecissent

69 1905 111 1970 sd
125 1901 281 1970 damnum
291 1903 570 1993 corruptelamque
582 1919 697 1971 nostrae
708 1909 777 1970 vite
788 1918 821 1970 et
831 1921 939 1983 status,
953 1907 1095 1974 reideri-

72 2015 138 2079 lem
152 2025 260 2078 numm
274 2012 415 2077 Deorum
435 2014 613 2100 opinionem
632 2037 671 2078 ao
688 2015 824 2101 specie·
838 2016 1018 2108 hominihus
1037 2019 1090 2106 qui

72 2131 182 2186 sunta
202 2119 323 2184 ratione
339 2117 434 2206 punio
446 2117 620 2192 alieniores,
637 2120 714 2185 eitra
729 2119 825 2188 uilem
844 2124 995 2202 rationem
1008 2151 1088 2215 prae·

68 2227 220 2301 huissent.
230 2227 399 2292 contractis
406 2237 514 2315 postea
523 2223 597 2291 reiis
604 2227 810 2315 deceptionis,
819 2244 852 2295 ot
862 2253 954 2300 soona
966 2234 1083 2314 ublate,

65 2333 249 2422 deprehensi
267 2333 393 2398 suntid
412 2333 498 2420 quod
517 2345 619 2408 erant,
639 2337 743 2422 utqui
760 2340 895 2426 turpiter
913 2363 932 2404 e
949 2343 1012 2408 sita
1029 2367 1085 2409 ex-

64 2443 222 2518 cesserint,
237 2453 272 2506 et
282 2442 379 2506 morti
393 2439 562 2507 immmuti
574 2441 680 2508 traditi
696 2445 759 2510 sint
769 2459 901 2535 propter
911 2447 1087 2517 multorum

63 2552 228 2616 interitum.
250 2549 379 2638 Jupiter
397 2549 524 2638 quidem
543 2562 642 2626 certe,
662 2553 716 2640 qui
734 2565 783 2618 est
800 2556 890 2621 vohis
911 2559 1034 2644 primus
1056 2573 1089 2624 et

61 2660 209 2726 maximus
222 2659 380 2732 Deorum,
397 2659 429 2723 in
446 2657 540 2724 Crete
555 2670 604 2724 est
618 2658 782 2748 sepultus:
799 2661 1001 2752 AEseulnpius
1017 2685 1091 2730 vero

59 2767 182 2834 himine
203 2767 266 2833 fuit
287 2789 467 2856 percussus.
492 2765 685 2856 Sepulemm
706 2767 841 2835 Veneris
860 2771 1040 2839 ostenditur
1058 2775 1090 2840 in

57 2879 156 2968 Papho
172 2877 273 2966 Cypri
290 2901 298 2942 ε
320 2888 353 2944 et
371 2875 524 2944 Hercules
544 2879 605 2943 suit
623 2880 665 2944 ah
680 2879 753 2968 igne
767 2893 986 2970 consumptus
1010 2883 1088 2950 Nem

56 3011 160 3054 eorum
175 3011 226 3054 res
241 3011 285 3054 ac
300 2988 363 3052 vita
378 2986 453 3052 talia
468 3009 555 3062 vere,
573 2988 639 3052 imo
654 2999 687 3052 et
701 2987 803 3053 multo
818 2988 974 3057 deteriore
989 3015 1090 3060 mere·

58 3101 175 3164 bantur.
729 3129 733 3146 ·

93 3205 180 3273 Vili.
206 3205 296 3270 Cum
311 3204 380 3268 haee
394 3203 440 3268 sic
455 3204 539 3270 diets
554 3203 688 3272 fuissent
704 3209 743 3276 ah
758 3209 894 3298 lgnetio,
920 3212 1092 3300 imperator

57 3313 147 3380 simui
163 3335 243 3380 oum
261 3322 373 3378 senatu
387 3313 501 3378 timens
515 3333 569 3388 nc,
586 3315 611 3378 si
626 3326 709 3380 esset
722 3317 792 3402 ojus
808 3339 915 3383 sermo
928 3319 1090 3408 prolixior,

57 3447 103 3492 res
115 3405 255 3513 quidem
267 3417 442 3485 Gentilium
453 3419 731 3496 labefactarentur.
747 3435 780 3488 et
791 3423 841 3489 vel
852 3447 917 3490 non
929 3428 1091 3497 crederen-

59 3547 118 3608 tur,
137 3532 189 3598 vei
208 3529 410 3596 haberentur
429 3527 582 3602 iudihrio;
603 3551 677 3595 vore
696 3543 804 3598 eutem
822 3531 948 3602 floreret
967 3537 1085 3630 religio,

62 3655 90 3706 ot
104 3641 274 3708 tolierettu
289 3641 391 3706 nuhes
402 3639 534 3714 erroris,
550 3661 620 3726 que
634 3639 663 3704 ei
678 3639 812 3707 offonfflt
823 3646 981 3721 tenohras3
999 3648 1087 3717 ilium

64 3751 188 3836 quidem
208 3748 342 3836 conjicit
357 3750 390 3814 in
405 3746 547 3822 vincum
568 3759 601 3812 et
619 3748 651 3814 in
666 3749 816 3816 tutissima
832 3750 966 3821 coiiooat
980 3770 1091 3828 eusto-

66 3856 113 3925 dis
127 3881 134 3921 :
152 3859 220 3946 ipse
234 3867 340 3921 autem
351 3879 426 3922 cum
439 3867 505 3922 tots
517 3868 610 3925 noete
623 3857 705 3946 apud
716 3881 749 3925 se
760 3861 939 3950 cogitasset,
952 3887 1089 3952 quonum

880 3973 909 4036 8.
