2688 4626
283 223 343 301 148
530 245 679 290 caterona
702 245 869 292 secessus
896 247 1088 292 suranensis

277 352 695 442 superaurumproltatiora,
708 351 881 429 tollentes,
894 354 956 418 ubi
968 353 1103 419 decebat
1112 351 1279 440 deposuimus.-

277 459 351 540 Quo
365 461 462 527 etiam
476 458 538 527 loci
554 461 647 528 uoltis
664 474 699 527 nt
715 460 783 527 lieri
799 461 935 551 poterit
950 461 1158 550 congregatis,
1172 459 1281 526 inexsd-

275 568 394 636 tatione
408 569 586 659 aspendio,
603 571 759 659 prebebit
770 571 944 638 Dominus
957 569 1099 636 natalem
1109 567 1281 656 martyriiejn

275 679 359 745 diem
373 678 552 756 celebrare,
570 691 640 745 tum
663 682 697 746 in
718 682 921 747 memoriam
942 701 1061 744 eorum
1082 677 1133 765 spii
1154 677 1279 742 certam

274 786 485 876 pertulerunt,
502 802 573 856 tum
587 789 623 856 in
636 801 847 858 venturorum
869 790 1054 858 hominum
1074 786 1280 852 exercitationem
1313 808 1315 881 4

272 909 305 962 et
319 896 525 966 alacritatem.

316 1005 407 1073 xlx.
425 1009 503 1075 llaee
518 1009 558 1083 de
572 1011 667 1076 beato
682 1009 881 1100 Polycaxpo;
903 1009 965 1100 qni
987 1031 1067 1074 cum
1083 1007 1119 1073 iis
1133 1006 1223 1094 quiex
1233 1001 1279 1068 lli·

273 1111 444 1204 ladelphia‚
464 1117 689 1195 duodecimus,
709 1119 853 1208 Smyrna
876 1117 1089 1206 martyrium·
1102 1136 1210 1204 passus.
1223 1108 1277 1176 toltit

272 1224 314 1290 ab
329 1225 478 1292 omnibus
493 1228 653 1317 precipue
669 1226 864 1305 celebratur,
887 1229 936 1294 ita
956 1239 996 1292 ut
1013 1249 1032 1291 a
1052 1219 1214 1291 Gentilibus
1224 1239 1274 1305 qne

272 1332 383 1420 quein
399 1331 486 1398 omni
502 1331 574 1401 loeo
590 1347 797 1402 memoretur.
821 1336 889 1417 Qui
906 1357 982 1402 non
1000 1331 1108 1399 solum
1122 1325 1273 1396 doctorini

272 1439 341 1528 gnis
363 1441 478 1516 extitit,
502 1443 728 1510 verumetiam
748 1456 871 1532 martyr
890 1443 1064 1508 eximius:
1091 1439 1176 1524 cujus
1192 1445 1270 1516 martt-

272 1549 369 1626 rium,
388 1551 474 1638 quod
486 1549 606 1618 scilicet
617 1563 785 1641 peractum
797 1565 845 1619 est
855 1555 952 1642 juxta
967 1544 1175 1638 Evangelium
1184 1539 1267 1610 ctist.

270 1677 382 1724 omnes
396 1657 512 1725 imitari
529 1659 721 1726 desiderant.
741 1660 822 1729 Nam
837 1685 895 1751 per
912 1658 1129 1728 tolerantiam
1141 1647 1266 1718 dedctoin-

271 1768 356 1854 justo
375 1770 521 1858 preside,
539 1771 649 1858 sieque
667 1769 916 1838 immortalitatis
938 1791 1069 1838 corona
1089 1773 1258 1850 receptettffl

271 1875 430 1964 Apostolis
449 1879 662 1966 omnibusque
683 1879 775 1967 justis
795 1877 979 1954 exsultans,
1003 1877 1112 1943 Deum
1132 1891 1167 1935 ac
1181 1865 1261 1932 hoen

271 1984 438 2074 glorificet,
455 2001 551 2077 atque
565 1991 727 2058 benedicit
745 1990 921 2058 Dominum
938 2000 1108 2061 nostrum,
1123 1981 1267 2072 gubernate·

269 2116 339 2161 rem
351 2098 531 2164 animorum
549 2109 582 2166 et
600 2123 773 2188 corporum
789 2111 993 2180 nostrorum,
1013 2115 1139 2166 necnon
1151 2096 1266 2178 patim

269 2209 474 2276 neumenicae
489 2223 521 2276 et
536 2207 701 2279 'catholice
716 2213 877 2281 Ecclesiae.

313 2314 388 2382 XX.
404 2318 452 2384 lle
463 2341 518 2384 vos
531 2319 661 2407 quidem
672 2322 846 2410 petieratis,
860 2335 895 2387 ut
907 2333 1033 2389 cuncta
1047 2336 1112 2406 que
1120 2315 1191 2398 gesta
1201 2305 1265 2365 sunt,

269 2421 368 2491 fusius
382 2426 471 2492 vobis
485 2442 729 2516 exponerentur.
748 2431 812 2496 Nos
824 2453 899 2495 vero
914 2431 948 2496 in
964 2421 1190 2520 praesentiarum
1199 2424 1262 2522 sunt-

269 2535 963 2628 matimindicevimnsperfratremnostrum
975 2522 1262 2634 Marcum-OQ
1313 2543 1315 2662 p

268 2647 341 2712 dem
364 2667 439 2712 cum
461 2646 648 2720 didiceritis,
673 2645 850 2734 Epistolam
867 2649 1025 2712 fratribus
1048 2636 1170 2708 ulterius
1182 2631 1255 2738 ΡΨ

268 2755 495 2821 transmittitet
521 2764 558 2819 ut
578 2765 610 2818 et
632 2750 677 2818 illi
697 2753 877 2842 glorificent
896 2752 1092 2825 Dominum,
1112 2741 1161 2833 qui
1175 2743 1256 2800 nsua
1313 2758 1315 2908 p

266 2861 392 2929 famulis
409 2862 568 2930 delectum
587 2861 676 2940 lacit,
699 2875 867 2952 potestque
886 2886 998 2930 omnes
1020 2884 1080 2929 nos
1097 2848 1184 2946 gratia
1195 2849 1257 2922 ,epu

267 2969 461 3061 indulgentia
482 2995 538 3038 sua
557 2973 590 3037 in
610 2995 745 3061 regnum
768 2993 861 3038 sunm
880 2983 1040 3038 eternum
1061 2965 1207 3034 induem·
1223 2959 1258 3030 pn
1312 2924 1315 3085 l

267 3079 383 3147 Filium
399 3103 493 3145 suum
509 3081 709 3169 unigenitum
720 3080 832 3146 Jesnm
844 3079 1032 3147 Christum:
1051 3073 1103 3143 cui
1118 3051 1259 3158 gnitate

268 3213 339 3266 nor,
355 3191 538 3279 imperium,
551 3189 699 3277 majestas
714 3189 747 3254 in
764 3187 888 3256 secula.
904 3188 1018 3261 Amen.
1037 3181 1174 3252 Salutate
1183 3174 1260 3285 exultt

265 3312 403 3368 sanctos.
427 3298 493 3368 Vos
514 3298 568 3387 qui
589 3299 758 3366 nobiseum
778 3310 854 3365 sunt
876 3295 1027 3372 salutant,
1049 3305 1083 3360 et
1101 3283 1153 3377 qul
1171 3272 1260 3357 scnpat

267 3411 447 3487 Evarestus,
463 3409 642 3476 cumomni
658 3407 754 3474 domo
770 3429 835 3474 sna.

309 3517 400 3585 XXI.
427 3520 615 3608 Martyrium
638 3531 746 3585 autem
768 3541 878 3609 passus
900 3530 949 3584 est
970 3519 1082 3583 beatus
1106 3501 1260 3591 Polyffllm

265 3621 418 3693 Xanthioi
437 3629 554 3696 mensis
569 3628 706 3696 ineuntis
726 3627 777 3692 die
793 3627 946 3702 secundo,
963 3638 1037 3691 ante
1055 3617 1208 3712 septimum
1220 3597 1257 3662 ὴ

265 3731 375 3800 lendes
389 3737 501 3814 maias,
519 3759 635 3826 magno
650 3737 797 3812 sabbato,
813 3734 891 3802 hora
907 3745 1029 3802 octava.
1054 3734 1168 3821 Captus
1181 3721 1220 3782 0⁸²
1232 3699 1260 3766 ll

264 3843 407 3916 Herode:
427 3847 485 3911 sub
502 3837 652 3933 pontifice
669 3843 815 3934 Philippo
830 3842 1007 3918 Tralliauo;
1027 3825 1201 3940 proconsule
1209 3815 1257 3882 5¹¹·
1311 3904 1313 3949 ι

1306 3977 1309 4028 l

1309 4093 1311 4159 3
