2772 4620
263 245 324 307 286
559 262 671 306 sanari
694 263 813 306 rnsrrsr
836 263 989 308 usarrnrs

257 371 399 436 ferebam
413 389 465 434 me
480 368 513 432 in
527 367 658 457 longum
670 382 793 458 tempus
808 370 908 456 rejici.
923 369 959 432 ln
970 368 1032 434 hac
1045 366 1178 434 consilii
1192 368 1296 456 inop‘a

257 479 359 542 mum
369 489 429 549 est,
446 487 483 538 ut
496 473 537 540 ad
551 474 729 541 Platonicos
740 498 792 540 me
808 473 985 541 conferrem
1004 475 1113 560 (amnt
1126 475 1226 540 enim
1236 497 1296 540 ma

256 608 319 673 gno
335 585 367 650 in
381 583 517 671 pretio),
535 604 574 646 ao
589 603 665 647 cum
682 582 749 646 viro
764 582 901 668 quodam
922 581 1085 669 prudenti,
1103 582 1163 669 qui
1182 603 1295 648 recens

257 693 291 758 in
306 692 420 756 urbem
433 699 575 756 nostram
589 689 772 761 advenerat,
787 700 882 773 atque
897 689 979 754 inter
993 687 1181 754 Platonicos
1192 688 1296 754 excel-

257 797 355 870 lebat,
371 794 544 882 plurimum
554 795 714 868 versabar,
725 792 995 881 proficiebamque
1005 807 1039 859 et
1052 795 1204 880 quotidie
1217 797 1294 861 milri

258 927 354 991 quem
362 901 506 966 maxime
514 901 710 966 accessiones
717 899 846 968 fiebant.
858 899 1074 966 Ellerebatme
1082 901 1295 968 vehementer

258 1014 518 1098 incorporearum
531 1027 639 1074 rerum
654 1006 872 1096 intelligentia,
884 1030 923 1072 ao
933 1031 1011 1074 mese
1022 1010 1130 1074 'menti
1150 1007 1222 1074 alas
1239 1011 1294 1074 ad

259 1118 354 1184 debat
365 1117 508 1182 idearum
520 1114 746 1201 contemplatio
757 1139 765 1178 :
776 1115 1050 1202 sapiensquemibi
1061 1116 1200 1182 videbar
1210 1119 1292 1183 intra

257 1226 355 1289 breve
369 1235 494 1310 tempus
506 1223 651 1296 evasisse,
664 1243 702 1288 ac
717 1244 782 1309 pre
797 1219 1018 1288 stoliditate'in
1030 1246 1119 1311 spem
1137 1247 1291 1290 veneram

258 1332 384 1396 videndi
400 1331 544 1420 protinus
563 1329 631 1396 Dei.
653 1331 713 1396 llio
731 1329 817 1396 enim
835 1328 906 1396 linis
923 1341 972 1398 est
992 1329 1132 1396 Platonis
1150 1331 1290 1418 philone

302 1547 358 1612 111.
373 1545 428 1612 Sic
438 1543 570 1611 allectus
582 1565 657 1610 cum
668 1543 780 1610 vellem
792 1543 959 1631 aliquando
968 1544 1104 1633 plurima
1115 1544 1288 1610 solitudine
1383 1569 1384 1578 ¹

257 1653 399 1718 animum
413 1650 551 1737 explere,
563 1664 658 1736 atque
672 1650 839 1716 bominum
854 1651 981 1738 vestigia
993 1653 1104 1727 vitare,
1123 1653 1287 1740 prolectas

258 1783 329 1824 sum
348 1759 380 1824 in
401 1781 512 1846 agrum
535 1757 705 1843 quemdam
723 1779 787 1822 non
804 1772 963 1823 remotum
986 1781 1003 1822 a
1025 1760 1115 1825 mari.
1140 1759 1285 1848 Cumque

256 1868 503 1955 propinquarem
517 1866 595 1930 huic
611 1863 695 1938 loco,
711 1865 752 1930 ad
767 1885 862 1950 quem
879 1889 954 1932 cum
967 1866 1138 1940 venissem,
1157 1891 1286 1934 mecum

257 1997 345 2040 eram
365 1959 502 2044 staturum
525 1973 631 2037 senior
649 1968 791 2058 qnidam,
817 1994 882 2036 non
901 1995 976 2036 sane
993 1985 1125 2060 aspectu
1140 1989 1285 2040 contem·
1383 2003 1384 2014 ¹

256 2081 393 2154 nendus,
408 2080 594 2167 gravitatem
604 2091 637 2142 et
647 2079 830 2144 comitatem
841 2102 905 2167 prae
916 2078 1077 2154 celemus,
1090 2082 1219 2148 modico
1234 2104 1285 2148 me

257 2186 420 2254 intervallo
442 2187 666 2252 assentabatur.
684 2186 863 2252 Conversus
883 2188 916 2252 in
935 2209 1010 2253 eum
1031 2190 1170 2264 substiti,
1189 2203 1285 2278 atquo

256 2294 365 2362 ocrrlos
376 2295 408 2358 in
422 2315 497 2358 eum
512 2293 615 2358 acrius
631 2291 736 2358 delixi.

298 2399 382 2466 Tum
396 2397 469 2464 ille:
486 2398 590 2474 Mene,
608 2400 722 2486 inquit,
740 2400 929 2486 cognoscis?

300 2506 415 2594 Negavi
429 2527 498 2594 ego.

300 2615 387 2694 Quid
401 2637 453 2680 me
468 2615 575 2703 igitur,
590 2616 704 2702 inquit,
721 2616 763 2680 ita
778 2615 1024 2702 contemplaris?

297 2721 407 2797 Miror,
423 2722 565 2808 inquam,
581 2733 784 2808 assequuturn
798 2733 830 2786 te
845 2743 925 2798 esse,
938 2733 974 2785 ut
985 2741 1105 2790 mecum
1116 2723 1145 2785 in
1157 2719 1269 2786 eodem

256 2832 326 2898 loco
345 2854 455 2896 esses:
475 2852 579 2918 neque
601 2829 774 2894 enimrlore
787 2829 1023 2917 exspectabam,
1039 2841 1070 2894 ut
1081 2849 1268 2916 quemquam

255 2937 308 3004 hic
322 2937 473 3002 viderem.

299 3043 458 3110 Sollicitus
473 3067 557 3120 sum,
573 3045 688 3132 inquit,
704 3044 743 3109 de
755 3067 900 3110 meorum
910 3045 1070 3111 nonnullis
1084 3069 1092 3108 :
1105 3045 1138 3110 hi
1150 3067 1276 3134 perege

254 3152 333 3218 mihi
348 3152 495 3218 abierunt
501 3176 511 3224 t
529 3153 600 3218 veni
615 3173 690 3240 ergo
709 3162 742 3215 et
764 3151 831 3239 ipse
851 3165 1041 3242 spectatum,
1058 3175 1099 3218 an
1117 3176 1185 3218 sess
1202 3154 1278 3218 mibi

254 3260 400 3330 alicunde
415 3261 569 3328 ostensuri
584 3260 667 3326 sinti
681 3259 730 3325 Tu
746 3281 833 3336 vero,
850 3261 1001 3348 quidnam
1015 3261 1069 3326 bic
1084 3260 1216 3326 rerum?

297 3367 457 3443 Delector,
477 3369 619 3454 inquam,
640 3367 795 3453 ejusmodi
815 3349 1135 3442 deambulationibus,
1156 3369 1189 3436 in
1208 3367 1276 3454 qui-

254 3479 326 3550 bus,
343 3501 418 3544 cum
432 3476 509 3543 nihil
525 3489 673 3543 occurrat
691 3477 777 3564 quod
799 3477 997 3566 interpellare
1018 3478 1131 3566 possit,
1151 3499 1277 3544 meeum

207 3617 209 3622 ·
255 3585 321 3671 ipso
340 3582 499 3648 liberrime
519 3581 691 3670 colloquor.
716 3582 797 3649 Sunt
818 3584 904 3650 eninr
923 3583 993 3650 bec
1010 3583 1081 3651 loca
1099 3581 1278 3672 philologia

254 3695 420 3784 aptissimo.

298 3801 486 3869 Sermonum
501 3825 589 3890 ergo,
605 3803 708 3890 inquit
722 3804 785 3880 ille,
801 3818 980 3880 amatores,
996 3804 1155 3872 laetorum
1169 3813 1277 3869 sutem
