2688 4626
237 241 260 280 s.
286 239 406 282 rusruu
429 237 587 282 ustrsars
611 237 651 280 nn
674 237 866 282 uorsscms.
1005 221 1065 282 205

35 349 127 412 nium
142 367 201 410 usu
215 343 339 412 lit'teris.
355 347 404 412 Ex
419 345 537 434 quibus
548 345 635 411 enim
648 345 864 410 monumentis
875 345 1016 434 praeclsri
1028 349 1070 413 si·

35 455 255 522 mulacrorum
271 453 413 522 cultores
428 455 515 521 banc
526 453 612 543 plebi
624 453 880 542 superstitionem
891 454 990 520 instar
999 454 1073 545 legis

32 567 274 654 imposuerunt,
289 587 330 629 ex
343 563 394 629 bis
408 562 647 638 edocebuutur,
658 573 690 628 et
704 585 723 627 a
738 561 803 628 suis
820 563 963 651 ipsorum
976 566 1075 653 poetis

33 674 185 762 desipere
201 683 387 762 arguentur.

82 786 128 850 ll.
148 785 197 852 Ac
219 786 341 874 primus
356 783 485 871 quidem
506 780 673 869 AEscbylus
688 783 793 871 operis
815 806 886 848 sse
906 788 1074 875 compositi

35 894 203 959 rationem
213 915 385 982 exponens,
393 891 461 958 baec
472 889 619 996 etismde
629 889 778 978 singulari
787 889 856 956 Deo
865 896 1069 981 pronuntiat:

123 1031 219 1084 Deum
233 1033 369 1082 amoveto
380 1022 491 1099 lougius
502 1019 681 1078 mortalibus.

120 1129 182 1184 Nec
193 1123 246 1182 tibi
257 1143 356 1202 parem
367 1141 441 1192 esse,
454 1135 541 1180 carue
553 1121 688 1178 amictum
702 1121 824 1180 finxeris.

119 1227 252 1300 Namque
264 1219 342 1280 haud
354 1221 408 1278 scis
419 1219 502 1278 illum
513 1241 520 1276 :
532 1239 608 1278 nunc
618 1229 649 1276 ut
661 1217 852 1296 implacabilis

120 1319 239 1378 Videtur
249 1318 336 1398 ignis,
348 1337 424 1376 nunc
437 1315 579 1392 tenebrae,
590 1335 667 1374 nunc
679 1336 762 1396 aquae

119 1425 262 1498 Apparet3
274 1419 342 1498 ipsis
353 1418 384 1475 lit
396 1437 449 1496 par
461 1417 610 1476 interdum
622 1417 705 1487 feris,

120 1517 226 1575 Pluvia}
236 1529 265 1575 et
277 1517 399 1588 tonitru,
410 1515 534 1594 fulguri,
548 1534 637 1585 euro,
649 1515 786 1573 nubibus.

120 1615 266 1675 Ministrat
278 1615 320 1673 illi
333 1628 441 1695 pontus
453 1625 482 1672 et
496 1631 566 1672 saxa
578 1612 712 1683 horrida,

121 1719 242 1786 Fontes,
252 1726 282 1772 et
292 1733 414 1791 usquam
426 1713 571 1791 quidquid
582 1712 726 1769 undarum
738 1712 810 1770 fluit.

122 1817 209 1874 Hunc
220 1827 313 1882 terra,
325 1825 452 1883 montes,
465 1813 545 1870 hunc
555 1823 584 1870 et
594 1811 728 1869 immensi
739 1811 837 1870 tremit

126 1914 220 1972 Maris
233 1913 424 1992 profundum,
436 1925 464 1971 et
476 1911 595 1971 collium
607 1912 769 1984 cacumina,

128 2011 248 2070 Domini
260 2031 360 2070 severa
373 2011 490 2070 torserit
504 2029 569 2068 cum
583 2011 700 2070 lumina.

127 2110 261 2187 Namque
273 2111 368 2170 omnia
381 2121 495 2188 potest:
507 2109 569 2167 lans
578 2110 634 2168 Dei
645 2120 687 2167 est
698 2107 835 2168 altissimi.

34 2229 113 2298 Non
136 2229 191 2296 hic
210 2227 295 2295 solus
315 2227 375 2294 Dei
391 2227 572 2316 cognitione
595 2227 752 2302 initiatum
775 2227 830 2293 sed
849 2240 884 2306 et
900 2227 1075 2318 Sophocles

35 2335 208 2426 singularis
222 2337 365 2404 omnium
385 2336 538 2402 creatoris
556 2335 696 2402 etunius
713 2335 771 2404 Dei
790 2336 836 2404 sic
853 2337 999 2406 ordinem
1017 2341 1091 2467 de}

40 2449 156 2514 scribit
169 2471 178 2511 z

127 2579 207 2635 Unus
216 2580 346 2656 prolecto
358 2591 415 2651 est,
426 2597 502 2638 unus
513 2588 557 2635 est
568 2587 679 2635 tantum
691 2581 785 2645 Deus,

125 2673 196 2732 Cocli
206 2674 317 2752 solique
329 2675 491 2734 machinam
504 2673 555 2752 qui
565 2673 709 2746 condidit,

125 2771 294 2850 vadumque
308 2775 391 2852 ponti
403 2772 562 2846 ooerulum,
574 2783 604 2829 et
617 2771 676 2830 vim
688 2771 815 2850 spiritus.

122 2875 162 2930 At
174 2871 260 2931 ducta
272 2893 348 2932 caeco
359 2894 459 2932 errore
470 2893 540 2952 gens
553 2871 735 2944 mortalium,
837 2929 841 2936 ,

125 2975 297 3032 Commenta
307 2973 396 3032 cladis
406 2975 436 3032 in
447 2993 508 3034 suae
518 2971 654 3034 solatium
664 2984 708 3031 est

127 3077 249 3132 Formas
259 3075 381 3134 deorum
392 3094 492 3134 saxeas
504 3083 555 3132 aut
565 3091 653 3132 aereas

132 3175 251 3229 Aurove
261 3173 359 3232 ductas
369 3174 459 3246 fusili,
470 3183 520 3231 aut
531 3171 681 3232 eburneas.
692 3161 696 3170 ³

130 3263 186 3323 His
197 3263 376 3324 victimarum
387 3267 570 3348 sauguinem,
581 3266 625 3326 bis
637 3269 724 3326 lostos
733 3265 794 3328 dies

127 3368 204 3424 Cum
216 3363 397 3438 dedicamus,
408 3385 468 3426 esse
478 3387 530 3426 nos
539 3385 638 3426 remur
647 3367 720 3446 pios.

42 3483 111 3550 Sed
122 3493 155 3549 et
166 3480 352 3560 Philemon,
363 3483 419 3572 qui
434 3485 466 3550 in
478 3484 612 3572 antiquis
623 3485 718 3550 rebus
729 3484 923 3572 exponendis
938 3485 1081 3576 copiosus

43 3607 105 3672 est,
121 3618 139 3662 a
154 3595 221 3662 veri
235 3595 418 3686 cognitione
429 3593 551 3664 elisum
562 3617 627 3662 non
638 3593 772 3660 videtur.
787 3594 842 3662 Sic
852 3596 935 3664 enim
946 3597 1053 3665 scribit
1068 3623 1089 3664 ε.

126 3727 251 3803 Qualem
269 3728 430 3803 aestimare,
446 3727 494 3788 dio
510 3725 598 3800 mibi,
614 3725 696 3788 deoet
709 3731 824 3788 Deum?

128 3825 188 3901 Qui
200 3840 304 3888 cuncta
316 3827 509 3908 cernit‚,nulli
524 3840 554 3887 st
568 3828 631 3908 ipse
645 3825 779 3886 cernitur.
