2636 4648
217 307 281 387 521.
538 329 651 376 careri
675 331 874 378 laesurus.
905 330 939 376 rr

216 437 304 504 enirn
318 436 571 528 experimentum
585 461 699 506 eorum
712 438 821 508 volens
840 439 1007 529 accipere,
1024 438 1165 527 separatim
1174 440 1205 506 in·

217 559 359 639 terrogat
379 549 419 616 de
439 547 545 638 aliquo
562 569 709 617 sermono
730 573 785 619 eus
805 553 859 642 qui
877 549 1072 619 excellentes
1085 549 1138 616 sint
1154 552 1208 640 apel

218 683 290 734 eos;
308 661 447 729 inveniet
460 661 558 729 alium
571 663 703 754 quidem
719 663 880 731 dicentem
892 663 937 730 de
953 660 1163 751 Propatore,il
1173 671 1209 736 et,

219 767 260 834 de
275 768 393 857 Bytho,
409 793 476 837 esse
492 770 524 838 id
540 772 628 862 quod
650 771 879 864 interrogeturr
896 771 1003 837 ulium
1018 793 1090 836 vero
1102 768 1137 834 de
1151 770 1212 836 luitis

219 877 375 955 omnium,
391 879 424 944 id
438 890 499 957 est,
523 880 564 948 de
581 881 765 972 Unigenito;
784 880 925 950 alterum
942 903 1021 947 vero
1036 879 1075 945 de
1087 878 1163 944 Patre
1173 901 1214 943 on
1264 953 1265 984 p

220 987 321 1063 nium,
338 987 400 1054 hoc
414 1001 474 1064 cst,
492 989 533 1056 de
547 977 654 1058 Verbo
671 1011 679 1055 ε
698 990 779 1057 alter
794 1013 906 1058 rursus
923 988 1015 1056 dicet
1031 987 1070 1053 de
1084 985 1216 1052 unollcue
1264 1053 1265 1058 ,

221 1117 333 1162 eorum
355 1097 409 1186 qui
433 1108 508 1164 sunt
525 1099 558 1165 in
574 1097 752 1166 Pleromate
766 1097 898 1176 AEonea‚
924 1097 1013 1170 dicit
1031 1094 1081 1162 alii
1099 1095 1217 1161 auunde

223 1204 361 1283 Christo,
376 1217 411 1274 et
432 1205 512 1274 alius
528 1207 568 1274 de
582 1207 756 1275 salvatore.
780 1209 845 1290 Qui
860 1219 977 1275 antem
992 1204 1115 1272 illorum
1127 1205 1218 1293 peritior

221 1328 281 1394 est,
300 1329 508 1408 posteaquam
528 1318 667 1387 multum
688 1331 798 1389 tacens
820 1319 1034 1411 protraxerit,
1054 1317 1093 1383 de
1109 1316 1177 1382 lloro
1190 1315 1218 1379 ait

221 1425 345 1494 dictum
367 1450 452 1502 esse;
471 1426 551 1495 alius
573 1450 648 1496 vero
661 1452 734 1495 eum
749 1452 820 1519 quae
835 1442 884 1496 est
907 1430 998 1496 intra
1019 1423 1218 1496 Plenitudincn.

222 1533 379 1625 Sophiam
400 1536 587 1628 significaris
606 1536 776 1605 adussero
791 1537 878 1605 illam
893 1561 970 1627 quse
987 1547 1075 1604 extra
1089 1531 1218 1600 Plenitud-

223 1667 300 1713 nem
312 1657 373 1724 est,
392 1645 526 1714 llatrem
540 1648 743 1715 annuntiari:
758 1659 791 1714 et
807 1645 888 1716 aliua
903 1647 1025 1714 mundi
1043 1645 1219 1710 fabricatorem

224 1755 330 1823 Deum
345 1757 438 1824 dicet.
458 1755 567 1824 Tanta
582 1769 657 1824 aunt
678 1757 719 1825 de
740 1781 804 1824 uno
818 1759 903 1825 inter
918 1781 978 1825 eos
1000 1751 1218 1826 fflvemintasd
1264 1713 1265 1802 l

225 1866 339 1934 iisdem
359 1866 532 1956 scripturis
555 1867 655 1934 varias
677 1868 831 1935 hahentes
851 1868 1030 1935 sententias
1048 1888 1056 1930 ε
1074 1877 1104 1932 et
1121 1885 1172 1928 uno
1184 1881 1216 1924 eo
1264 1881 1265 1960 p

227 1975 364 2065 demque
378 1999 524 2045 sermone
538 1975 635 2053 lecto,
648 1977 785 2044 universi
797 1977 947 2046 obductis
959 1971 1129 2066 superciliis
1138 1971 1217 2060 agitur

226 2099 274 2154 tes
289 2086 405 2177 capitu,
422 2086 512 2154 valde
527 2086 656 2176 quidem
672 2086 823 2154 altissime
837 2112 872 2156 se
887 2088 1012 2156 habere
1026 2075 1217 2151 sermonculi

227 2207 317 2271 cunt,
333 2200 406 2283 Lnon
420 2207 528 2262 autem
545 2219 656 2263 omncs
677 2185 792 2286 capere
807 2196 1064 2286 magnitudinem
1077 2192 1138 2280 ejus
1154 2182 1217 2252 inu-

226 2305 341 2383 lectus,
358 2306 412 2395 qui
432 2307 555 2374 ibidem
579 2308 784 2375 continetur:
802 2318 836 2373 et
852 2319 986 2398 propter
1006 2306 1080 2380 hoc,
1099 2296 1215 2368 silentur

224 2416 395 2486 maximam
416 2439 485 2484 rem
505 2439 574 2484 csse
598 2417 685 2508 apud
705 2417 878 2508 sapientes:
907 2419 1059 2507 oportere
1084 2411 1156 2478 enim
1171 2427 1216 2470 em

227 2549 297 2615 quae
311 2526 352 2593 sit
366 2541 504 2603 sursum,
521 2525 631 2618 Sigen,
647 2549 706 2617 per
720 2525 753 2592 id
764 2526 850 2617 quud
865 2540 912 2594 eat
927 2526 1017 2616 apud
1033 2545 1086 2590 ees
1099 2515 1214 2586 silentium

230 2637 411 2704 deformari.
426 2620 481 2703 Sic
496 2646 605 2702 autem
619 2636 740 2704 abeunt
754 2657 877 2712 omnes,
893 2643 1052 2725 quotquot
1061 2631 1217 2703 euntem*

228 2747 269 2815 de
285 2771 349 2814 uno
364 2759 521 2838 gestantes
542 2745 727 2822 sententias,
744 2745 777 2811 in
797 2745 986 2812 abscondito
1004 2744 1215 2811 samaraeum

227 2879 284 2926 sua
299 2856 458 2924 acumina.
479 2854 562 2922 Cum
584 2854 681 2946 igitur
700 2855 853 2922 intereos
875 2853 1060 2923 convenerit
1078 2846 1155 2916 deiis
1171 2861 1216 2928 qut

227 2967 262 3034 in
277 2966 449 3056 Scripturis
464 2977 537 3032 sunt
552 2965 716 3055 predicta,
732 2975 812 3032 tunc
822 2976 855 3030 et
865 2987 883 3030 a
895 2965 988 3032 nobis
999 2956 1212 3032 confutabmtur.

229 3076 301 3146 Non
320 3077 409 3143 enim
430 3076 514 3142 bene
536 3075 721 3151 rendentes,
737 3075 864 3142 interim
884 3087 992 3141 tamen
1009 3067 1169 3155 semetipsos
1181 3079 1214 3121 u·

229 3198 344 3278 gaunt,
364 3185 404 3252 de
429 3183 543 3252 iisdem
570 3185 675 3252 verbis
704 3206 770 3250 non
797 3183 1043 3250 consentientes.
1066 3177 1122 3246 llos
1140 3175 1213 3234 wltffl

230 3320 334 3365 unum
347 3308 381 3364 et
401 3293 504 3363 solum
520 3317 630 3362 verum
653 3293 757 3361 Deum
776 3292 944 3360 doctorem
961 3297 1127 3380 sequentes,
1142 3288 1212 3343 Μ·

230 3405 339 3498 gulam
353 3405 491 3473 veritatis
507 3403 661 3471 habentes
676 3402 746 3491 ejus
760 3423 937 3477 sermones,
952 3400 993 3466 de
1008 3397 1112 3466 iisdem
1126 3395 1213 3470 &W

231 3517 345 3584 cadem
358 3516 492 3584 dicimus
507 3537 631 3593 omnes,
644 3535 746 3580 unum
760 3511 866 3580 Deum
880 3511 1028 3586 scientes,
1040 3490 1210 3574 acuente

231 3629 283 3717 jus
298 3625 521 3702 universitatis,
537 3623 592 3714 qui
607 3623 782 3714 Prophetas
796 3617 893 3698 misit,
911 3620 966 3709 qui
987 3617 1089 3687 admit
1101 3599 1213 3701 populun

231 3736 273 3804 de
283 3747 367 3801 terra
379 3732 521 3824 AEgypti‚
534 3731 589 3822 qui
603 3732 637 3799 in
649 3729 825 3800 novissimis
837 3728 1032 3820 temporibus
1042 3722 1210 3796 Ffflumsuun

231 3843 454 3920 manifestavit,
472 3843 518 3910 uti
534 3841 745 3912 confunderet
760 3837 954 3918 incredulos.
967 3850 1000 3907 et
1010 3821 1213 3929 exquireretjtt·
1264 3871 1265 3904 l

230 3954 307 4024 fitia
323 3953 474 4023 fructum.
