2648 4598
254 328 294 370 llll
317 327 568 370 RESURRECTIONE
591 325 790 369 montuosum.
992 329 1031 389 (Π

17 432 158 520 ,partibus
170 433 342 498 nutriendis
358 434 593 498 accommodato
611 433 648 497 sit
654 457 663 504 ;
678 433 880 520 perspicuum
895 432 1034 498 estnihil

44 561 184 626 unquama
201 553 311 606 natura
328 539 465 606 alienum
481 563 554 606 cum
570 541 605 604 iis
620 549 876 628 coagmentatum
893 539 944 616 iri,
964 542 1035 630 qui-

42 649 91 712 hus
105 671 155 714 nec
169 659 276 738 aptum
291 673 350 715 nec
366 671 542 737 congruum
558 659 605 713 est
619 647 816 722 alimentum
832 650 887 712 scd
902 661 956 714 aut
967 673 1036 715 cru·

41 760 106 823 dum
118 771 145 822 et
157 771 338 845 corruptum
353 760 523 848 peripsam
539 757 644 823 alvum
659 759 743 846 ejici,
757 769 925 848 autequam
940 759 1036 826 ulium

40 865 156 954 aliquem
169 889 298 932 succum
313 867 431 954 gignat,
447 877 502 930 aut
517 867 541 930 si
563 866 679 931 diutius
694 868 854 942 consistat,
871 868 980 933 vitium
996 870 1036 934 ab

38 999 71 1040 eo
85 975 157 1063 gigni
170 987 201 1040 et
216 967 363 1040 morbum
378 974 430 1062 qui
452 973 542 1040 facile
558 999 622 1039 non
638 985 776 1064 sanetur,
792 976 907 1062 quique
930 975 1037 1042 cibum

37 1096 141 1148 nutura
155 1095 377 1172 congruentem
392 1095 446 1148 aut
462 1085 560 1172 ipsam
576 1107 704 1149 carnem
727 1083 873 1150 alimento
892 1097 1037 1175 egentem

36 1203 208 1278 corrumpat.
236 1191 300 1256 Sed
325 1192 444 1257 etiamsi
469 1191 603 1279 pellatur
621 1191 803 1280 aliquando,
826 1203 879 1257 aut
906 1195 1038 1282 quibus-

35 1301 100 1363 dam
121 1300 362 1374 medicamentis,
384 1311 438 1364 aut
453 1299 531 1365 cibis
550 1297 745 1377 melioribus,
770 1312 824 1366 aut
839 1301 1038 1370 facultalibus

34 1405 211 1471 naturalibus
233 1419 426 1494 superatum,
447 1429 509 1471 non
534 1407 601 1472 sine
622 1431 736 1496 magno
753 1406 886 1474 discedit
909 1407 1037 1487 damno,

32 1516 136 1603 quippe
153 1537 224 1580 cum
246 1513 322 1580 nihil
348 1514 516 1603 pacificum
538 1514 618 1580 serat
635 1515 671 1580 iis
694 1539 763 1603 quae
786 1517 962 1582 secundum
981 1542 1039 1584 nu-

31 1636 126 1687 turam
141 1634 226 1699 sunt,
250 1633 416 1712 propterea
437 1621 618 1709 quodcum
639 1633 749 1688 natura
775 1623 952 1690 coalescere
973 1649 1037 1692 non

29 1735 128 1820 possit.

69 1842 133 1907 Vll.
151 1843 289 1907 Omnino
303 1855 410 1906 autem
424 1841 545 1906 etiamsi
562 1843 630 1928 quis
651 1843 804 1908 concedat
826 1843 1039 1910 intromissum

26 1975 63 2014 ex
76 1949 226 2037 ejusmodi
241 1952 337 2015 robus
351 1949 536 2015 alimentum
551 1951 611 2035 (ita
625 1953 710 2016 enim
725 1951 900 2040 appelletur
910 1977 1040 2020 consue·

27 2059 139 2122 tudinis
154 2061 266 2147 causa)
282 2059 401 2124 secerni
417 2071 448 2124 et
461 2061 619 2124 immutari
635 2061 667 2125 in
678 2059 795 2149 aliquid
807 2061 974 2128 humidum
985 2076 1040 2128 aut

24 2170 152 2242 siccum,
169 2179 224 2230 aut
238 2165 374 2231 calidum
389 2177 442 2231 aut
458 2167 617 2255 frigidum,
635 2191 675 2233 nc
691 2167 878 2256 sicquidem
898 2170 946 2234 his
961 2195 1040 2237 con-

21 2276 114 2341 cessis
132 2274 302 2363 quidquam
316 2276 559 2364 promovebunt,
571 2287 736 2364 propteroa
752 2275 1040 2366 quodnsurgentio

19 2407 150 2473 corpora
166 2407 205 2449 ex
223 2384 356 2472 propriis
372 2385 485 2448 iterum
500 2383 640 2472 partibus
655 2395 812 2460 constent,
829 2383 913 2450 nulla
932 2397 1039 2451 autem

18 2517 127 2557 carum
143 2515 250 2557 rerum
265 2515 341 2580 quas
356 2492 489 2557 diximus
505 2502 558 2555 aut
573 2515 644 2580 pars
659 2493 711 2567 sit,
728 2502 783 2556 aut
797 2494 893 2581 partis
903 2495 1041 2581 speeiem

18 2613 47 2666 nt
63 2601 171 2667 locum
187 2612 333 2688 occupet,
351 2601 414 2666 imo
429 2623 492 2666 non
512 2623 634 2687 semper
649 2599 681 2665 in
702 2601 842 2688 partibus
856 2600 1042 2667 alimentum

18 2709 244 2798 accipientibus
258 2720 452 2796 permaneat,
469 2731 528 2773 nec
544 2731 616 2774 cum
630 2709 864 2796 resurgentibus
880 2721 1037 2798 resurgatr

18 2817 91 2884 sihil
114 2829 185 2882 tum
207 2817 247 2882 ad
265 2815 360 2881 vitem
376 2817 558 2882 conserente
579 2817 741 2902 sanguino,
758 2817 821 2880 sive
836 2817 960 2904 pituita,
977 2819 1041 2884 sive

19 2927 80 3002 iili,
99 2927 166 2992 sive
182 2926 301 3014 spiritu.
320 2925 428 3014 Neque
444 2925 528 2990 enim
543 2925 658 3012 quibus
674 2925 768 2988 rebus
783 2923 951 3010 aliquando
967 2948 1042 3014 ege-

19 3047 90 3100 ›unt
107 3055 244 3120 corpora
259 3042 329 3095 tum
344 3053 418 3096 cum
437 3028 607 3105 alerentur,
629 3030 742 3095 iisdem
757 3023 944 3097 etiamtunc
964 3045 1041 3097 tem-

19 3143 96 3206 toris
119 3141 273 3229 egebunt,
296 3161 358 3204 una
386 3162 459 3204 cum
478 3137 560 3203 illius
582 3140 636 3226 qui
654 3136 797 3206 alebatur
814 3141 982 3231 indigentia
1009 3156 1042 3208 ct

19 3247 234 3338 zorruptione,
251 3271 362 3312 eorum
380 3248 473 3312 etiam
487 3272 526 3312 ex
540 3249 654 3337 quihus
670 3248 814 3316 alebatur
828 3276 887 3317 usu
904 3251 1037 3319 sublato.

19 3364 80 3425 luc
105 3356 235 3424 accedit
253 3355 351 3443 quod,
375 3357 494 3421 etiamsi
516 3358 584 3445 quis
604 3370 701 3445 ponat
722 3359 883 3426 inductam
903 3385 942 3425 ex
956 3361 1042 3448 ejus-

20 3467 95 3534 rodi
112 3465 268 3532 alimento
284 3465 533 3531 immutationem
548 3466 588 3531 ud
602 3490 731 3533 carnem
747 3492 844 3556 usque
858 3470 1039 3558 pervenire:

20 3605 39 3643 e
56 3578 107 3641 sic
120 3575 256 3662 quidem
270 3597 398 3640 necesse
410 3573 503 3638 suerit
514 3587 667 3641 mutatam
678 3599 716 3642 ex
727 3579 881 3665 ejusmodi
893 3577 1041 3646 alimento

20 3707 156 3758 ornem,
171 3683 197 3748 si
209 3679 335 3746 alterius
347 3682 483 3748 hominis
496 3683 619 3772 corpori
631 3685 774 3761 accedat,
784 3709 890 3751 rursus
902 3687 934 3754 in
944 3691 1041 3776 partis

20 3815 73 3858 »co
92 3793 139 3856 ad
156 3791 228 3880 ejus
244 3789 514 3880 complementum
534 3795 669 3866 censeri;
685 3795 799 3884 quippe
816 3819 888 3861 cum
902 3821 961 3864 nec
976 3801 1039 3888 ipsa

20 3929 77 3968 iro
92 3927 173 3990 quae
190 3903 349 3979 adsciscit,
362 3927 432 3969 eam
444 3927 566 3994 semper
579 3907 711 3971 retineat
722 3930 815 3994 quarn
828 3909 1042 3986 adscivit,ncc

80 4037 133 4086 m.
849 4043 865 4102 7
