2630 4614
325 252 446 298 coarat
471 251 590 295 caucos
612 252 737 296 oaurro.
997 231 1035 294 25

11 360 191 435 daemones,
203 359 295 448 primi
307 359 448 425 homiues
460 359 553 447 ejecti
567 370 654 431 sunt;
668 381 706 424 ae
718 358 767 423 isti
783 356 908 444 quidem
924 379 943 421 e
957 355 1036 422 coelo

9 467 151 543 detrusi,
168 467 201 534 hi
216 477 323 533 autem
337 489 355 532 e
369 477 466 542 terra,
482 489 546 537 nou
560 467 617 531 ista
635 466 774 554 quidem,
787 464 843 532 sed
856 464 917 530 boc
931 487 1037 529 rerum

9 586 135 640 ornatu
152 577 376 664 praestantiore.
398 575 554 664 Deinceps
572 584 695 663 oportet
713 584 760 650 ut,
780 573 915 660 autiquae
932 573 1038 640 condi-

10 685 113 749 tionis
142 683 296 749 desiderio
319 684 480 758 commoti,
508 682 660 770 quidquid
682 684 783 747 obstat
808 703 1033 748 removeamus.

12 791 91 858 Non
104 791 192 874 eujm
203 791 359 858 inlinitum
370 803 418 857 est
428 789 555 865 celum,
573 792 700 864 oboue,
716 788 770 854 sed
785 788 921 867 finitum,
933 800 966 854 et
977 801 1037 854 ter-

12 901 114 966 minis
132 901 414 989 circumscriptum.
437 899 536 986 Supra
552 895 632 963 illud
646 909 752 964 autem
767 896 877 964 saecula
891 906 1038 985 praestau-

12 1011 115 1086 tiora,
132 1033 201 1099 quaa
216 1020 448 1099 tempestatum,
464 1007 630 1094 exquibus
645 1006 722 1073 varii
736 1006 837 1072 morbi
853 1017 1035 1080 nascuntur,

11 1117 268 1184 vicissitudinem
287 1117 443 1191 nesciunt,
464 1116 518 1181 sed
536 1115 686 1203 temperie
705 1115 790 1180 omui
809 1115 938 1200 praedita
953 1114 1036 1179 diem

15 1226 143 1306 habeut
152 1237 340 1314 perpetuum
350 1246 388 1290 ac
398 1224 506 1289 lumen
517 1223 628 1289 nostris
639 1223 819 1288 bominibus
832 1223 1034 1289 inaccessum.

16 1332 86 1411 Qui
102 1344 209 1398 autem
224 1343 315 1399 terrae
325 1330 548 1420 descriptiones
562 1329 814 1419 elaboraverunt,
835 1330 870 1405 ii,
886 1342 1038 1418 quantum

15 1439 142 1505 homiui
164 1439 208 1506 sas
223 1451 301 1517 erat,
322 1441 463 1530 regiones
479 1439 724 1529 descripserunt:
743 1440 798 1504 sed
812 1461 887 1506 cum
902 1462 966 1506 uon
981 1438 1039 1504 ba-

15 1551 134 1615 berent
163 1550 249 1638 quod
278 1550 318 1614 de
347 1550 383 1614 iis
405 1573 474 1637 quae
495 1547 574 1614 ultra
599 1561 670 1614 suut
692 1547 845 1623 dicerent,
873 1559 1039 1637 propterea

17 1657 107 1744 quod
124 1656 216 1724 invisi
235 1657 442 1745 nonpossint,
459 1657 552 1722 maris
566 1667 659 1722 aestus
674 1657 792 1722 causati
806 1669 892 1732 suut,
908 1668 941 1722 et
955 1657 1039 1745 quod

17 1767 159 1831 marium
173 1763 259 1846 aliud
276 1764 357 1854 alga,
377 1765 462 1831 aliud
477 1765 544 1831 luto
559 1765 688 1854 plenum
702 1767 753 1842 sit,
773 1778 805 1831 et
822 1766 965 1832 locorum
979 1764 1037 1832 ulia

19 1873 155 1948 torrida,
171 1871 231 1937 alia
245 1872 356 1961 frigido
371 1883 403 1938 et
416 1873 489 1962 gelu
503 1884 659 1940 concreta.
679 1875 741 1940 Nos
756 1887 863 1940 autem
877 1897 948 1962 ‘11¹ae
957 1897 975 1940 a
985 1897 1036 1940 ro-

20 1978 72 2043 bis
90 1979 274 2068 iguorautur
289 2003 346 2069 per
362 1979 533 2069 Prophetas
548 1962 731 2055 didicimhs3
749 1984 803 2070 qui
820 1983 945 2071 quidem
962 2005 1035 2049 cum

21 2096 110 2152 certo
126 2098 269 2152 tenerent
284 2109 398 2177 corpus
417 2087 507 2154 simul
526 2111 599 2154 cum
613 2090 716 2156 anima
735 2091 954 2159 indumentum
969 2113 1030 2157 coe·

19 2193 99 2260 leste
113 2194 309 2263 mortalitatis
325 2197 590 2266 immortalitatem
607 2200 806 2290 adepturum,
825 2197 959 2288 plurima
973 2222 1035 2265 cae·
1099 2203 1103 2213 '

19 2303 95 2369 teris
120 2306 283 2372 animabus
305 2307 486 2374 abscondita
511 2309 769 2396 praenuntiabant.
799 2307 905 2378 Potest
928 2319 1032 2374 autem

22 2412 160 2501 quisquis
180 2413 284 2480 nudus
301 2426 349 2480 est
363 2416 426 2483 boc
440 2426 659 2483 oruamentum
674 2417 823 2504 consequi
843 2428 875 2482 et
892 2416 934 2483 ad
947 2429 1032 2484 vete-

20 2544 89 2586 rem
105 2525 321 2612 cognationem
335 2527 446 2596 redire.

63 2629 152 2698 XXI.
172 2631 241 2698 Nou
256 2634 341 2699 euim
355 2635 536 2723 desipimus,
558 2635 710 2711 oGraeei,
729 2657 789 2702 nec
808 2659 905 2725 nugas
919 2636 1033 2725 praedi-

19 2761 138 2815 camus,
159 2740 261 2807 Deum
280 2745 338 2808 sub
357 2743 492 2808 bominis
507 2744 608 2808 forma
628 2755 738 2809 uatum
756 2745 945 2810 nuntiantes.
970 2743 1032 2821 Qui

21 2848 110 2913 nobis
125 2851 301 2917 convicium
316 2851 429 2926 facitis,
448 2849 568 2917 subulas
586 2863 703 2918 vestras
718 2851 857 2918 conlerte
873 2873 946 2918 cum
960 2875 1034 2918 nos-

21 2957 77 3020 tris
88 2958 325 3024 narrationibus.
341 2960 521 3048 Deiphobus
533 2971 612 3035 erat,
623 2971 658 3024 ut
667 2961 782 3036 ferunt,
794 2960 930 3026 Minerva
942 2984 1033 3050 prop

23 3075 71 3126 tar
84 3065 262 3143 Hectorem,
279 3079 311 3132 et
324 3067 358 3133 iu
372 3068 503 3156 gratiam
520 3067 645 3133 Admeti
663 3069 803 3135 intonsus
818 3067 929 3159 Apollo
943 3069 1032 3135 flexi.

22 3171 115 3261 pedes
137 3174 231 3239 boves
253 3179 421 3262 pascebat:
445 3200 585 3265 anusque
606 3178 690 3244 veuit
711 3180 751 3244 ad
771 3179 926 3246 Semelam
947 3179 1031 3246 Jovis

23 3283 147 3370 conjux.
173 3282 236 3362 Qui
256 3284 328 3351 talia
349 3285 499 3364 excolitis,
522 3290 679 3377 quomodo
697 3313 754 3356 uos
772 3289 927 3356 irridetis?
946 3289 1033 3355 Obiit

23 3389 217 3480 AEsculapius
233 3404 347 3471 vester,
362 3406 394 3459 et
408 3396 460 3482 qui
477 3397 700 3486 quinquaginta
715 3398 847 3486 virgines
863 3419 923 3462 uua
939 3409 1032 3464 nocte

22 3499 161 3588 Thespiis
173 3500 311 3578 violarit,
329 3525 402 3569 cum
416 3525 449 3568 se
463 3505 568 3572 voraci
583 3505 716 3572 ssammae
731 3506 919 3582 tradidisset,
936 3505 1030 3571 vitam

22 3607 152 3695 reliquit.
176 3609 382 3679 Prometheus
404 3612 543 3680 Caucaso
563 3611 672 3680 all'rxus
692 3637 799 3703 poeuas
821 3617 861 3682 ob
882 3613 1029 3682 collatum

23 3718 56 3782 iu
79 3718 217 3786 homines
244 3722 434 3790 beneficium
454 3723 610 3812 persolvit.
631 3723 764 3813 ¹Jupiter
784 3725 957 3791 secuudum
975 3749 1029 3791 vos

22 3826 138 3894 invidus
158 3841 205 3897 est
224 3842 257 3898 et
277 3834 432 3901 somnium
451 3834 631 3903 bominibus
651 3835 828 3912 abscondit,
849 3858 903 3902 eos
923 3835 1025 3923 perire
