2808 4688
233 295 274 373 54
591 316 704 360 saacrt
728 316 900 359 caauasms

230 423 271 488 ad
288 445 342 488 eos
360 424 474 511 quibus
491 424 590 512 gratia
611 447 629 488 a
650 418 718 491 Deo
741 447 891 490 concessa
913 435 970 490 cst.
994 425 1167 492 Induamus
1186 448 1261 491 con·

231 532 390 605 cordiam
407 531 559 608 humiles,
573 533 787 608 continentes,
798 535 839 598 ab
851 533 939 598 omni
951 556 1078 600 susurro
1089 545 1121 598 et
1134 535 1264 600 obtrec-

232 639 350 708 tatione
365 638 478 729 procul
493 641 709 718 recedentes¹,
728 641 876 729 operibus
888 665 953 708 non
964 643 1067 709 verbis
1078 642 1154 729 justi
1166 643 1266 709 ellec—

232 749 267 813 ti.
286 749 372 816 Dicit
387 750 492 814 enim:
511 749 598 828 «Qui
617 750 717 816 multa
738 750 827 824 dicit,
847 762 881 815 et
900 751 1037 816 vicissim
1054 751 1188 816 audiet:
1212 763 1267 816 aut

233 855 377 942 »loquax
398 855 524 922 videtur
546 881 613 922 csse
632 855 757 945 justus?
776 856 969 922 Benedictus
991 869 1083 922 natus
1102 853 1266 934 mulieris,

233 994 246 1027 s
260 965 364 1030 brevis
378 964 458 1030 vitae.
475 965 521 1032 Ne
531 963 651 1030 multus
662 965 703 1029 sis
715 966 747 1030 in
760 965 895 1030 vorbis-².
911 995 924 1028 s
938 965 1021 1032 Laus
1032 979 1141 1031 nostra
1154 967 1188 1031 in
1200 967 1268 1034 Deo

234 1073 291 1148 sit,
307 1085 340 1139 et
355 1096 419 1139 non
434 1097 451 1138 a
468 1073 560 1140 nobis
575 1073 667 1162 ipsis¹
684 1097 692 1137 ε
714 1074 782 1139 odit
799 1075 886 1140 enim
901 1075 987 1144 Deus
1005 1076 1131 1162 eosqui
1150 1090 1270 1142 semet-

233 1185 317 1271 ipsos
337 1184 520 1272 predicant.
548 1182 778 1250 Testimonium
799 1185 875 1250 boni
895 1186 998 1272 operis
1018 1187 1118 1251 nostri
1140 1189 1183 1252 ab
1204 1185 1268 1252 aliis

234 1293 421 1359 exhibeatur
434 1293 539 1368 nobis,
556 1291 637 1358 sicut
658 1293 836 1359 exhibitum
850 1306 897 1359 est
912 1295 1056 1382 patribus
1076 1296 1207 1371 nostris,
1224 1297 1273 1361 vi-

234 1403 277 1468 ris
292 1401 393 1487 justis.
411 1400 585 1466 Temeritas
601 1413 633 1466 et
648 1401 827 1490 arrogantia
844 1415 876 1466 et
891 1403 1040 1478 audacia,
1056 1402 1238 1470 maledictis
1252 1427 1271 1468 a

236 1509 320 1580 Deos
341 1508 519 1574 moderatio
536 1519 645 1571 autem
661 1520 692 1573 et
711 1506 922 1584 bumilitaset
936 1508 1169 1585 mansuetudo,
1187 1511 1272 1600 apud

237 1613 311 1685 illos¹
323 1618 376 1706 qui
393 1641 411 1682 a
426 1617 495 1685 Deo
510 1617 669 1682 benedicti
685 1629 768 1682 sunt.

282 1727 407 1793 XXXI.
433 1728 510 1814 Ejus
532 1725 627 1814 igitur
646 1725 861 1791 benedictioni
881 1725 1016 1792 firmiter
1035 1727 1271 1801 adhaereamus;

240 1849 273 1902 ct
288 1836 449 1902 videamus
464 1859 611 1924 quaenam
630 1835 692 1900 sint
712 1835 942 1900 benedictionis
958 1836 1026 1902 viae.
1050 1837 1167 1903 Animo
1182 1861 1280 1927 repe-

225 1953 345 2011 'tamus
360 1969 431 2032 quae
453 1945 492 2008 ab
511 1942 602 2008 initio
617 1941 699 2007 sacta
714 1955 797 2008 sunt.
824 1942 923 2030 Cujus
940 1942 1038 2032 gratia
1059 1957 1150 2032 pater
1167 1959 1280 2010 noster

242 2053 441 2122 Abrabamus
460 2052 647 2117 benedictus
668 2051 749 2117 fuit?
771 2075 878 2118 nonne
899 2054 971 2142 quia
994 2053 1147 2141 justitiam
1165 2067 1199 2119 et
1219 2079 1279 2121 ve-

243 2163 369 2227 ritatem
383 2184 441 2248 per
456 2158 553 2224 fidem
565 2171 712 2248 operatus
724 2160 827 2224 fuerat
838 2159 871 2223 ‘l
886 2161 1013 2226 isaacus
1025 2184 1095 2226 cum
1107 2161 1277 2226 conliden-

242 2273 285 2338 tia
294 2271 381 2357 quot
395 2269 538 2334 futurum
552 2281 620 2334 erat
632 2291 838 2358 cognoscens,
855 2268 991 2336 libenter
1003 2271 1095 2338 factvts
1107 2283 1153 2334 est
1164 2270 1268 2334 sacri-

245 2380 365 2446 ficium.
384 2378 524 2460 lacobus
539 2377 571 2444 in
588 2377 785 2455 bumilitate,
802 2379 880 2444 dum
896 2379 1028 2444 fratrem
1041 2377 1125 2466 ugit,
1141 2376 1269 2443 secessit

244 2491 287 2555 de
301 2500 385 2553 terra
401 2510 474 2562 sua,
492 2498 524 2550 et
539 2485 699 2574 profectus
716 2498 764 2550 est
779 2487 819 2552 nd
834 2485 1012 2562 Labanem,
1033 2497 1065 2550 et
1080 2485 1222 2549 servivit:
1241 2497 1277 2548 et

246 2599 319 2664 data
331 2607 405 2661 sunt
419 2595 447 2660 ci
466 2593 635 2660 duodecim
652 2605 776 2681 sceptra
796 2593 871 2678 (boc
887 2610 950 2670 est,
966 2594 1138 2660 doudecim
1153 2592 1275 2680 tribus)

248 2695 370 2772 Israelis
381 2700 402 2768 ⁵.
1102 2795 1104 2798 Ι

291 2813 431 2880 XXXII.
450 2813 484 2879 si
495 2815 566 2900 quis
578 2811 737 2903 sigillatim
749 2827 782 2879 ct
794 2813 942 2881 distincte
954 2811 1215 2887 consideraverit,
1228 2811 1282 2876 do·

251 2947 366 2990 norum
381 2948 452 3012 quae
467 2947 523 3013 per
540 2949 615 2989 eum
631 2947 780 2992 concessa
796 2938 869 2992 sunt
884 2925 1153 3014 magnificentiam
1169 2947 1284 3012 agnos—

252 3047 312 3102 cet.
340 3035 390 3100 Ab
410 3032 464 3098 illo
484 3034 569 3098 enim
592 3035 653 3097 orti
676 3047 750 3100 sunt
771 3057 881 3100 omnes
905 3035 1084 3100 sacerdotes
1103 3058 1143 3099 uc
1165 3033 1284 3105 levitas,

251 3143 306 3232 qui
324 3125 414 3207 altari
433 3141 561 3206 Domini
579 3142 782 3207 ministrant:
804 3147 843 3208 ab
862 3141 917 3208 illo
933 3143 1088 3210 Dominus
1107 3141 1218 3218 Iesus,
1238 3165 1286 3208 se-

252 3251 393 3319 cundum
416 3271 568 3316 carnem:
594 3251 633 3313 ab
656 3247 711 3313 illo
735 3273 842 3338 reges,
865 3263 898 3314 et
917 3251 1094 3338 principes,
1116 3262 1150 3314 et
1170 3251 1287 3322 duces,

251 3373 383 3454 propter
396 3358 537 3425 ludam:
563 3379 623 3422 nec
642 3355 769 3442 reliquae
789 3359 858 3445 ejus
877 3358 978 3422 tribus
995 3358 1029 3422 in
1047 3359 1146 3446 parto
1166 3359 1289 3423 bonore

254 3482 344 3541 sunt;
371 3479 481 3556 utpote
500 3465 568 3530 Deo
591 3462 820 3552 promittente:
851 3464 943 3530 «Erit
967 3487 1075 3530 semen
1101 3476 1196 3530 tuum
1222 3475 1289 3528 tan·

241 3559 267 3639 's
284 3599 380 3666 quam
393 3573 489 3641 st'ellae
503 3571 604 3640 coeli⁸.
620 3600 633 3633 ι
650 3572 676 3638 li
691 3595 767 3660 ergo
783 3595 892 3638 omnes
907 3571 1040 3662 gloriam
1056 3583 1087 3638 et
1102 3570 1292 3661 amplitudi-

288 3747 322 3794 ἰ
339 3746 398 3794 Cor.
418 3762 463 3804 ιιι,
481 3759 518 3793 nc.
536 3771 569 3783 -
585 3743 666 3795 ²tob.
679 3761 713 3800 xv,
729 3760 750 3790 a.
768 3770 799 3780 -
816 3742 923 3792 locor.
941 3760 968 3803 x,
988 3760 1026 3809 ιγ,
1041 3743 1083 3800 ι8;
1106 3744 1182 3794 Rom.
1200 3759 1231 3803 ιι,
1254 3757 1292 3806 ²9·

258 3857 288 3870 ··-
309 3825 418 3878 ⁴Jacob.
436 3846 465 3887 ιι,
487 3841 526 3876 21.
556 3855 588 3866 -
617 3827 654 3874 ⁵³
673 3827 736 3892 lleg.
757 3843 793 3886 xv,
820 3829 847 3876 in
871 3827 954 3877 LXX.
982 3853 1013 3866 -
1034 3828 1121 3878 ‘Gen
1144 3843 1237 3887 xxviii,
1253 3843 1293 3884 xv,

258 3925 284 3968 et
301 3931 360 3965 ιιιι.
