2808 4688
220 203 262 282 ai
583 218 720 266 siseris
741 217 877 274 mauis,

215 325 334 398 clesiae
346 322 604 422 astruit3quod
616 320 938 396 animadvertimus
950 320 996 396 ad
1010 313 1271 401 indicandum

179 435 197 505 .’
216 453 328 530 quam
338 431 433 504 clare
442 421 570 504 auctor
580 427 704 502 ambas
715 444 864 502 naturas
871 433 911 502 in
919 428 1062 504 Christo
1072 431 1272 532 explicue-

216 543 275 613 rit.
287 545 473 638 Apparent
482 537 536 609 illi
550 537 670 610 media
681 538 723 632 in*
734 535 886 635 planitie
896 529 1090 610 duode'cim
1099 553 1268 610 montes

217 647 305 716 varii
321 644 470 730 coloris,
484 658 521 715 et
534 645 574 714 in
586 641 707 716 medio
720 666 849 715 eorum
863 658 968 742 petra
982 643 1055 714 illis
1067 642 1175 716 altior
1188 667 1268 716 ex-

213 771 367 847 surgens
383 771 464 845 quoe
480 761 623 845 portam
638 745 802 820 habebat
814 744 1058 847 splendidam
1071 761 1111 818 et
1121 751 1264 819 statim

217 855 387 954 angelum
396 857 612 952 interrogat:
623 857 806 956 «Primum
816 857 994 944 omnium,
1001 853 1163 944 domine,
1171 854 1264 928 hoc

215 989 234 1028 a
243 959 335 1032 mihi
349 959 567 1034 demonstra.
576 967 681 1034 Petra
691 961 767 1034 haec
780 975 818 1034 et
831 974 937 1060 porta
951 958 1042 1060 quid
1054 960 1160 1032 suntl
1171 961 1263 1032 Au·

112 1055 117 1086 ¹
219 1094 238 1132 a
252 1063 310 1154 di,
323 1069 465 1163 inquit:
483 1081 588 1166 petra
599 1066 676 1140 haec
689 1083 726 1140 et
739 1081 846 1167 porta
860 1065 972 1139 Filius
985 1067 1053 1140 Dei
1067 1079 1132 1138 est.
1145 1069 1261 1158 Quo-

210 1201 234 1242 a
246 1197 330 1245 nam
339 1188 463 1273 pacto,
476 1177 646 1274 inquam,
657 1175 818 1264 domine,
831 1189 934 1274 petra
942 1188 1046 1247 vetus
1059 1187 1258 1272 est‚porta

215 1311 233 1348 a
244 1296 367 1354 autem
384 1282 501 1355 nova?
517 1284 632 1374 Audi,
649 1286 789 1382 inquit‚‘
809 1285 1003 1382 insipiens,
1016 1295 1055 1354 et
1071 1281 1252 1379 intellige.

212 1388 351 1461 „Filius
364 1385 512 1488 quidem
523 1389 591 1462 Dei
607 1391 707 1462 omni
725 1403 890 1462 creatura
907 1390 1094 1487 antiquior
1112 1400 1182 1476 est,
1194 1391 1254 1458 ita

215 1509 288 1566 eut
316 1497 355 1566 in
380 1494 532 1570 oonsilio
559 1499 655 1570 Patri
678 1519 746 1570 suo
773 1491 929 1569 adfuerit
949 1491 996 1565 ad
1018 1491 1250 1567 condendam

216 1630 234 1667 a
246 1615 467 1690 ereaturam3
485 1617 593 1702 porta
608 1618 730 1675 autem
748 1616 944 1702 propterea
960 1624 1056 1674 nova
1073 1616 1144 1690 est,
1158 1603 1249 1698 quia

216 1737 234 1786 a
247 1711 285 1780 in
295 1712 619 1798 consummatione,
631 1715 669 1783 in
683 1711 889 1784 novissimis
900 1707 1030 1782 diebus
1041 1708 1243 1810 apparebit,

215 1831 287 1888 aut
309 1820 372 1916 qui
399 1822 597 1892 assecuturi
617 1835 703 1891 sunt
726 1818 896 1910 salutem,
917 1840 982 1915 per
1003 1841 1085 1890 eam
1107 1821 1245 1890 intrent

215 1951 234 1990 a
246 1926 286 1995 in
299 1949 451 2023 regnum
470 1926 576 2000 Dei.»
589 1927 638 1998 Et
655 1925 742 1998 alibi
757 1955 766 1998 ι
780 1957 797 1993 a
812 1930 944 1998 Servus
958 1947 1045 1996 vero
1063 1924 1125 1996 ille
1135 1923 1241 1994 Filius

214 2058 233 2095 a
245 2031 313 2100 Dei
328 2043 428 2103 est...
447 2034 530 2129 Ipse
553 2047 675 2102 autem
700 2033 899 2129 plurimum
919 2030 1111 2120 laboravit,
1127 2029 1238 2127 pluris

214 2158 421 2233 imumque
437 2159 629 2236 perpessus
642 2151 713 2224 est,
726 2154 768 2208 ut
784 2137 948 2210 aboleret
958 2135 1089 2210 deliota
1105 2159 1234 2208 eorum.

97 2246 101 2258 ·
214 2239 380 2309 »Deletis
393 2241 503 2336 igitur
515 2242 672 2336 peccatis
685 2241 813 2338 populi
826 2244 986 2336 sui‚ipse
999 2239 1121 2312 iisdem
1133 2259 1231 2312 mon·

216 2345 373 2416 »stravit
400 2345 529 2418 itinera
546 2347 646 2432 vitae,
664 2343 748 2416 daia
772 2348 825 2417 eis
853 2345 949 2444 lege,
965 2368 1072 2444 quam
1091 2367 1112 2414 a
1130 2346 1231 2414 Patre

215 2464 443 2547 »acceperat
462 2450 572 2524 Vides
589 2453 699 2550 igitur
719 2477 795 2526 esse
812 2456 1011 2526 Dominum
1028 2450 1169 2552 populi,
1184 2473 1237 2521 ao

214 2571 349 2655 acepta
371 2581 392 2633 a
409 2562 514 2630 Patre
538 2583 605 2630 suo
622 2563 722 2631 omni
739 2574 958 2659 potestate.»
975 2561 1175 2636 Caesarisne
1193 2559 1238 2628 si-

216 2660 483 2750 militudinibus
499 2667 619 2763 agitur
634 2664 681 2737 de
699 2666 952 2766 temporalium
970 2691 1075 2756 cura,
1093 2665 1140 2738 de
1156 2687 1240 2738 vero

212 2765 372 2862 jejunio,
394 2763 441 2837 de
457 2771 575 2866 poenis
595 2773 750 2867 peccati,
769 2770 814 2845 de
832 2773 1042 2846 necessitate
1061 2768 1240 2870 poeniteu-

217 2875 292 2962 tiae,
309 2871 478 2954 denariis
495 2873 692 2950 electorum
710 2892 747 2949 et
764 2879 1019 2976 poenitentium
1039 2877 1240 2976 generibus.

215 2983 317 3051 Hanc
339 2981 435 3052 circa
455 2980 636 3078 jejunium
661 2983 872 3082 parabolam
895 2987 1097 3084 proponit:
1128 2987 1243 3077 «Qui-

216 3085 329 3158 »dam
358 3112 442 3160 cum
478 3089 630 3164 haberet
660 3091 832 3181 fundum,
866 3116 1061 3192 servosque
1092 3091 1242 3182 multos,

216 3196 283 3265 ain
302 3193 458 3292 quadarn
475 3212 578 3294 parte
596 3197 698 3270 fundi
722 3204 779 3272 sui
796 3201 920 3298 posuit
938 3202 1080 3270 vineam
1103 3222 1243 3272 succes·

215 3299 399 3376 osoribus.
438 3301 577 3377 Deinde
615 3329 764 3403 peregre
801 3301 1000 3403 profectus,
1034 3303 1142 3401 elegit
1170 3330 1243 3378 ser·

190 3401 331 3478 ¹»vum
361 3431 471 3506 quem
501 3409 662 3483 habebat
694 3411 956 3499 fidelissimum,
991 3433 1034 3482 ac
1061 3409 1131 3480 sibi
1162 3433 1244 3508 pro·

216 3511 387 3604 ebatum,
420 3518 526 3611 eique
555 3518 748 3611 assignavit
772 3520 931 3604 vineam,
962 3518 1173 3614 praecipiens
1203 3533 1246 3590 ut

217 3617 381 3708 »ritibus
397 3619 565 3718 jungeret
587 3623 701 3724 palos.
723 3621 832 3717 Quod
856 3627 886 3696 si
903 3621 1060 3712 fecisset,
1086 3638 1125 3694 et
1147 3647 1246 3694 man-

217 3723 373 3814 udaium
396 3751 502 3799 suum
522 3748 820 3822 consummasset,
843 3731 1046 3804 libertatem
1067 3727 1187 3802 eidem
1206 3755 1246 3802 se

68 3837 70 3842 ’
118 3853 122 3858 ’
165 3886 167 3892 ,
190 3853 191 3856 ’
216 3833 414 3928 ιρᾲαιυωῐη
434 3841 645 3934 promisit...
665 3843 860 3939 Postquam
879 3853 1000 3913 autem
1017 3863 1142 3912 servus
1159 3835 1248 3911 lecit
