2646 4628
391 329 511 374 corrrs
534 329 682 378 nanuses.
978 315 1038 380 255

24 433 208 524 spiritualis,
224 437 341 501 exitum
355 435 484 500 sortitur
500 449 593 523 prout
613 437 660 504 vel
679 439 710 506 in
724 439 818 518 hanc,
839 439 886 506 vol
906 441 937 506 in
954 440 1039 507 illam

23 557 150 631 partem
165 542 376 610 declinaverit.
399 543 440 607 Ut
457 553 562 608 autem
579 543 632 611 hic
652 545 783 614 salutem
802 549 1038 637 adipisceretur,

22 651 226 719 sensibilibus
240 650 409 740 disciplinis
424 653 594 741 indigebat,
615 673 653 720 ae
667 657 798 743 proinde
815 655 974 723 Salvatore
988 656 1042 723 hic

22 783 109 848 opus
127 771 203 826 erat.
227 759 290 826 Sed
304 759 410 849 qualii'
429 759 493 839 Qui
511 759 570 824 sibi
588 763 841 828 accommodatus
860 775 953 839 esset,
974 764 1043 828 ani-

22 866 103 933 mali
116 869 265 934 nimirum
280 881 312 933 ct
326 867 488 957 spirituali,
505 890 637 958 corpore
649 881 753 937 tamen
764 873 886 948 induto,
899 886 934 938 nt
945 871 1044 938 sensi-

21 975 90 1040 bus
104 986 233 1064 pateret.
252 974 409 1040 Materiale
424 985 530 1041 autem
544 974 622 1040 nihil
637 977 789 1066 suscepit3
813 1003 848 1044 ea
863 981 947 1045 enim
962 981 1045 1046 dun-

24 1095 117 1147 taxat
148 1084 314 1171 assumpsit
339 1084 453 1171 quibus
482 1081 614 1150 salutem
644 1085 857 1174 impertiturus
882 1098 981 1151 erat:
1015 1098 1047 1152 at

23 1191 160 1256 materia
182 1189 290 1255 salutis
312 1192 452 1279 incapax.
477 1190 537 1255 Per
558 1190 689 1256 hiarium
712 1191 776 1267 ille,
803 1193 933 1280 perinde
954 1205 1047 1280 atque

24 1321 110 1386 aqua
125 1322 183 1387 per
199 1300 325 1374 tubum,
342 1298 554 1373 transmeavit,
574 1299 613 1363 ab
629 1321 665 1363 ea
681 1298 758 1364 nihil
779 1300 950 1386 quidquam
964 1300 1047 1366 acci-

23 1407 138 1493 piens:
157 1415 249 1493 atque
265 1409 296 1472 in
312 1407 426 1495 ipsum,
448 1427 522 1471 cum
536 1407 683 1495 baptismi
704 1430 784 1495 aqua
800 1408 984 1496 tingeretur,
999 1405 1049 1471 Je-

25 1537 81 1577 sus
96 1511 149 1578 ille
163 1537 218 1578 seu
232 1513 387 1589 Salvator,
404 1512 457 1602 qui
473 1513 511 1578 de
526 1511 701 1579 Pleromate
712 1527 791 1589 erat,
808 1526 841 1579 et
855 1537 894 1579 ex
905 1514 1049 1579 omnibus

26 1633 136 1686 ortum
155 1632 303 1697 traxerat,
325 1623 382 1686 sub
408 1618 563 1686 columbae
585 1620 685 1686 forma
710 1620 880 1686 descendit.
910 1619 950 1684 Ut
971 1619 1050 1684 adeo

29 1729 185 1795 Dominus
203 1739 311 1795 noster
326 1751 364 1794 ex
383 1741 518 1816 quatuor
532 1729 617 1794 hisce
632 1727 786 1794 conflatus
802 1738 895 1802 esset,
912 1749 949 1791 ex
965 1727 1051 1813 spiri·
1121 1753 1125 1762 ’

27 1836 121 1912 tuali,
138 1836 223 1924 qnod
240 1838 279 1902 ab
292 1835 470 1902 Achamoth
481 1847 564 1908 eretz
582 1857 619 1900 cx
630 1833 769 1911 animali,
787 1835 871 1923 quod
882 1857 898 1898 a
910 1835 1052 1901 Demiur-

28 1969 84 2034 go;
110 1965 313 2032 excerpere,
335 1943 421 2031 quod
444 1965 462 2006 a
487 1943 731 2029 dispensatiouer
751 1963 790 2006 ex
814 1941 973 2007 Salvator-e
994 1942 1051 2006 de-

28 2074 133 2125 mum,
154 2051 238 2137 quod
256 2062 324 2115 erat
342 2073 378 2114 ea
398 2073 466 2138 quse
487 2049 647 2116 descendit
667 2047 807 2115 inillam
827 2049 990 2122 columba;
1014 2071 1052 2114 ex

33 2160 149 2246 quibus
164 2157 247 2223 solus
262 2157 430 2246 psychicus
444 2179 552 2244 passus
563 2169 611 2221 est
623 2157 777 2233 Christus,
792 2169 825 2223 et
836 2157 861 2222 is
876 2158 928 2245 qui
944 2179 982 2222 ex
994 2157 1053 2221 dis·

29 2266 214 2356 pensatione
241 2265 375 2352 mystico
403 2263 497 2330 modo
524 2263 668 2330 conditus
694 2263 812 2337 sueratr
847 2263 1052 2352 perpessionis

29 2374 211 2460 expertibus
222 2372 423 2438 manentibus
432 2369 604 2446 Salvatnro,
624 2382 656 2436 et
671 2371 821 2458 spirituali
834 2371 971 2448 Christo,
988 2383 1051 2437 eta

29 2483 169 2548 Domino
188 2480 382 2547 avolantibus
398 2504 472 2547 cum
489 2478 588 2546 Pilsto
603 2480 763 2546 sisteretur
782 2503 790 2544 ε
807 2482 851 2547 sic
865 2493 930 2546 tota
946 2480 1051 2546 salutis

30 2603 147 2680 nostrae
163 2589 350 2664 aeconomia,
370 2597 402 2653 et
420 2587 640 2675 quodcumque
659 2587 699 2652 de
714 2585 809 2654 Verbi
830 2587 924 2653 divini
943 2588 1049 2653 incar-

30 2697 171 2773 natione,
189 2696 366 2783 Christique
377 2697 508 2772 meritis‚
525 2708 626 2760 morte
640 2707 673 2759 et
684 2695 892 2761 satisfactione
908 2695 985 2758 fides
999 2693 1052 2758 do-

31 2817 96 2879 cet,
119 2805 151 2869 in
174 2801 270 2868 aniles
289 2801 410 2868 subulas
432 2799 626 2886 ridiculeque
649 2811 828 2865 commenta
848 2810 951 2863 totum
973 2798 1048 2863 abit.

31 2913 97 2978 Sed
111 2912 185 2978 audi
201 2924 323 2977 cetera

77 3018 203 3110 Triplex
228 3020 393 3084 hominum
414 3041 511 3107 genus
533 3015 765 3084 Valentinianos
789 3014 964 3080 distinxisse
990 3014 1054 3102 jam

32 3127 211 3194 notavimus
227 3148 237 3189 t
259 3124 418 3198 choicum,
435 3125 520 3213 quod
535 3123 668 3189 salutem
682 3123 844 3213 percipere
858 3121 944 3189 nullo
959 3123 1054 3190 modo

31 3233 118 3301 valet
144 3257 153 3299 ε
183 3231 328 3307 animale,
352 3223 437 3321 quod
458 3232 621 3320 percipere
642 3242 746 3320 potest
769 3229 818 3297 rel
845 3253 908 3298 non
935 3242 1056 3320 potest,

30 3356 131 3438 prout
146 3343 238 3409 honis
252 3340 300 3407 vel
315 3339 404 3406 malis
420 3341 585 3408 adheserit
601 3363 609 3405 ε
630 3340 788 3430 spirituale
803 3341 951 3428 denique,
970 3341 1057 3430 quod

33 3479 55 3520 a
78 3451 176 3519 salute
197 3450 342 3517 excidere
366 3472 528 3544 nunquam
550 3460 661 3539 potest.
691 3448 740 3515 Ad
763 3449 937 3514 secundum
959 3471 1057 3538 genus

36 3559 215 3628 catholicos
233 3559 431 3624 revocabant.
453 3557 509 3622 llis
528 3557 625 3622 fidem
641 3569 674 3621 et
692 3559 774 3622 hona
795 3579 901 3645 opera,
923 3569 958 3620 ut
973 3556 1057 3622 salu-

35 3686 102 3738 tem
121 3670 381 3759 adipiscerentur,
405 3667 577 3734 necessaria
600 3689 668 3732 esse
689 3666 862 3732 dicebant:
888 3667 947 3732 sihi
969 3689 1055 3743 vero,

35 3779 90 3868 qui
106 3780 146 3845 ad
155 3779 284 3844 tertium
295 3800 393 3868 genus
408 3776 619 3864 pertinebant,
633 3772 844 3863 spiritualibus
855 3787 886 3840 et
897 3775 1055 3864 perlectis,

38 3901 145 3978 utpote
166 3885 317 3976 spirituali
332 3886 451 3954 semine
466 3883 645 3952 Achamoth
660 3883 847 3960 secundatis,
869 3884 938 3953 haec
952 3907 1057 3976 super-
