2648 4598
253 339 291 380 nn
316 335 565 380 aasunnncrrorsa
589 334 785 378 uoaruonuu.
973 315 1031 377 115

17 465 33 504 u
49 454 155 506 natura
171 441 313 506 instituta
329 453 388 516 est,
405 451 437 504 et
456 440 495 505 ad
511 439 596 526 quod
615 437 755 504 instituta
771 451 828 504 est.
851 439 1034 528 Praepostcri

14 550 98 615 onim
108 551 203 616 studii
214 574 282 616 csse
294 549 430 614 arbitror
440 549 583 636 frangere
597 571 682 613 nune
698 559 730 612 et
746 547 898 624 dividere,
913 560 945 614 et
960 549 1037 638 quid

15 661 128 748 cuique
147 672 268 726 naturae
290 657 455 725 conveniat
471 682 634 726 recensere
649 657 738 724 velle.
759 659 862 724 Homo
878 669 977 734 certe,
999 658 1038 722 do

16 791 78 854 quo
90 767 376 856 uuncpropositum
388 777 435 832 est
447 767 565 841 dicere,
578 778 731 853 quatenus
743 766 957 856 indiguasest,
968 778 1039 856 eget

16 875 180 949 alimento:
195 888 349 964 quatenus
359 873 511 949 mortalis,
524 875 737 947 successione;
754 887 907 961 qautenus
917 875 1038 940 ratione

15 983 177 1072 praeditus,
197 983 326 1071 judicio.
349 981 421 1047 lam
434 982 554 1046 verosi
577 981 693 1046 borum
713 983 961 1070 unumquodque
980 982 1041 1048 ho-

15 1093 94 1156 miui
112 1092 289 1184 secundum
307 1103 453 1156 naturam
467 1101 532 1162 est;
555 1089 579 1154 si
599 1087 749 1156 alimento
763 1102 834 1178 eget
847 1103 977 1178 propter
992 1091 1041 1156 vi-

14 1212 95 1275 tam,
123 1201 321 1266 successione
347 1212 476 1288 propter
501 1199 623 1287 generis
645 1199 900 1286 perpetuitatem,
923 1199 1042 1287 judIeio

13 1321 146 1398 propter
160 1309 223 1374 eibi
238 1321 269 1374 et
285 1307 489 1374 successionis
506 1306 623 1396 legem;
642 1330 770 1372 necesse
785 1319 832 1372 cst
848 1319 883 1370 ut
898 1329 972 1372 cum
989 1306 1041 1372 ali-

15 1424 162 1480 mentum
176 1427 208 1478 et
224 1414 380 1480 successio
395 1414 427 1478 in
445 1424 614 1499 utrumque
630 1411 782 1486 serantur,
799 1412 955 1500 judicium
967 1436 1043 1499 quo·

15 1547 79 1611 que
99 1523 130 1587 in
147 1535 328 1610 utrumque,
346 1522 379 1586 id
395 1535 454 1597 est,
472 1522 504 1586 in
519 1522 681 1586 hominem
695 1546 733 1585 ex
745 1545 878 1610 corpore
894 1535 926 1586 et
940 1522 1043 1586 enimn

14 1643 215 1698 constantem
231 1631 362 1706 seratur,
378 1654 415 1695 ae
430 1629 585 1718 ejusmodi
602 1629 698 1693 homo
712 1629 868 1693 rationem
882 1630 1044 1694 actionum

15 1743 161 1806 omnium
181 1741 303 1816 reddat,
321 1752 352 1803 et
371 1763 429 1827 pro
447 1740 491 1803 eis
507 1739 672 1828 preamium
688 1748 743 1802 arrt
757 1761 884 1827 poenam
898 1739 1041 1828 accipiat.

17 1851 117 1931 Quod
129 1852 153 1915 si
165 1853 284 1939 justum
296 1849 450 1936 judicium
464 1851 587 1938 utrique
599 1847 781 1913 mercedem
793 1849 953 1914 actionum
965 1848 1046 1914 irro-

17 1973 73 2049 gat
80 1985 89 2033 ;
112 1960 137 2022 si
153 1982 278 2045 aequum
294 1981 357 2022 non
373 1971 419 2022 est
436 1971 470 2022 ut
484 1959 586 2023 anima
604 1957 667 2022 sola
684 1981 790 2022 rerum
806 1980 868 2021 una
884 1981 958 2023 cum
973 1981 1046 2024 cor-

16 2093 98 2158 pore
119 2078 276 2156 gestarum
295 2067 422 2155 praemia
440 2067 554 2131 reserat
576 2068 668 2152 (nam
682 2089 739 2156 per
758 2090 790 2132 se
811 2067 876 2154 ipsa
895 2089 1046 2162 nonme-

17 2191 113 2244 sctur
134 2177 169 2241 iis
190 2201 259 2262 quse
279 2177 363 2243 circa
384 2179 523 2266 corporis
545 2175 717 2265 voluptates
736 2190 768 2241 et
787 2177 874 2242 cibos
893 2187 925 2242 et
941 2175 1045 2242 cultus

16 2289 229 2376 peccantur),
247 2309 305 2351 nee
321 2310 435 2376 corpus
457 2284 558 2351 solum
584 2286 649 2372 (cst
664 2287 748 2351 enim
768 2308 824 2373 per
843 2287 981 2374 seipsum
996 2285 1046 2350 di-

16 2396 200 2485 judicandae
223 2393 297 2482 legis
313 2407 345 2458 et
360 2395 485 2483 justitia
503 2397 647 2484 expers),
669 2397 724 2460 sed
746 2406 780 2460 ut
799 2396 992 2488 compositus
1007 2417 1046 2462 ex

16 2507 164 2592 utrisque
187 2504 282 2569 bomo
308 2505 347 2570 de
367 2528 553 2593 unaquaque
576 2505 736 2570 actionum
759 2530 888 2572 suarum
911 2508 943 2571 in
966 2506 1048 2594 judi-

16 2615 108 2680 cium
125 2623 271 2682 vocatam
295 2611 326 2676 id
344 2626 450 2677 autem
469 2614 493 2678 si
509 2637 612 2701 neque
628 2614 660 2678 in
676 2613 735 2680 hac
750 2615 812 2679 vita
828 2617 953 2680 evenire
968 2615 1049 2680 ratio

17 2723 141 2810 reperit
163 2724 244 2806 (non
265 2722 348 2788 enim
369 2721 419 2788 ille
438 2747 497 2812 pro
517 2724 637 2789 meritis
656 2736 754 2789 status
775 2724 805 2788 in
825 2724 971 2812 praesenti
988 2725 1048 2788 vita

16 2841 177 2905 servatur,
200 2855 273 2896 cum
296 2830 385 2896 multi
406 2831 490 2895 atbei
510 2845 541 2894 et
560 2831 716 2917 iniquitati
738 2854 775 2896 ac
796 2833 942 2919 nequitiae
964 2833 1048 2897 omni

17 2937 135 3008 dediti,
159 2961 256 3023 usque
276 2936 317 3000 od
336 2947 470 3001 mortona
490 2946 633 3023 expertes
653 2933 808 3000 malorum
825 2949 1046 3024 permaneant:

18 3057 135 3112 contra
148 3046 202 3132 qui
215 3046 310 3109 vitam
322 3069 410 3108 suam
427 3043 466 3107 ad
482 3067 610 3108 omnem
626 3044 774 3109 virtutem
786 3045 936 3134 dirigunt,
952 3049 984 3113 in
997 3047 1049 3111 do·

19 3154 158 3226 loribus,
181 3151 316 3238 injuriis,
340 3149 515 3226 calumniis,
540 3151 731 3216 eruciatibus
751 3163 783 3216 et
804 3153 905 3222 omnis
926 3154 1049 3243 generis

20 3260 259 3330 calamitatibus
281 3262 419 3349 vivant),
440 3285 542 3348 neque
562 3262 655 3327 etiam
676 3273 747 3350 post
768 3275 903 3328 mortem
931 3262 1051 3352 (neque

21 3372 110 3440 enim
127 3370 233 3434 adhuc
249 3382 418 3457 utrumque
434 3383 545 3444 exstat,
562 3370 666 3434 anima
681 3371 807 3458 quidem
823 3395 841 3436 a
858 3396 991 3461 corpore
1007 3397 1054 3438 sc·

23 3491 148 3572 parata,
170 3503 302 3568 corpore
318 3491 422 3542 autem
442 3479 509 3566 ipso
529 3480 560 3544 in
576 3503 612 3543 ea
633 3477 782 3545 dissoluto
801 3505 840 3546 ex
856 3481 969 3568 quihus
985 3480 1053 3548 col-

26 3602 146 3658 ectum
161 3587 274 3662 suerat,
293 3587 539 3674 necquidquam
554 3588 666 3676 prioris
682 3599 800 3653 naturae
815 3601 848 3654 et
862 3588 982 3664 sormae,
1000 3614 1052 3657 nc-

25 3703 103 3768 lurn
117 3698 302 3763 memoriam
315 3720 421 3760 rerum
434 3707 593 3786 gestarum
605 3697 793 3784 retinente),
812 3698 898 3785 quod
913 3711 1054 3786 superest

26 3805 143 3890 tuique
158 3803 360 3890 perspicuum
373 3814 433 3877 est,
445 3815 591 3892 oportere
607 3802 782 3867 secundum
794 3802 980 3892 Apostolum
992 3805 1055 3869 hoc

27 3910 236 4000 'corruptibile
248 3922 280 3974 et
292 3909 468 3998 dissipabile
480 3910 610 3976 induero
622 3911 902 3999 incorruptionem,
917 3923 952 3977 ut
962 3912 1058 3978 vivifi-

123 4041 156 4082 ιι.
909 4025 928 4084 8
