2648 4634
205 273 269 362 596
517 293 630 338 aaroni
654 293 766 338 rasam
789 295 850 338 tta.
876 295 913 338 ιιι

207 402 285 469 dum
303 398 432 488 quidam
443 400 562 466 audeat
573 399 693 476 dicere,
705 399 762 466 sed
772 400 927 466 miserans
940 401 1025 490 ejus,
1043 411 1170 467 utnon
1181 425 1247 490 per

207 522 364 576 serenaret
375 533 498 598 semper
510 523 738 600 transgressam
754 533 857 598 neque
869 509 1050 578 immortale
1062 522 1153 576 esset
1163 513 1248 598 quod

206 632 288 688 esset
299 620 382 688 circu
398 643 473 688 eum
484 629 667 709 peccatum,
681 631 713 686 et
724 617 843 686 malum
855 618 1096 688 interminabile
1111 632 1150 684 et
1166 619 1247 686 insa-

207 729 323 797 nabile.
341 728 507 796 Probibuit
522 739 629 795 autem
645 729 715 818 ejus
734 728 1013 819 trangressionem,
1034 729 1250 817 interponens

207 852 356 916 mortem,
371 849 404 906 et
418 861 542 906 cessare
552 838 670 906 iaciens
685 851 868 928 peccatum,
879 838 978 907 linem
989 837 1135 905 inserens
1147 839 1181 904 ei
1195 861 1251 926 per

207 949 309 1016 carnis
328 947 569 1023 resolutionem,
589 969 661 1036 quae
682 947 773 1014 lieret
790 947 922 1036 interra
942 971 950 1013 ι
968 949 1015 1014 uti
1036 971 1175 1015 maana
1191 947 1252 1013 ali-

205 1057 334 1146 quando
349 1057 446 1124 homo
461 1058 566 1124 vivere
582 1067 729 1145 peccato,
749 1067 782 1122 ct
796 1057 936 1123 moriens
955 1057 998 1133 ei,
1019 1056 1186 1146 inciperet
1205 1057 1252 1120 ri-

206 1189 281 1234 vere
294 1166 373 1233 Deo.
636 1173 639 1178 “

252 1276 455 1364 Quapropter
470 1273 668 1342 inimicitiam
685 1275 792 1366 posuit
809 1276 893 1342 inter
910 1284 1095 1364 serpentem
1115 1284 1155 1340 et
1177 1297 1249 1338 mn-

208 1383 332 1459 lierem,
357 1396 390 1451 et
407 1407 515 1450 semma
534 1385 617 1472 ejus,
638 1385 839 1452 observantes
856 1384 1016 1452 inrioem:
1037 1383 1093 1450 illo
1114 1385 1248 1474 quidem

209 1494 263 1560 cui
274 1494 475 1560 morderetur
485 1491 605 1584 planta,
617 1507 650 1560 et
661 1506 791 1583 potente
802 1493 925 1562 calcare
937 1507 1035 1584 caput
1046 1495 1195 1568 inimici:
1209 1494 1248 1560 al-

210 1615 279 1670 tero
289 1627 363 1671 vero
375 1604 553 1680 mordente,
564 1613 598 1670 et
609 1602 831 1681 occidente,et
841 1605 1075 1694 interpedienta
1086 1605 1246 1694 ingressas

117 1769 124 1786 .
210 1713 363 1791 hominis,
383 1713 590 1804 quoadusque
608 1715 694 1782 venit
715 1737 824 1782 semen
840 1715 1105 1804 predestinatum
1122 1713 1244 1782 calcem

211 1837 307 1915 caput
322 1826 405 1914 ejus,
420 1824 507 1912 quod
521 1823 582 1890 luit
600 1833 709 1912 partus
724 1822 842 1899 blariae,
859 1823 900 1889 de
915 1847 979 1911 quo
994 1824 1040 1888 ait
1054 1824 1219 1913 Propheta
1234 1849 1241 1888 :

218 1933 351 2022 «Super
370 1931 511 2022 aspidem
530 1941 563 1996 et
586 1928 768 1997 basiliscum
782 1929 973 2006 ambulabis,
989 1943 1023 1996 et
1038 1931 1241 2000 mneutcstts

211 2071 224 2106 ι
237 2040 363 2110 leonem
377 2051 410 2108 et
425 2037 613 2108 draconem¹
621 2064 631 2114 t
647 2039 848 2129 »significans
862 2040 935 2130 quia
951 2038 1031 2108 illud
1049 2041 1139 2130 quod
1150 2044 1240 2132 erige

209 2164 299 2220 retur
311 2164 344 2220 et
365 2149 550 2220 dilataretur
564 2150 715 2218 adversus
729 2149 891 2218 hominem
906 2163 1094 2240 pecmtum,
1110 2165 1143 2218 et
1158 2151 1239 2242 frigi

211 2261 289 2328 dum
307 2260 461 2327 reddebat
480 2283 568 2336 eum,
586 2273 793 2328 evacuaretur
805 2283 880 2336 cum
900 2272 1057 2350 regnante
1077 2273 1186 2334 mortes
1200 2273 1230 2326 et
1311 2327 1312 2332 ,

208 2367 454 2438 conculcaretur
468 2369 508 2436 ab
523 2391 562 2436 eo
578 2370 612 2436 in
626 2369 803 2439 novissimis
817 2371 1016 2461 temporibus
1031 2371 1164 2438 insiliam
1174 2370 1229 2436 bu·

209 2502 305 2546 mano
320 2480 427 2570 generi
438 2478 504 2556 leo,
518 2479 892 2556 bocest,1lntichristus;
907 2489 940 2546 et
954 2480 1133 2548 draconem
1141 2479 1235 2556 illrua,

209 2599 390 2678 serpentem
403 2599 576 2668 vetustum,
593 2585 734 2676 alligans,
749 2600 783 2654 et
795 2589 967 2677 subjiciens
983 2591 1138 2678 potestati
1148 2590 1235 2657 homi-

210 2687 272 2772 uis,
288 2698 343 2787 qui
358 2698 461 2764 luerat
476 2697 589 2772 rictus,
601 2696 643 2763 ad
658 2695 843 2763 calcandam
853 2719 983 2766 omnem
993 2700 1065 2788 ejus
1079 2701 1232 2767 virtutem.

210 2803 321 2873 Victus
335 2817 443 2872 autam
458 2817 527 2871 erat
541 2803 656 2881 Adam,
672 2802 777 2871 ablata
792 2805 833 2870 ab
847 2827 886 2872 eo
901 2808 988 2872 omni
1004 2809 1067 2874 vita
1086 2834 1095 2876 ι
1111 2824 1237 2901 propter

209 2913 274 2982 boc
288 2915 373 2982 victo
387 2935 496 2980 rursus
511 2913 640 2980 inimico
655 2913 776 3002 recepit
790 2913 887 2980 vitam
902 2912 1005 2982 Adam
1023 2940 1058 2982 :a
1074 2921 1237 2986 novissima

209 3039 348 3090 »auum
358 3021 485 3090 inimica
497 3032 669 3100 evacuatur
681 3020 898 3111 mors²,aquae
908 3025 1049 3113 primum
1057 3031 1239 3117 possederat
1311 3057 1312 3066 ι

210 3132 384 3200 bominem.
397 3131 599 3222 Quapropter
609 3129 892 3211 liberatobomine,
901 3159 914 3194 ι
922 3133 978 3200 liet
989 3135 1076 3224 quod
1088 3139 1240 3230 scriptum

213 3255 315 3311 sest:
335 3244 491 3334 Absorpta
508 3253 557 3310 est
575 3265 662 3310 mors
680 3242 713 3310 in
731 3243 871 3310 victoria.
895 3244 956 3312 Ubi
975 3257 1025 3313 est
1043 3270 1133 3316 mors
1150 3251 1243 3318 ricto

211 3379 226 3416 s
243 3351 289 3420 ria
303 3351 381 3420 tuat
396 3351 457 3420 Ubi
470 3364 518 3418 est
532 3373 617 3420 mors
631 3349 760 3419 aculeus
776 3352 893 3420 tuus⁸i
910 3353 1029 3435 aQuod
1043 3381 1110 3424 non
1126 3360 1243 3450 peterit

211 3465 295 3555 justa
310 3463 385 3541 dici,
399 3464 425 3530 si
439 3485 504 3531 non
515 3461 567 3532 illa
581 3461 731 3532 liberatus
746 3464 841 3532 luerit
859 3465 912 3532 cui
930 3468 1069 3556 primum
1079 3469 1240 3538 dominata

212 3585 261 3641 est
274 3598 370 3643 mors.
394 3571 481 3642 lllius
499 3574 586 3640 enim
601 3571 697 3651 salus,
714 3575 877 3644 evacuatio
895 3587 943 3643 est
960 3579 1080 3646 mortis.
1104 3580 1242 3648 Domino

211 3685 308 3776 igitur
328 3685 505 3756 vivificante
523 3684 699 3763 hominem,
715 3687 747 3754 id
768 3699 829 3765 eat,
848 3687 962 3766 Adam,
980 3702 1133 3758 evacuata
1149 3703 1197 3762 est
1210 3704 1240 3758 et

212 3818 307 3862 mors.
633 3815 636 3820 “

244 3923 253 3959 ¹
267 3923 333 3974 Pral.
343 3942 383 3986 rc,
397 3925 434 3976 ιδ.
445 3955 474 3966 -
485 3926 497 3961 ²
509 3945 516 3976 ι
529 3927 589 3980 Cor.
602 3941 642 3991 xv,
656 3927 825 3980 26.-³1tt‹t.
839 3929 905 3989 ilat
917 3945 989 3996 seqq.
