2772 4620
295 245 360 310 stt
595 269 708 312 saucii
729 269 849 313 suemus
873 270 1027 314 manassis
1083 280 1090 293 ,

293 375 396 443 chiela
413 375 498 444 dicta
514 377 773 452 sunt,«Etiamsi
793 375 873 452 Noe,
894 377 1006 444 Daniel
1026 391 1059 444 et
1075 377 1180 446 Jacob
1204 378 1302 448 filios
1314 393 1343 446 et
1364 425 1365 458 q

292 484 400 552 »filias
419 507 492 552 suas
511 483 736 575 deprecentur,
755 485 887 552 minime
903 486 950 552 eis
967 509 1157 554 concessum
1174 489 1241 564 iri,
1258 517 1275 550 ι
1292 491 1341 554 sed
1364 521 1365 556 ι

291 619 350 684 pro
366 619 405 662 se
424 617 585 684 quemque
606 617 662 661 sua
680 595 776 684 ipsius
792 593 939 662 videlicet
959 596 1080 684 justitia
1099 595 1236 664 salvum
1255 598 1338 670 som
1364 585 1365 616 ³

291 727 345 770 eos
361 725 492 792 quoque
515 703 572 792 qui
592 703 768 770 secundum
794 702 897 793 legem
922 703 1018 770 Musis
1037 704 1203 782 vixerunt,
1238 707 1339 773 salvos
1364 677 1365 738 ¹

290 811 435 880 similiter
449 811 572 878 futuros
588 812 662 878 dixi.
688 813 768 880 Nam
787 835 857 902 quae
877 824 989 879 natura
1008 812 1162 902 proclam
1182 827 1226 880 et
1241 818 1298 905 pia
1313 832 1337 882 et

290 922 375 1009 justu
393 931 479 996 sunt,
499 943 537 986 ea
565 921 598 988 in
621 920 715 988 Mosis
735 919 803 1010 lege
821 921 870 988 his
892 921 946 1008 qui
966 919 1027 1010 legi
1047 934 1163 1011 parent
1183 921 1336 991 facienda

289 1029 564 1118 praescribuntur:
588 1038 622 1094 et
646 1050 717 1116 quse
738 1027 781 1093 ad
802 1025 951 1093 duritiam
975 1020 1079 1093 cordis
1100 1028 1222 1118 populi
1253 1032 1335 1120 jussa

285 1150 364 1204 sunt
379 1137 552 1213 observari,
567 1159 605 1202 ea
620 1134 764 1204 similiter
778 1136 961 1225 praescripta
976 1145 1062 1212 sunt,
1079 1147 1112 1202 et
1131 1139 1178 1203 ab
1199 1137 1262 1204 his
1287 1141 1333 1228 qui

288 1246 437 1338 sublege
458 1255 549 1313 erant
564 1247 738 1313 observata.
758 1245 922 1334 Siquidem
936 1245 992 1335 qui
1012 1267 1049 1310 eu
1071 1244 1246 1314 iaciebant
1269 1273 1332 1336 qna

288 1358 432 1424 universe
446 1367 480 1422 ct
495 1367 607 1422 natura
622 1367 655 1422 et
669 1365 823 1446 perpetuo
842 1353 992 1445 praeclara
1007 1341 1094 1430 sunt,
1116 1355 1138 1420 ii
1159 1357 1244 1423 Deo·
1257 1361 1330 1447 grati

286 1477 374 1543 sunt,
394 1477 427 1532 et
445 1487 503 1554 pes
522 1464 610 1530 hunc
626 1463 791 1538 Christum
811 1465 844 1530 in
864 1463 1096 1530 resurrectione
1119 1465 1279 1533 similiter
1294 1491 1330 1534 ae

284 1578 310 1645 ii
327 1576 381 1666 qui
397 1587 470 1642 unte
484 1597 538 1640 eos
554 1573 742 1663 justisuesa
765 1574 844 1650 Noe,
860 1572 973 1639 Enoch
989 1582 1022 1637 et
1035 1571 1153 1649 Jacob,
1174 1588 1213 1641 et
1234 1577 1262 1642 si
1279 1580 1327 1665 qui

287 1684 351 1760 alii,
368 1683 502 1754 salutem
514 1695 750 1770 consequentur
765 1705 828 1750 una
844 1704 919 1748 cum
935 1682 972 1747 iis
983 1683 1039 1770 qui
1052 1680 1143 1748 hunc
1159 1683 1324 1752 Christum

283 1795 346 1862 Dei
360 1793 462 1862 filium
475 1801 664 1883 agnoscunt,
681 1792 737 1882 qui
751 1803 784 1858 et
798 1802 871 1858 ante
885 1789 1056 1858 luciferum
1069 1803 1102 1858 et
1117 1791 1239 1860 lunam
1250 1809 1322 1867 ent,

287 1917 320 1970 et
337 1926 377 1968 ex
390 1901 443 1974 illa
460 1900 604 1968 Davidiei
617 1899 742 1990 genens
757 1897 888 1988 Virgine
906 1921 980 1965 caro
997 1899 1100 1968 sactus
1119 1905 1217 1972 nesci
1237 1907 1323 1972 susti-

285 2015 370 2090 nuit,
387 2025 421 2078 ut
436 2035 492 2101 per
507 2012 591 2078 hanc
609 2010 876 2099 dispensationem
886 2009 1027 2099 'Serpens
1045 2010 1110 2088 itte,
1131 2016 1194 2102 qui
1211 2018 1254 2082 ab
1271 2017 1322 2082 ini-

287 2125 332 2190 tio
354 2122 498 2212 impnobe
521 2120 598 2209 egit,
618 2131 652 2186 et
673 2116 835 2186 assimilati
857 2118 887 2184 ei
909 2117 1012 2209 angeli
1035 2119 1270 2212 profligentur,
1290 2147 1319 2188 ιι

285 2255 371 2298 mors
386 2239 622 2302 contemnatur,
638 2237 671 2292 ct
684 2227 717 2292 in
732 2226 874 2292 secundo
886 2226 984 2316 ipsius
998 2227 1116 2296 Christi
1126 2231 1315 2300 adventum

286 2342 336 2408 his
351 2341 405 2429 qui
419 2339 452 2404 in
466 2359 540 2404 eum
553 2336 701 2413 credunt,
717 2348 750 2403 et
768 2338 810 2402 ita
830 2338 940 2404 vivunt
955 2350 991 2404 ut
1004 2338 1033 2405 ei
1047 2338 1217 2429 placeant,
1236 2345 1308 2432 peni-

286 2465 337 2518 tus
352 2451 497 2524 facessat,
513 2471 574 2516 nec
587 2449 654 2538 jum
667 2445 730 2514 ulla
745 2448 797 2521 sit,
814 2469 889 2514 cum
904 2448 958 2514 alii
968 2450 1098 2537 quidem
1112 2450 1147 2516 in
1159 2453 1312 2539 judieimn

286 2572 319 2629 et
341 2558 642 2628 condemnationem
661 2558 743 2647 ignis
765 2570 921 2646 perpetuo
946 2560 1110 2628 cruciandi
1138 2562 1317 2634 mittentur,

284 2671 338 2738 alii
359 2693 433 2738 vero
453 2655 663 2759 peipessionis
683 2679 716 2733 et
732 2666 947 2756 corruptionis
966 2681 1000 2734 et
1020 2667 1141 2738 doloris
1157 2685 1320 2762 expertem

284 2794 403 2850 statum
417 2790 513 2867 atque
527 2775 797 2844 immortalitatem
812 2789 1059 2866 consequentur.

328 2888 442 2960 XLVI.
465 2887 499 2954 st
519 2888 573 2977 qui
590 2899 697 2954 autem
713 2887 911 2954 nuncetiam
929 2888 1035 2956 vivere
1052 2887 1251 2958 velintiiosis
1265 2893 1320 2957 in·

285 3001 393 3068 stituta
417 2999 585 3073 servando,
607 3010 640 3063 et
662 2996 794 3064 caedant
816 2992 848 3062 in
872 2997 960 3064 hunc
983 2998 1316 3076 testimomonium,

285 3117 491 3199 agnoscentes
504 3129 580 3172 eum
595 3093 663 3172 esse
675 3105 838 3172 Christum
847 3105 920 3182 Dei,
932 3107 1026 3194 eique
1043 3108 1157 3175 dutum
1171 3131 1239 3176 esse
1250 3129 1324 3176 om-

210 3237 217 3258 *
283 3243 341 3286 nes
352 3219 482 3285 omnino
492 3215 650 3306 judicare,
660 3212 807 3303 illiusque
817 3235 886 3278 esse
897 3238 1031 3303 regnum
1042 3216 1122 3285 ittud
1132 3217 1221 3305 quod
1233 3229 1329 3284 mter:

284 3353 363 3397 num
373 3341 440 3403 ests
457 3350 498 3394 sn
512 3326 534 3391 ii
551 3347 677 3416 quoque
688 3322 848 3391 salsiesse
859 3325 1015 3413 possunt?
1029 3327 1077 3392 lta
1088 3348 1141 3393 me
1153 3326 1208 3394 itte
1219 3329 1324 3394 inter-

283 3441 425 3530 rogabat.
532 3523 536 3531 ι

328 3551 370 3618 tt
385 3571 444 3639 ego
460 3569 609 3614 rursum:
627 3544 664 3612 ld
679 3567 818 3634 quoquc,
831 3545 975 3633 inquam,
989 3568 1052 3612 una
1062 3547 1324 3626 consideremus,

283 3679 324 3723 an
341 3656 537 3732 nunciicent
555 3655 667 3722 omnia
679 3675 803 3721 servare
822 3676 892 3741 quae
914 3676 972 3743 pen
991 3653 1112 3721 Mosem
1132 3659 1323 3747 pnaescnptn

283 3778 367 3831 sunt.

324 3875 497 3966 Respondit
514 3876 588 3943 ille:
614 3875 829 3965 Nequaquam.
855 3876 1063 3966 Agnoscimus
1078 3878 1179 3954 enim,
1200 3903 1322 3968 quem·
1364 3887 1365 3934 t
