2684 4638
234 209 297 276 sco
552 229 665 281 sorum
687 227 801 280 rurum
824 231 886 278 us.
912 231 951 276 111

232 353 298 414 tem
317 363 334 408 u
347 338 515 408 Valentino
526 354 613 418 sunt,
623 339 734 408 desum
745 341 874 430 quidem
886 341 941 429 qui
950 339 992 406 sit
1004 359 1048 404 ex
1056 337 1277 426 dispensione,

233 449 338 539 ipsum
350 473 428 542 *esse
454 450 519 538 qui.
527 473 586 540 per
607 449 739 521 Marium
758 450 930 525 transierit,
956 449 991 514 in
1013 467 1125 534 quem
1139 443 1236 510 ilium
1249 443 1281 508 ds

234 560 389 648 superiori
404 557 600 651 Sslv'otorem
619 559 833 638 descendisse,
849 581 952 648 quem,
964 570 999 624 et
1016 556 1202 622 Christum
1217 553 1282 628 dici,

235 666 386 756 quonium
406 667 551 732 omnium
570 666 626 756 qui
649 667 827 734 emisissent
846 689 920 732 eum
944 666 1091 732 heberet
1109 661 1282 735 voouhuhs

235 775 439 864 participasse
455 787 564 842 eutem
577 797 654 844 cum
671 775 776 863 ecqui
788 785 920 842 essetex
937 773 1183 863 dispositione,
1193 771 1285 836 <lesus

237 885 366 959 virtute,
382 884 470 950 etde
485 907 543 952 suo
558 884 700 961 nomine,
717 897 753 949 ut
767 907 853 950 mors
869 879 932 972 per
944 883 1039 948 huno
1055 893 1286 954 evacuaretur,

236 1003 483 1080 cognosceretur
503 1004 610 1058 sutem
629 991 723 1056 Pater
745 1013 898 1078 pereum
919 988 1141 1056 Salvator-em
1165 988 1287 1076 quiden

235 1101 291 1188 qui
318 1099 455 1188 desuper
478 1098 711 1174 descendisset,
726 1119 825 1187 quem
849 1110 881 1164 et
904 1098 1012 1187 ipsum
1039 1096 1286 1188 receptaculum

136 1189 141 1196 ’
237 1206 355 1274 Christi
366 1219 399 1275 et
410 1207 563 1274 universe
577 1205 785 1272 Plenitudinis
800 1227 868 1272 esse
885 1205 1013 1283 dicunt,
1027 1205 1153 1295 lingua
1167 1205 1285 1295 quiden

236 1339 339 1382 unum
358 1315 521 1383 Christum
542 1315 653 1382 Jesum
679 1313 885 1391 confitentes,
906 1314 997 1380 divisi
1021 1337 1110 1382 vero
1137 1317 1283 1382 seutent'u

241 1425 386 1512 (etenim
412 1425 482 1493 haec
508 1437 556 1490 est
581 1425 721 1514 ipsorum
744 1421 872 1514 regulo,
896 1423 1194 1513 quemadmodum
1219 1445 1282 1512 pm-

239 1533 393 1611 diximus,
411 1545 447 1598 ut
470 1529 606 1598 alterum
627 1531 755 1619 quidem
778 1532 941 1600 Christum
961 1530 1062 1596 fuisse
1087 1531 1279 1618 dicunt,pi

240 1645 281 1710 ob
300 1642 467 1732 Unigenito,
482 1641 522 1716 sd
537 1641 770 1710 correctionem
783 1640 992 1708 Plenitudinis
1008 1640 1216 1729 praemissus
1232 1653 1276 1710 est:

242 1751 380 1820 alterum
390 1773 465 1818 sero
476 1750 672 1820 Solsutorem
686 1773 755 1818 esse
769 1751 803 1818 iu
817 1749 1088 1840 glorificationem
1101 1751 1217 1818 Putris
1227 1751 1278 1816 uis

242 1885 330 1936 sums
345 1859 483 1927 alterum
493 1881 567 1926 vero
579 1859 845 1950 exdispositiono,
857 1881 954 1948 quem
965 1869 998 1925 ct
1008 1881 1156 1948 possum
1170 1859 1275 1932 dicunt,

241 1982 428 2039 recurrente
439 1970 476 2038 in
489 1967 634 2040 Pleroma
646 1967 821 2046 Ssivutore,
839 1969 893 2058 qui
911 1968 1080 2035 Christum
1094 1971 1275 2058 portshsti:

241 2102 372 2156 necesse
383 2079 538 2146 hahemus
549 2078 727 2145 uuiversum
734 2075 960 2167 Apostolorum
971 2076 1275 2144 deDomiuonostu

244 2187 323 2254 iesu
347 2189 473 2255 Christo
497 2189 686 2255 sententiam
708 2188 875 2264 udhibere,
898 2197 931 2252 et
951 2186 1131 2255 ostendero
1151 2211 1211 2255 eos
1228 2209 1274 2252 nor

244 2296 347 2362 solum
367 2293 446 2363 nihil
466 2294 529 2363 tale
548 2296 680 2364 sensisse
696 2297 736 2363 de
754 2319 806 2374 eo,
824 2317 936 2363 verum
955 2294 1095 2385 umpiius
1114 2309 1152 2362 et
1172 2294 1275 2387 signifi·

244 2427 332 2472 casse
347 2428 405 2495 per
421 2403 577 2495 Spiritum
600 2417 758 2482 sunctum,
781 2404 835 2494 qui
854 2405 1032 2493 inciperent
1053 2403 1136 2470 tulis
1157 2407 1273 2476 docere.

244 2513 403 2581 summissi
426 2511 591 2592 sSotunn,
614 2515 659 2580 uti
682 2513 894 2603 quorumdum
915 2511 1014 2580 fidem
1035 2524 1272 2590 everterentst

247 2625 469 2712 abstraherent
482 2649 536 2692 eos
553 2648 570 2702 s
585 2626 658 2693 vito.

289 2735 331 2801 Et
350 2735 503 2824 quonium
523 2735 663 2815 Joermes
683 2737 785 2810 unum
803 2749 836 2802 et
854 2736 1004 2803 eumdem
1025 2737 1120 2803 novit
1145 2736 1274 2804 Verbum

244 2844 317 2921 Dei,
329 2857 362 2910 et
375 2844 463 2926 hunc
473 2869 541 2912 esse
557 2845 774 2936 Unigenitum,
787 2845 918 2914 ethunc
928 2847 1135 2914 incarnatum
1148 2869 1219 2914 esse
1231 2867 1277 2934 pro

248 2950 348 3028 solute
362 2967 483 3038 nostru,
505 2954 620 3023 desum
641 2952 805 3030 Christum
825 2955 999 3028 Dominum
1016 2967 1184 3034 nostrum,
1200 2953 1279 3021 suffr
1314 3013 1315 3018 ,

248 3061 369 3140 cienter
384 3085 423 3127 ex
437 3063 534 3152 ipsius
548 3062 681 3141 «loannis
697 3086 843 3132 sermone
855 3064 1156 3138 demonstravimus.
1177 3064 1243 3131 Sed
1255 3077 1280 3129 et
1314 3107 1315 3136 ι

246 3171 414 3249 Mattheus
435 3197 538 3254 uuum
549 3184 582 3240 et
596 3174 747 3242 eumdem
766 3173 880 3246 desum
894 3175 1057 3244 Christum
1074 3197 1281 3264 cognosceus,
1315 3184 1316 3233 ἓ

249 3307 321 3350 eom
332 3308 407 3372 que
417 3294 466 3350 est
475 3283 831 3354 secundumhomineur
838 3283 1075 3372 generationem
1085 3284 1157 3371 ejus
1168 3283 1283 3350 oxVir

251 3394 326 3484 gine
342 3414 518 3482 exponens,
529 3393 612 3468 sicut
622 3394 766 3483 promisit
775 3393 862 3460 Deus
872 3392 988 3469 David,
1000 3415 1039 3458 ex
1049 3391 1157 3459 fructu
1169 3393 1284 3474 ventris

251 3504 321 3593 ejus
335 3504 548 3584 excitaturum
559 3526 593 3568 se
604 3515 760 3576 aeternum
771 3501 890 3594 Regem
900 3501 925 3580 ¹,
936 3502 1039 3570 multo
1049 3502 1137 3591 prius
1149 3502 1284 3568 Ahrshae

252 3615 398 3682 eumdem
418 3613 535 3680 faciens
557 3613 811 3703 promissionem,
831 3615 875 3679 uit
892 3638 933 3679 :r
957 3613 1053 3680 Liher
1075 3614 1284 3702 generationis

252 3721 355 3798 rdesu
371 3721 501 3800 Christi,
522 3711 578 3788 filii
599 3720 714 3800 David,
731 3720 786 3790 filii
804 3721 967 3793 Abraham
984 3721 1007 3788 ².
1027 3721 1183 3796 sDehiuc
1197 3735 1235 3788 ut
1249 3722 1283 3789 li-

286 3852 298 3902 ¹,
307 3852 370 3916 Psoi
382 3870 468 3916 cun,
483 3869 519 3905 ιι.
531 3881 562 3894 ·-·
572 3851 583 3888 ²
594 3853 685 3904 Mutth.
696 3871 714 3914 r,
731 3869 750 3904 ι.
