<?xml version="1.0" encoding="UTF-8"?>
<!DOCTYPE html PUBLIC "-//W3C//DTD XHTML 1.0 Transitional//EN"
    "http://www.w3.org/TR/xhtml1/DTD/xhtml1-transitional.dtd">
<html xmlns="http://www.w3.org/1999/xhtml" xml:lang="en" lang="en">
 <head>
  <title>
</title>
<meta http-equiv="Content-Type" content="text/html;charset=utf-8" />
  <meta name='ocr-system' content='tesseract 3.04.00' />
  <meta name='ocr-capabilities' content='ocr_page ocr_carea ocr_par ocr_line ocrx_word'/>
</head>
<body>
  <div class='ocr_page' id='page_1' title='image "./collectioselect02guilgoog_0382.png"; bbox 0 0 2640 4622; ppageno 0'>
   <div class='ocr_carea' id='block_1_1' title="bbox 8 214 1052 3733">
    <p class='ocr_par' dir='ltr' id='par_1_1' title="bbox 8 214 1052 2135">
     <span class='ocr_line' id='line_1_1' title="bbox 264 214 1045 296; baseline 0.005 -22"><span class='ocrx_word' id='word_1_1' title='bbox 264 231 412 274; x_wconf 80' lang='lat' dir='ltr'><strong>ursaoous</strong></span> <span class='ocrx_word' id='word_1_2' title='bbox 436 229 498 274; x_wconf 82' lang='lat' dir='ltr'><strong>osu</strong></span> <span class='ocrx_word' id='word_1_3' title='bbox 521 227 682 296; x_wconf 79' lang='lat' dir='ltr'><strong>rurruouu</strong></span> <span class='ocrx_word' id='word_1_4' title='bbox 704 229 817 274; x_wconf 78' lang='lat' dir='ltr'><strong>sonno.</strong></span> <span class='ocrx_word' id='word_1_5' title='bbox 987 214 1045 278; x_wconf 72' lang='lat' dir='ltr'><strong>sss</strong></span> 
     </span>
     <span class='ocr_line' id='line_1_2' title="bbox 20 332 1046 423; baseline 0.004 -25"><span class='ocrx_word' id='word_1_6' title='bbox 20 333 202 422; x_wconf 79' lang='lat' dir='ltr'><strong>gentihus</strong></span> <span class='ocrx_word' id='word_1_7' title='bbox 216 332 348 422; x_wconf 75' lang='lat' dir='ltr'><strong>gloriam</strong></span> <span class='ocrx_word' id='word_1_8' title='bbox 361 337 444 422; x_wconf 88' lang='lat' dir='ltr'><strong>ejus,</strong></span> <span class='ocrx_word' id='word_1_9' title='bbox 460 335 493 400; x_wconf 91' lang='lat' dir='ltr'><strong>iu</strong></span> <span class='ocrx_word' id='word_1_10' title='bbox 508 335 655 401; x_wconf 85' lang='lat' dir='ltr'><strong>omuibus</strong></span> <span class='ocrx_word' id='word_1_11' title='bbox 669 333 792 423; x_wconf 84' lang='lat' dir='ltr'><strong>populis</strong></span> <span class='ocrx_word' id='word_1_12' title='bbox 803 332 958 400; x_wconf 81' lang='lat' dir='ltr'><strong>mirabilis</strong></span> <span class='ocrx_word' id='word_1_13' title='bbox 968 339 1046 423; x_wconf 86' lang='lat' dir='ltr'><strong>ejus.</strong></span> 
     </span>
     <span class='ocr_line' id='line_1_3' title="bbox 28 440 1051 528; baseline 0.006 -25"><span class='ocrx_word' id='word_1_14' title='bbox 28 441 221 518; x_wconf 86' lang='lat' dir='ltr'><strong>Quoniam</strong></span> <span class='ocrx_word' id='word_1_15' title='bbox 235 461 367 528; x_wconf 82' lang='lat' dir='ltr'><strong>mugnus</strong></span> <span class='ocrx_word' id='word_1_16' title='bbox 382 440 548 513; x_wconf 89' lang='lat' dir='ltr'><strong>Dominus,</strong></span> <span class='ocrx_word' id='word_1_17' title='bbox 563 454 597 504; x_wconf 88' lang='lat' dir='ltr'><strong>et</strong></span> <span class='ocrx_word' id='word_1_18' title='bbox 610 440 773 506; x_wconf 75' lang='lat' dir='ltr'><strong>laudabilis</strong></span> <span class='ocrx_word' id='word_1_19' title='bbox 784 442 890 515; x_wconf 62' lang='lat' dir='ltr'><strong>nimiu</strong></span> <span class='ocrx_word' id='word_1_20' title='bbox 905 443 1051 510; x_wconf 85' lang='lat' dir='ltr'><strong>terribilis</strong></span> 
     </span>
     <span class='ocr_line' id='line_1_4' title="bbox 25 549 1050 638; baseline 0.005 -27"><span class='ocrx_word' id='word_1_21' title='bbox 25 561 83 612; x_wconf 83' lang='lat' dir='ltr'><strong>est</strong></span> <span class='ocrx_word' id='word_1_22' title='bbox 101 571 216 635; x_wconf 84' lang='lat' dir='ltr'><strong>super</strong></span> <span class='ocrx_word' id='word_1_23' title='bbox 229 571 339 614; x_wconf 86' lang='lat' dir='ltr'><strong>omnes</strong></span> <span class='ocrx_word' id='word_1_24' title='bbox 354 549 440 614; x_wconf 90' lang='lat' dir='ltr'><strong>deos.</strong></span> <span class='ocrx_word' id='word_1_25' title='bbox 460 549 618 626; x_wconf 78' lang='lat' dir='ltr'><strong>Quoniam</strong></span> <span class='ocrx_word' id='word_1_26' title='bbox 632 571 740 614; x_wconf 87' lang='lat' dir='ltr'><strong>omues</strong></span> <span class='ocrx_word' id='word_1_27' title='bbox 753 550 798 616; x_wconf 90' lang='lat' dir='ltr'><strong>dii</strong></span> <span class='ocrx_word' id='word_1_28' title='bbox 815 551 969 638; x_wconf 70' lang='lat' dir='ltr'><strong>gentium,</strong></span> <span class='ocrx_word' id='word_1_29' title='bbox 986 553 1050 616; x_wconf 64' lang='lat' dir='ltr'><strong>dse-</strong></span> 
     </span>
     <span class='ocr_line' id='line_1_5' title="bbox 8 655 1050 746; baseline 0.005 -27"><span class='ocrx_word' id='word_1_30' title='bbox 8 691 11 712; x_wconf 79' lang='lat'>›</span> <span class='ocrx_word' id='word_1_31' title='bbox 31 658 164 721; x_wconf 82' lang='lat' dir='ltr'><strong>monia</strong></span> <span class='ocrx_word' id='word_1_32' title='bbox 181 657 357 722; x_wconf 79' lang='lat' dir='ltr'><strong>:Dominus</strong></span> <span class='ocrx_word' id='word_1_33' title='bbox 372 669 479 722; x_wconf 86' lang='lat' dir='ltr'><strong>sutem</strong></span> <span class='ocrx_word' id='word_1_34' title='bbox 490 655 585 722; x_wconf 81' lang='lat' dir='ltr'><strong>eoelos</strong></span> <span class='ocrx_word' id='word_1_35' title='bbox 597 656 679 722; x_wconf 86' lang='lat' dir='ltr'><strong>lecit.</strong></span> <span class='ocrx_word' id='word_1_36' title='bbox 697 656 856 722; x_wconf 73' lang='lat' dir='ltr'>Confessio</span> <span class='ocrx_word' id='word_1_37' title='bbox 867 670 900 722; x_wconf 88' lang='lat' dir='ltr'><strong>et</strong></span> <span class='ocrx_word' id='word_1_38' title='bbox 911 657 1050 746; x_wconf 87' lang='lat' dir='ltr'><strong>pulchri·</strong></span> 
     </span>
     <span class='ocr_line' id='line_1_6' title="bbox 8 763 1050 852; baseline 0.008 -28"><span class='ocrx_word' id='word_1_39' title='bbox 8 793 14 823; x_wconf 66' lang='grc' dir='ltr'><strong>ι</strong></span> <span class='ocrx_word' id='word_1_40' title='bbox 34 765 129 827; x_wconf 81' lang='lat' dir='ltr'><strong>tudo</strong></span> <span class='ocrx_word' id='word_1_41' title='bbox 145 764 184 827; x_wconf 92' lang='lat' dir='ltr'><strong>in</strong></span> <span class='ocrx_word' id='word_1_42' title='bbox 195 776 366 851; x_wconf 74' lang='lat' dir='ltr'><strong>conspectu</strong></span> <span class='ocrx_word' id='word_1_43' title='bbox 377 765 445 851; x_wconf 88' lang='lat' dir='ltr'><strong>ojus</strong></span> <span class='ocrx_word' id='word_1_44' title='bbox 459 787 467 828; x_wconf 77' lang='lat' dir='ltr'><strong><em>z</em></strong></span> <span class='ocrx_word' id='word_1_45' title='bbox 482 763 627 829; x_wconf 82' lang='lat' dir='ltr'><strong>sanctitas</strong></span> <span class='ocrx_word' id='word_1_46' title='bbox 638 776 670 828; x_wconf 90' lang='lat' dir='ltr'><strong>et</strong></span> <span class='ocrx_word' id='word_1_47' title='bbox 681 764 909 852; x_wconf 71' lang='lat' dir='ltr'><strong>magnificentia</strong></span> <span class='ocrx_word' id='word_1_48' title='bbox 920 766 1050 832; x_wconf 74' lang='lat' dir='ltr'><strong>insano</strong></span> 
     </span>
     <span class='ocr_line' id='line_1_7' title="bbox 8 871 1047 960; baseline 0.008 -29"><span class='ocrx_word' id='word_1_49' title='bbox 8 901 17 931; x_wconf 69' lang='lat' dir='ltr'><strong>s</strong></span> <span class='ocrx_word' id='word_1_50' title='bbox 35 871 232 936; x_wconf 86' lang='lat' dir='ltr'><strong>tilicatione</strong></span> <span class='ocrx_word' id='word_1_51' title='bbox 247 874 325 958; x_wconf 89' lang='lat' dir='ltr'><strong>ejus.</strong></span> <span class='ocrx_word' id='word_1_52' title='bbox 346 872 464 938; x_wconf 78' lang='lat' dir='ltr'><strong>Afferte</strong></span> <span class='ocrx_word' id='word_1_53' title='bbox 479 873 627 948; x_wconf 89' lang='lat' dir='ltr'><strong>Domino,</strong></span> <span class='ocrx_word' id='word_1_54' title='bbox 643 872 751 960; x_wconf 81' lang='lat' dir='ltr'><strong>patriae</strong></span> <span class='ocrx_word' id='word_1_55' title='bbox 767 873 921 959; x_wconf 76' lang='lat' dir='ltr'><strong>gentium:</strong></span> <span class='ocrx_word' id='word_1_56' title='bbox 938 873 1047 938; x_wconf 76' lang='lat' dir='ltr'><strong>affer-te</strong></span> 
     </span>
     <span class='ocr_line' id='line_1_8' title="bbox 8 975 1045 1066; baseline 0.006 -29"><span class='ocrx_word' id='word_1_57' title='bbox 8 1005 19 1036; x_wconf 78' lang='lat' dir='ltr'><strong>s</strong></span> <span class='ocrx_word' id='word_1_58' title='bbox 37 976 196 1041; x_wconf 88' lang='lat' dir='ltr'><strong>Domino</strong></span> <span class='ocrx_word' id='word_1_59' title='bbox 211 976 342 1064; x_wconf 87' lang='lat' dir='ltr'><strong>gloriam</strong></span> <span class='ocrx_word' id='word_1_60' title='bbox 356 990 388 1042; x_wconf 88' lang='lat' dir='ltr'><strong>et</strong></span> <span class='ocrx_word' id='word_1_61' title='bbox 403 979 556 1042; x_wconf 88' lang='lat' dir='ltr'><strong>honorem</strong></span> <span class='ocrx_word' id='word_1_62' title='bbox 573 1001 581 1041; x_wconf 76' lang='lat' dir='ltr'><strong>s</strong></span> <span class='ocrx_word' id='word_1_63' title='bbox 599 975 709 1042; x_wconf 78' lang='lat' dir='ltr'><strong>all&#39;erte</strong></span> <span class='ocrx_word' id='word_1_64' title='bbox 724 977 858 1043; x_wconf 85' lang='lat' dir='ltr'><strong>Domino</strong></span> <span class='ocrx_word' id='word_1_65' title='bbox 869 978 999 1066; x_wconf 75' lang='lat' dir='ltr'><strong>glorium</strong></span> <span class='ocrx_word' id='word_1_66' title='bbox 1014 981 1045 1044; x_wconf 87' lang='lat' dir='ltr'><strong>in</strong></span> 
     </span>
     <span class='ocr_line' id='line_1_9' title="bbox 8 1083 1047 1172; baseline 0.006 -28"><span class='ocrx_word' id='word_1_67' title='bbox 8 1111 20 1144; x_wconf 76' lang='lat' dir='ltr'><strong>s</strong></span> <span class='ocrx_word' id='word_1_68' title='bbox 38 1085 185 1151; x_wconf 89' lang='lat' dir='ltr'><strong>nomine</strong></span> <span class='ocrx_word' id='word_1_69' title='bbox 195 1086 274 1170; x_wconf 88' lang='lat' dir='ltr'><strong>ejus.</strong></span> <span class='ocrx_word' id='word_1_70' title='bbox 290 1083 403 1150; x_wconf 77' lang='lat' dir='ltr'>Tollite</span> <span class='ocrx_word' id='word_1_71' title='bbox 415 1085 544 1160; x_wconf 87' lang='lat' dir='ltr'><strong>hostius,</strong></span> <span class='ocrx_word' id='word_1_72' title='bbox 557 1095 589 1148; x_wconf 91' lang='lat' dir='ltr'><strong>et</strong></span> <span class='ocrx_word' id='word_1_73' title='bbox 600 1085 727 1148; x_wconf 87' lang='lat' dir='ltr'><strong>introite</strong></span> <span class='ocrx_word' id='word_1_74' title='bbox 739 1086 772 1150; x_wconf 90' lang='lat' dir='ltr'><strong>in</strong></span> <span class='ocrx_word' id='word_1_75' title='bbox 783 1087 859 1150; x_wconf 86' lang='lat' dir='ltr'><strong>atriu</strong></span> <span class='ocrx_word' id='word_1_76' title='bbox 872 1088 940 1172; x_wconf 87' lang='lat' dir='ltr'><strong>ejus</strong></span> <span class='ocrx_word' id='word_1_77' title='bbox 955 1110 963 1150; x_wconf 77' lang='grc' dir='ltr'><strong><em>ε</em></strong></span> <span class='ocrx_word' id='word_1_78' title='bbox 976 1088 1047 1150; x_wconf 85' lang='lat' dir='ltr'><strong>edo-</strong></span> 
     </span>
     <span class='ocr_line' id='line_1_10' title="bbox 8 1189 1049 1276; baseline 0.003 -24"><span class='ocrx_word' id='word_1_79' title='bbox 8 1219 23 1252; x_wconf 84' lang='lat'><strong>»</strong></span> <span class='ocrx_word' id='word_1_80' title='bbox 38 1205 114 1254; x_wconf 89' lang='lat' dir='ltr'><strong>rate</strong></span> <span class='ocrx_word' id='word_1_81' title='bbox 128 1190 309 1256; x_wconf 85' lang='lat' dir='ltr'><strong>Dominum</strong></span> <span class='ocrx_word' id='word_1_82' title='bbox 323 1192 356 1255; x_wconf 90' lang='lat' dir='ltr'><strong>in</strong></span> <span class='ocrx_word' id='word_1_83' title='bbox 370 1192 450 1254; x_wconf 86' lang='lat' dir='ltr'><strong>atrio</strong></span> <span class='ocrx_word' id='word_1_84' title='bbox 464 1202 574 1255; x_wconf 87' lang='lat' dir='ltr'><strong>sancto</strong></span> <span class='ocrx_word' id='word_1_85' title='bbox 586 1192 664 1276; x_wconf 90' lang='lat' dir='ltr'><strong>ejus.</strong></span> <span class='ocrx_word' id='word_1_86' title='bbox 684 1190 956 1255; x_wconf 65' lang='lat' dir='ltr'><strong>commoventem</strong></span> <span class='ocrx_word' id='word_1_87' title='bbox 970 1189 1049 1256; x_wconf 78' lang='lat' dir='ltr'><strong>lucie</strong></span> 
     </span>
     <span class='ocr_line' id='line_1_11' title="bbox 10 1298 1046 1386; baseline 0.002 -26"><span class='ocrx_word' id='word_1_88' title='bbox 10 1327 24 1359; x_wconf 77' lang='lat' dir='ltr'><strong>s</strong></span> <span class='ocrx_word' id='word_1_89' title='bbox 41 1301 119 1385; x_wconf 80' lang='lat' dir='ltr'><strong>ejus</strong></span> <span class='ocrx_word' id='word_1_90' title='bbox 134 1298 281 1363; x_wconf 81' lang='lat' dir='ltr'><strong>universa</strong></span> <span class='ocrx_word' id='word_1_91' title='bbox 293 1311 375 1363; x_wconf 86' lang='lat' dir='ltr'><strong>terre</strong></span> <span class='ocrx_word' id='word_1_92' title='bbox 390 1298 551 1364; x_wconf 88' lang='lat' dir='ltr'><strong>:dicitein</strong></span> <span class='ocrx_word' id='word_1_93' title='bbox 561 1299 720 1385; x_wconf 78' lang='lat' dir='ltr'><strong>gentihus,</strong></span> <span class='ocrx_word' id='word_1_94' title='bbox 733 1299 887 1364; x_wconf 82' lang='lat' dir='ltr'><strong>Dominus</strong></span> <span class='ocrx_word' id='word_1_95' title='bbox 898 1300 1046 1386; x_wconf 79' lang='lat' dir='ltr'><strong>regnavit.</strong></span> 
     </span>
     <span class='ocr_line' id='line_1_12' title="bbox 10 1393 1046 1490; baseline 0.003 -23"><span class='ocrx_word' id='word_1_96' title='bbox 10 1433 24 1467; x_wconf 75' lang='lat' dir='ltr'><strong>s</strong></span> <span class='ocrx_word' id='word_1_97' title='bbox 43 1407 182 1470; x_wconf 81' lang='lat' dir='ltr'><strong>Etenim</strong></span> <span class='ocrx_word' id='word_1_98' title='bbox 200 1393 335 1471; x_wconf 76' lang='lat' dir='ltr'><strong>correxit</strong></span> <span class='ocrx_word' id='word_1_99' title='bbox 348 1407 461 1470; x_wconf 90' lang='lat' dir='ltr'><strong>orbem</strong></span> <span class='ocrx_word' id='word_1_100' title='bbox 482 1417 587 1480; x_wconf 83' lang='lat' dir='ltr'><strong>terrae,</strong></span> <span class='ocrx_word' id='word_1_101' title='bbox 602 1406 657 1490; x_wconf 91' lang='lat' dir='ltr'><strong>qui</strong></span> <span class='ocrx_word' id='word_1_102' title='bbox 680 1426 746 1469; x_wconf 89' lang='lat' dir='ltr'><strong>nou</strong></span> <span class='ocrx_word' id='word_1_103' title='bbox 767 1407 1046 1470; x_wconf 73' lang='lat' dir='ltr'><strong>commovebitur:</strong></span> 
     </span>
     <span class='ocr_line' id='line_1_13' title="bbox 13 1507 1051 1602; baseline 0.004 -28"><span class='ocrx_word' id='word_1_104' title='bbox 13 1541 27 1574; x_wconf 80' lang='lat' dir='ltr'><strong>s</strong></span> <span class='ocrx_word' id='word_1_105' title='bbox 43 1515 208 1599; x_wconf 83' lang='lat' dir='ltr'><strong>judicabit</strong></span> <span class='ocrx_word' id='word_1_106' title='bbox 222 1507 354 1602; x_wconf 84' lang='lat' dir='ltr'><strong>populos</strong></span> <span class='ocrx_word' id='word_1_107' title='bbox 368 1515 402 1578; x_wconf 92' lang='lat' dir='ltr'><strong>in</strong></span> <span class='ocrx_word' id='word_1_108' title='bbox 416 1514 573 1600; x_wconf 68' lang='lat' dir='ltr'><strong>aequitate.</strong></span> <span class='ocrx_word' id='word_1_109' title='bbox 591 1512 752 1578; x_wconf 83' lang='lat' dir='ltr'><strong>Laetentur</strong></span> <span class='ocrx_word' id='word_1_110' title='bbox 767 1513 853 1586; x_wconf 81' lang='lat' dir='ltr'><strong>coeli,</strong></span> <span class='ocrx_word' id='word_1_111' title='bbox 870 1525 903 1577; x_wconf 84' lang='lat' dir='ltr'><strong>ct</strong></span> <span class='ocrx_word' id='word_1_112' title='bbox 917 1513 1051 1578; x_wconf 73' lang='lat' dir='ltr'><strong>exsultet</strong></span> 
     </span>
     <span class='ocr_line' id='line_1_14' title="bbox 14 1617 1052 1706; baseline 0.006 -28"><span class='ocrx_word' id='word_1_113' title='bbox 14 1649 30 1678; x_wconf 70' lang='lat' dir='ltr'><strong>a</strong></span> <span class='ocrx_word' id='word_1_114' title='bbox 47 1632 137 1684; x_wconf 80' lang='lat' dir='ltr'><strong>terra</strong></span> <span class='ocrx_word' id='word_1_115' title='bbox 154 1644 161 1685; x_wconf 94' lang='lat'><strong>:</strong></span> <span class='ocrx_word' id='word_1_116' title='bbox 176 1631 416 1686; x_wconf 80' lang='lat' dir='ltr'><strong>commoveatur</strong></span> <span class='ocrx_word' id='word_1_117' title='bbox 430 1641 530 1693; x_wconf 80' lang='lat' dir='ltr'><strong>mare,</strong></span> <span class='ocrx_word' id='word_1_118' title='bbox 542 1631 575 1683; x_wconf 86' lang='lat' dir='ltr'><strong>et</strong></span> <span class='ocrx_word' id='word_1_119' title='bbox 589 1617 752 1706; x_wconf 78' lang='lat' dir='ltr'><strong>plenitudo</strong></span> <span class='ocrx_word' id='word_1_120' title='bbox 763 1619 841 1703; x_wconf 88' lang='lat' dir='ltr'><strong>ejus.</strong></span> <span class='ocrx_word' id='word_1_121' title='bbox 860 1618 1052 1684; x_wconf 85' lang='lat' dir='ltr'><strong>Gaudebunt</strong></span> 
     </span>
     <span class='ocr_line' id='line_1_15' title="bbox 18 1724 1049 1816; baseline 0.005 -29"><span class='ocrx_word' id='word_1_122' title='bbox 18 1757 32 1787; x_wconf 83' lang='lat'><strong>»</strong></span> <span class='ocrx_word' id='word_1_123' title='bbox 49 1731 173 1816; x_wconf 86' lang='lat' dir='ltr'><strong>campi,</strong></span> <span class='ocrx_word' id='word_1_124' title='bbox 185 1741 219 1792; x_wconf 90' lang='lat' dir='ltr'><strong>et</strong></span> <span class='ocrx_word' id='word_1_125' title='bbox 231 1729 335 1793; x_wconf 87' lang='lat' dir='ltr'><strong>omnia</strong></span> <span class='ocrx_word' id='word_1_126' title='bbox 347 1749 417 1814; x_wconf 84' lang='lat' dir='ltr'><strong>quae</strong></span> <span class='ocrx_word' id='word_1_127' title='bbox 432 1729 465 1792; x_wconf 92' lang='lat' dir='ltr'><strong>iu</strong></span> <span class='ocrx_word' id='word_1_128' title='bbox 476 1730 521 1792; x_wconf 90' lang='lat' dir='ltr'><strong>eis</strong></span> <span class='ocrx_word' id='word_1_129' title='bbox 532 1738 615 1791; x_wconf 88' lang='lat' dir='ltr'><strong>sunt.</strong></span> <span class='ocrx_word' id='word_1_130' title='bbox 629 1724 840 1791; x_wconf 78' lang='lat' dir='ltr'><strong>Exsultebunt</strong></span> <span class='ocrx_word' id='word_1_131' title='bbox 850 1727 956 1792; x_wconf 83' lang='lat' dir='ltr'><strong>omnis</strong></span> <span class='ocrx_word' id='word_1_132' title='bbox 968 1726 1049 1814; x_wconf 77' lang='lat' dir='ltr'><strong>liges</strong></span> 
     </span>
     <span class='ocr_line' id='line_1_16' title="bbox 21 1834 1050 1922; baseline 0.001 -25"><span class='ocrx_word' id='word_1_133' title='bbox 21 1864 34 1896; x_wconf 77' lang='lat' dir='ltr'><strong>s</strong></span> <span class='ocrx_word' id='word_1_134' title='bbox 53 1835 140 1899; x_wconf 74' lang='lat' dir='ltr'><strong>silves</strong></span> <span class='ocrx_word' id='word_1_135' title='bbox 156 1857 174 1898; x_wconf 82' lang='lat' dir='ltr'><strong>e</strong></span> <span class='ocrx_word' id='word_1_136' title='bbox 195 1835 274 1908; x_wconf 78' lang='lat' dir='ltr'><strong>lacie</strong></span> <span class='ocrx_word' id='word_1_137' title='bbox 288 1835 428 1908; x_wconf 89' lang='lat' dir='ltr'><strong>Domini,</strong></span> <span class='ocrx_word' id='word_1_138' title='bbox 444 1835 593 1922; x_wconf 88' lang='lat' dir='ltr'><strong>quoniam</strong></span> <span class='ocrx_word' id='word_1_139' title='bbox 608 1835 712 1907; x_wconf 65' lang='lat' dir='ltr'><strong>venite</strong></span> <span class='ocrx_word' id='word_1_140' title='bbox 728 1834 879 1919; x_wconf 85' lang='lat' dir='ltr'><strong>quoniam</strong></span> <span class='ocrx_word' id='word_1_141' title='bbox 900 1835 984 1900; x_wconf 76' lang='lat' dir='ltr'><strong>vonit</strong></span> <span class='ocrx_word' id='word_1_142' title='bbox 1003 1836 1050 1921; x_wconf 88' lang='lat' dir='ltr'><strong>ju-</strong></span> 
     </span>
     <span class='ocr_line' id='line_1_17' title="bbox 23 1940 1051 2029; baseline 0.005 -27"><span class='ocrx_word' id='word_1_143' title='bbox 23 1971 38 2002; x_wconf 82' lang='lat'><strong>»</strong></span> <span class='ocrx_word' id='word_1_144' title='bbox 54 1941 163 2006; x_wconf 91' lang='lat' dir='ltr'><strong>dicare</strong></span> <span class='ocrx_word' id='word_1_145' title='bbox 178 1954 306 2006; x_wconf 87' lang='lat' dir='ltr'><strong>terrum.</strong></span> <span class='ocrx_word' id='word_1_146' title='bbox 324 1942 485 2007; x_wconf 71' lang='lat' dir='ltr'><strong>iudicabit</strong></span> <span class='ocrx_word' id='word_1_147' title='bbox 502 1943 613 2006; x_wconf 89' lang='lat' dir='ltr'><strong>orbem</strong></span> <span class='ocrx_word' id='word_1_148' title='bbox 626 1951 718 2006; x_wconf 84' lang='lat' dir='ltr'><strong>terrae</strong></span> <span class='ocrx_word' id='word_1_149' title='bbox 732 1940 766 2005; x_wconf 90' lang='lat' dir='ltr'><strong>in</strong></span> <span class='ocrx_word' id='word_1_150' title='bbox 778 1941 938 2027; x_wconf 82' lang='lat' dir='ltr'><strong>aequitate,</strong></span> <span class='ocrx_word' id='word_1_151' title='bbox 954 1953 1051 2029; x_wconf 76' lang='lat' dir='ltr'><strong>etpe</strong></span> 
     </span>
     <span class='ocr_line' id='line_1_18' title="bbox 26 2033 478 2135; baseline 0.002 -26"><span class='ocrx_word' id='word_1_152' title='bbox 26 2077 40 2108; x_wconf 77' lang='lat' dir='ltr'><strong>s</strong></span> <span class='ocrx_word' id='word_1_153' title='bbox 54 2047 148 2135; x_wconf 86' lang='lat' dir='ltr'><strong>pulos</strong></span> <span class='ocrx_word' id='word_1_154' title='bbox 164 2049 197 2113; x_wconf 91' lang='lat' dir='ltr'><strong>in</strong></span> <span class='ocrx_word' id='word_1_155' title='bbox 217 2049 348 2113; x_wconf 82' lang='lat' dir='ltr'><strong>veritate</strong></span> <span class='ocrx_word' id='word_1_156' title='bbox 367 2033 478 2112; x_wconf 58' lang='grc' dir='ltr'><strong>Μ’.»</strong></span> 
     </span>
    </p>

    <p class='ocr_par' dir='ltr' id='par_1_2' title="bbox 28 2155 1049 2435">
     <span class='ocr_line' id='line_1_19' title="bbox 72 2155 1048 2245; baseline -0.001 -25"><span class='ocrx_word' id='word_1_157' title='bbox 72 2157 133 2220; x_wconf 88' lang='lat' dir='ltr'><strong>llic</strong></span> <span class='ocrx_word' id='word_1_158' title='bbox 152 2155 310 2245; x_wconf 78' lang='lat' dir='ltr'><strong>Trypho:</strong></span> <span class='ocrx_word' id='word_1_159' title='bbox 336 2157 448 2220; x_wconf 90' lang='lat' dir='ltr'><strong>Utrum</strong></span> <span class='ocrx_word' id='word_1_160' title='bbox 471 2179 509 2220; x_wconf 84' lang='lat' dir='ltr'><strong>ex</strong></span> <span class='ocrx_word' id='word_1_161' title='bbox 528 2155 711 2243; x_wconf 83' lang='lat' dir='ltr'><strong>Scripturis,</strong></span> <span class='ocrx_word' id='word_1_162' title='bbox 733 2157 846 2242; x_wconf 86' lang='lat' dir='ltr'><strong>iuquit,</strong></span> <span class='ocrx_word' id='word_1_163' title='bbox 864 2155 993 2243; x_wconf 78' lang='lat' dir='ltr'><strong>aliquid,</strong></span> <span class='ocrx_word' id='word_1_164' title='bbox 1014 2168 1048 2220; x_wconf 88' lang='lat' dir='ltr'><strong>ut</strong></span> 
     </span>
     <span class='ocr_line' id='line_1_20' title="bbox 28 2261 1049 2354; baseline 0.001 -29"><span class='ocrx_word' id='word_1_165' title='bbox 28 2263 151 2336; x_wconf 87' lang='lat' dir='ltr'><strong>asseris,</strong></span> <span class='ocrx_word' id='word_1_166' title='bbox 167 2263 323 2349; x_wconf 84' lang='lat' dir='ltr'><strong>principes</strong></span> <span class='ocrx_word' id='word_1_167' title='bbox 337 2262 445 2350; x_wconf 92' lang='lat' dir='ltr'><strong>populi</strong></span> <span class='ocrx_word' id='word_1_168' title='bbox 463 2261 647 2354; x_wconf 78' lang='lat' dir='ltr'><strong>deleverint,</strong></span> <span class='ocrx_word' id='word_1_169' title='bbox 664 2262 748 2328; x_wconf 89' lang='lat' dir='ltr'><strong>Deus</strong></span> <span class='ocrx_word' id='word_1_170' title='bbox 763 2264 842 2336; x_wconf 83' lang='lat' dir='ltr'><strong>sci-re</strong></span> <span class='ocrx_word' id='word_1_171' title='bbox 855 2273 968 2350; x_wconf 86' lang='lat' dir='ltr'><strong>potest.</strong></span> <span class='ocrx_word' id='word_1_172' title='bbox 984 2261 1049 2328; x_wconf 75' lang='lat' dir='ltr'><strong>Cas-</strong></span> 
     </span>
     <span class='ocr_line' id='line_1_21' title="bbox 30 2368 526 2435; baseline 0.004 -5"><span class='ocrx_word' id='word_1_173' title='bbox 30 2380 133 2430; x_wconf 89' lang='lat' dir='ltr'><strong>terum</strong></span> <span class='ocrx_word' id='word_1_174' title='bbox 147 2368 270 2432; x_wconf 90' lang='lat' dir='ltr'><strong>videtur</strong></span> <span class='ocrx_word' id='word_1_175' title='bbox 283 2369 317 2432; x_wconf 92' lang='lat' dir='ltr'><strong>id</strong></span> <span class='ocrx_word' id='word_1_176' title='bbox 330 2368 526 2435; x_wconf 85' lang='lat' dir='ltr'><strong>incredibile.</strong></span> 
     </span>
    </p>

    <p class='ocr_par' dir='ltr' id='par_1_3' title="bbox 33 2473 1047 3421">
     <span class='ocr_line' id='line_1_22' title="bbox 76 2473 1047 2562; baseline 0.002 -24"><span class='ocrx_word' id='word_1_177' title='bbox 76 2475 168 2549; x_wconf 87' lang='lat' dir='ltr'><strong>Sane,</strong></span> <span class='ocrx_word' id='word_1_178' title='bbox 183 2476 324 2562; x_wconf 87' lang='lat' dir='ltr'><strong>inquam,</strong></span> <span class='ocrx_word' id='word_1_179' title='bbox 341 2473 524 2542; x_wconf 76' lang='lat' dir='ltr'><strong>incredibile</strong></span> <span class='ocrx_word' id='word_1_180' title='bbox 539 2477 673 2542; x_wconf 84' lang='lat' dir='ltr'><strong>videtur.</strong></span> <span class='ocrx_word' id='word_1_181' title='bbox 691 2477 747 2541; x_wconf 87' lang='lat' dir='ltr'><strong>Est</strong></span> <span class='ocrx_word' id='word_1_182' title='bbox 764 2478 851 2542; x_wconf 88' lang='lat' dir='ltr'><strong>enim</strong></span> <span class='ocrx_word' id='word_1_183' title='bbox 866 2475 1047 2542; x_wconf 80' lang='lat' dir='ltr'><strong>horribilius</strong></span> 
     </span>
     <span class='ocr_line' id='line_1_23' title="bbox 33 2581 1044 2674; baseline 0.007 -31"><span class='ocrx_word' id='word_1_184' title='bbox 33 2581 200 2668; x_wconf 80' lang='lat' dir='ltr'><strong>quidpiam,</strong></span> <span class='ocrx_word' id='word_1_185' title='bbox 213 2605 308 2668; x_wconf 83' lang='lat' dir='ltr'><strong>quem</strong></span> <span class='ocrx_word' id='word_1_186' title='bbox 319 2585 404 2670; x_wconf 93' lang='lat' dir='ltr'><strong>quod</strong></span> <span class='ocrx_word' id='word_1_187' title='bbox 416 2585 455 2648; x_wconf 86' lang='lat' dir='ltr'><strong>eb</strong></span> <span class='ocrx_word' id='word_1_188' title='bbox 469 2583 514 2648; x_wconf 85' lang='lat' dir='ltr'><strong>eis</strong></span> <span class='ocrx_word' id='word_1_189' title='bbox 524 2585 730 2649; x_wconf 79' lang='lat' dir='ltr'><strong>commissum</strong></span> <span class='ocrx_word' id='word_1_190' title='bbox 744 2595 794 2674; x_wconf 86' lang='lat' dir='ltr'><strong>est</strong></span> <span class='ocrx_word' id='word_1_191' title='bbox 812 2606 886 2649; x_wconf 88' lang='lat' dir='ltr'><strong>oum</strong></span> <span class='ocrx_word' id='word_1_192' title='bbox 900 2582 1044 2658; x_wconf 84' lang='lat' dir='ltr'><strong>vitulum,</strong></span> 
     </span>
     <span class='ocr_line' id='line_1_24' title="bbox 35 2689 1047 2778; baseline 0.002 -26"><span class='ocrx_word' id='word_1_193' title='bbox 35 2711 143 2753; x_wconf 86' lang='lat' dir='ltr'><strong>manna</strong></span> <span class='ocrx_word' id='word_1_194' title='bbox 159 2691 291 2755; x_wconf 87' lang='lat' dir='ltr'><strong>interris</strong></span> <span class='ocrx_word' id='word_1_195' title='bbox 306 2689 433 2778; x_wconf 78' lang='lat' dir='ltr'><strong>expleti,</strong></span> <span class='ocrx_word' id='word_1_196' title='bbox 450 2691 642 2765; x_wconf 75' lang='lat' dir='ltr'><strong>condierunt,</strong></span> <span class='ocrx_word' id='word_1_197' title='bbox 658 2701 801 2756; x_wconf 84' lang='lat' dir='ltr'><strong>autenm</strong></span> <span class='ocrx_word' id='word_1_198' title='bbox 815 2689 896 2754; x_wconf 84' lang='lat' dir='ltr'><strong>lilios</strong></span> <span class='ocrx_word' id='word_1_199' title='bbox 907 2689 1047 2754; x_wconf 87' lang='lat' dir='ltr'><strong>immole-</strong></span> 
     </span>
     <span class='ocr_line' id='line_1_25' title="bbox 36 2796 1047 2886; baseline 0.001 -28"><span class='ocrx_word' id='word_1_200' title='bbox 36 2809 106 2860; x_wconf 87' lang='lat' dir='ltr'><strong>runt</strong></span> <span class='ocrx_word' id='word_1_201' title='bbox 125 2797 293 2873; x_wconf 72' lang='lat' dir='ltr'><strong>demoniis,</strong></span> <span class='ocrx_word' id='word_1_202' title='bbox 316 2811 368 2862; x_wconf 84' lang='lat' dir='ltr'><strong>aut</strong></span> <span class='ocrx_word' id='word_1_203' title='bbox 391 2821 466 2864; x_wconf 87' lang='lat' dir='ltr'><strong>cum</strong></span> <span class='ocrx_word' id='word_1_204' title='bbox 487 2799 570 2886; x_wconf 90' lang='lat' dir='ltr'><strong>ipses</strong></span> <span class='ocrx_word' id='word_1_205' title='bbox 587 2799 755 2886; x_wconf 87' lang='lat' dir='ltr'><strong>prophetas</strong></span> <span class='ocrx_word' id='word_1_206' title='bbox 771 2797 966 2863; x_wconf 88' lang='lat' dir='ltr'><strong>occiderunt.</strong></span> <span class='ocrx_word' id='word_1_207' title='bbox 984 2796 1047 2860; x_wconf 88' lang='lat' dir='ltr'><strong>Sed</strong></span> 
     </span>
     <span class='ocr_line' id='line_1_26' title="bbox 37 2903 1045 2992; baseline 0.003 -27"><span class='ocrx_word' id='word_1_208' title='bbox 37 2903 123 2977; x_wconf 89' lang='lat' dir='ltr'><strong>mihi,</strong></span> <span class='ocrx_word' id='word_1_209' title='bbox 146 2906 277 2980; x_wconf 79' lang='lat' dir='ltr'><strong>aiebam,</strong></span> <span class='ocrx_word' id='word_1_210' title='bbox 300 2907 475 2970; x_wconf 73' lang='lat' dir='ltr'><strong>existimate</strong></span> <span class='ocrx_word' id='word_1_211' title='bbox 492 2907 570 2972; x_wconf 90' lang='lat' dir='ltr'><strong>nihil</strong></span> <span class='ocrx_word' id='word_1_212' title='bbox 592 2929 647 2971; x_wconf 83' lang='lat' dir='ltr'><strong>vos</strong></span> <span class='ocrx_word' id='word_1_213' title='bbox 666 2907 800 2970; x_wconf 74' lang='lat' dir='ltr'><strong>audiisse</strong></span> <span class='ocrx_word' id='word_1_214' title='bbox 814 2905 858 2970; x_wconf 88' lang='lat' dir='ltr'><strong>de</strong></span> <span class='ocrx_word' id='word_1_215' title='bbox 876 2904 1045 2992; x_wconf 79' lang='lat' dir='ltr'><strong>scripturis</strong></span> 
     </span>
     <span class='ocr_line' id='line_1_27' title="bbox 40 3009 1044 3100; baseline 0.006 -30"><span class='ocrx_word' id='word_1_216' title='bbox 40 3031 112 3092; x_wconf 87' lang='lat' dir='ltr'><strong>quas</strong></span> <span class='ocrx_word' id='word_1_217' title='bbox 126 3009 202 3074; x_wconf 85' lang='lat' dir='ltr'><strong>lurto</strong></span> <span class='ocrx_word' id='word_1_218' title='bbox 220 3012 259 3075; x_wconf 89' lang='lat' dir='ltr'><strong>ab</strong></span> <span class='ocrx_word' id='word_1_219' title='bbox 275 3012 311 3076; x_wconf 91' lang='lat' dir='ltr'><strong>iis</strong></span> <span class='ocrx_word' id='word_1_220' title='bbox 328 3011 464 3078; x_wconf 87' lang='lat' dir='ltr'><strong>sublatas</strong></span> <span class='ocrx_word' id='word_1_221' title='bbox 479 3012 553 3077; x_wconf 82' lang='lat' dir='ltr'><strong>dixi.</strong></span> <span class='ocrx_word' id='word_1_222' title='bbox 579 3013 661 3076; x_wconf 85' lang='lat' dir='ltr'><strong>Satis</strong></span> <span class='ocrx_word' id='word_1_223' title='bbox 682 3014 768 3077; x_wconf 89' lang='lat' dir='ltr'><strong>euim</strong></span> <span class='ocrx_word' id='word_1_224' title='bbox 788 3035 942 3100; x_wconf 86' lang='lat' dir='ltr'><strong>superque</strong></span> <span class='ocrx_word' id='word_1_225' title='bbox 957 3012 1044 3078; x_wconf 84' lang='lat' dir='ltr'><strong>sulli-</strong></span> 
     </span>
     <span class='ocr_line' id='line_1_28' title="bbox 42 3115 1045 3209; baseline 0.007 -30"><span class='ocrx_word' id='word_1_226' title='bbox 42 3115 123 3179; x_wconf 87' lang='lat' dir='ltr'><strong>ciunt</strong></span> <span class='ocrx_word' id='word_1_227' title='bbox 137 3116 172 3180; x_wconf 85' lang='lat' dir='ltr'><strong>ad</strong></span> <span class='ocrx_word' id='word_1_228' title='bbox 186 3117 484 3186; x_wconf 80' lang='lat' dir='ltr'><strong>demonstrationem</strong></span> <span class='ocrx_word' id='word_1_229' title='bbox 498 3143 609 3186; x_wconf 91' lang='lat' dir='ltr'><strong>eorum</strong></span> <span class='ocrx_word' id='word_1_230' title='bbox 623 3144 693 3209; x_wconf 71' lang='lat' dir='ltr'><strong>que</strong></span> <span class='ocrx_word' id='word_1_231' title='bbox 714 3122 747 3185; x_wconf 88' lang='lat' dir='ltr'><strong>in</strong></span> <span class='ocrx_word' id='word_1_232' title='bbox 762 3121 966 3206; x_wconf 74' lang='lat' dir='ltr'><strong>questionem</strong></span> <span class='ocrx_word' id='word_1_233' title='bbox 987 3143 1045 3186; x_wconf 76' lang='lat' dir='ltr'><strong>ue·</strong></span> 
     </span>
     <span class='ocr_line' id='line_1_29' title="bbox 43 3222 1044 3317; baseline 0.002 -29"><span class='ocrx_word' id='word_1_234' title='bbox 43 3222 138 3297; x_wconf 87' lang='lat' dir='ltr'><strong>aiunt,</strong></span> <span class='ocrx_word' id='word_1_235' title='bbox 148 3231 192 3288; x_wconf 86' lang='lat' dir='ltr'><strong>tot</strong></span> <span class='ocrx_word' id='word_1_236' title='bbox 207 3227 273 3311; x_wconf 86' lang='lat' dir='ltr'><strong>jum</strong></span> <span class='ocrx_word' id='word_1_237' title='bbox 284 3237 375 3291; x_wconf 79' lang='lat' dir='ltr'><strong>entes</strong></span> <span class='ocrx_word' id='word_1_238' title='bbox 387 3227 485 3293; x_wconf 81' lang='lat' dir='ltr'><strong>allatus</strong></span> <span class='ocrx_word' id='word_1_239' title='bbox 497 3229 678 3316; x_wconf 80' lang='lat' dir='ltr'><strong>Scripturae,</strong></span> <span class='ocrx_word' id='word_1_240' title='bbox 689 3241 803 3317; x_wconf 82' lang='lat' dir='ltr'><strong>prseter</strong></span> <span class='ocrx_word' id='word_1_241' title='bbox 812 3251 865 3294; x_wconf 89' lang='lat' dir='ltr'><strong>eus</strong></span> <span class='ocrx_word' id='word_1_242' title='bbox 876 3251 945 3315; x_wconf 80' lang='lat' dir='ltr'><strong>quas</strong></span> <span class='ocrx_word' id='word_1_243' title='bbox 960 3227 1044 3315; x_wconf 89' lang='lat' dir='ltr'><strong>apud</strong></span> 
     </span>
     <span class='ocr_line' id='line_1_30' title="bbox 43 3331 610 3421; baseline 0.011 -28"><span class='ocrx_word' id='word_1_244' title='bbox 43 3353 92 3394; x_wconf 84' lang='lat' dir='ltr'><strong>ros</strong></span> <span class='ocrx_word' id='word_1_245' title='bbox 106 3344 225 3394; x_wconf 69' lang='lat' dir='ltr'><strong>servate</strong></span> <span class='ocrx_word' id='word_1_246' title='bbox 241 3331 388 3421; x_wconf 88' lang='lat' dir='ltr'><strong>deinceps</strong></span> <span class='ocrx_word' id='word_1_247' title='bbox 402 3335 610 3420; x_wconf 82' lang='lat' dir='ltr'><strong>proferentur.</strong></span> 
     </span>
    </p>

    <p class='ocr_par' dir='ltr' id='par_1_4' title="bbox 46 3437 1043 3733">
     <span class='ocr_line' id='line_1_31' title="bbox 82 3437 1043 3532; baseline 0.006 -30"><span class='ocrx_word' id='word_1_248' title='bbox 82 3437 211 3504; x_wconf 85' lang='lat' dir='ltr'>LXXIV.</span> <span class='ocrx_word' id='word_1_249' title='bbox 233 3439 317 3505; x_wconf 85' lang='lat' dir='ltr'><strong>Tum</strong></span> <span class='ocrx_word' id='word_1_250' title='bbox 334 3439 464 3528; x_wconf 86' lang='lat' dir='ltr'><strong>Trypho</strong></span> <span class='ocrx_word' id='word_1_251' title='bbox 486 3466 494 3506; x_wconf 75' lang='grc' dir='ltr'><strong>ε</strong></span> <span class='ocrx_word' id='word_1_252' title='bbox 513 3442 655 3518; x_wconf 86' lang='lat' dir='ltr'><strong>Scimus,</strong></span> <span class='ocrx_word' id='word_1_253' title='bbox 672 3445 793 3530; x_wconf 90' lang='lat' dir='ltr'><strong>inquit,</strong></span> <span class='ocrx_word' id='word_1_254' title='bbox 810 3455 920 3532; x_wconf 84' lang='lat' dir='ltr'><strong>rogatu</strong></span> <span class='ocrx_word' id='word_1_255' title='bbox 938 3455 1043 3508; x_wconf 89' lang='lat' dir='ltr'><strong>nostro</strong></span> 
     </span>
     <span class='ocr_line' id='line_1_32' title="bbox 46 3548 1043 3639; baseline 0.006 -29"><span class='ocrx_word' id='word_1_256' title='bbox 46 3567 92 3610; x_wconf 86' lang='lat' dir='ltr'><strong>eus</strong></span> <span class='ocrx_word' id='word_1_257' title='bbox 109 3569 124 3611; x_wconf 87' lang='lat' dir='ltr'><strong>a</strong></span> <span class='ocrx_word' id='word_1_258' title='bbox 142 3558 168 3612; x_wconf 86' lang='lat' dir='ltr'><strong>te</strong></span> <span class='ocrx_word' id='word_1_259' title='bbox 183 3548 327 3612; x_wconf 84' lang='lat' dir='ltr'><strong>recilates</strong></span> <span class='ocrx_word' id='word_1_260' title='bbox 344 3571 420 3614; x_wconf 85' lang='lat' dir='ltr'><strong>esse.</strong></span> <span class='ocrx_word' id='word_1_261' title='bbox 441 3549 481 3615; x_wconf 82' lang='lat' dir='ltr'><strong>dt</strong></span> <span class='ocrx_word' id='word_1_262' title='bbox 496 3549 633 3637; x_wconf 86' lang='lat' dir='ltr'><strong>pselmus</strong></span> <span class='ocrx_word' id='word_1_263' title='bbox 655 3549 720 3625; x_wconf 90' lang='lat' dir='ltr'><strong>ille,</strong></span> <span class='ocrx_word' id='word_1_264' title='bbox 736 3573 831 3639; x_wconf 90' lang='lat' dir='ltr'><strong>quem</strong></span> <span class='ocrx_word' id='word_1_265' title='bbox 852 3561 1043 3639; x_wconf 87' lang='lat' dir='ltr'><strong>postremum</strong></span> 
     </span>
     <span class='ocr_line' id='line_1_33' title="bbox 47 3651 1042 3733; baseline 0.014 -18"><span class='ocrx_word' id='word_1_266' title='bbox 47 3675 81 3716; x_wconf 82' lang='lat' dir='ltr'><strong>rx</strong></span> <span class='ocrx_word' id='word_1_267' title='bbox 93 3651 200 3720; x_wconf 81' lang='lat' dir='ltr'><strong>Dasidis</strong></span> <span class='ocrx_word' id='word_1_268' title='bbox 216 3655 350 3722; x_wconf 79' lang='lat' dir='ltr'><strong>oraculis</strong></span> <span class='ocrx_word' id='word_1_269' title='bbox 366 3659 517 3733; x_wconf 87' lang='lat' dir='ltr'><strong>recitasti,</strong></span> <span class='ocrx_word' id='word_1_270' title='bbox 530 3681 594 3726; x_wconf 87' lang='lat' dir='ltr'><strong>nou</strong></span> <span class='ocrx_word' id='word_1_271' title='bbox 606 3659 683 3727; x_wconf 91' lang='lat' dir='ltr'><strong>mibi</strong></span> <span class='ocrx_word' id='word_1_272' title='bbox 696 3660 819 3726; x_wconf 86' lang='lat' dir='ltr'><strong>videtur</strong></span> <span class='ocrx_word' id='word_1_273' title='bbox 828 3662 861 3728; x_wconf 88' lang='lat' dir='ltr'><strong>in</strong></span> <span class='ocrx_word' id='word_1_274' title='bbox 872 3659 967 3728; x_wconf 86' lang='lat' dir='ltr'><strong>elium</strong></span> <span class='ocrx_word' id='word_1_275' title='bbox 978 3663 1042 3729; x_wconf 88' lang='lat' dir='ltr'><strong>dic·</strong></span> 
     </span>
    </p>
   </div>
   <div class='ocr_carea' id='block_1_2' title="bbox 78 3783 241 3846">
    <p class='ocr_par' dir='ltr' id='par_1_5' title="bbox 78 3783 241 3846">
     <span class='ocr_line' id='line_1_34' title="bbox 78 3783 241 3846; baseline 0.012 -12"><span class='ocrx_word' id='word_1_276' title='bbox 78 3783 85 3816; x_wconf 87' lang='lat'><strong>¹</strong></span> <span class='ocrx_word' id='word_1_277' title='bbox 95 3785 147 3834; x_wconf 82' lang='lat' dir='ltr'><strong>Psal.</strong></span> <span class='ocrx_word' id='word_1_278' title='bbox 158 3801 207 3846; x_wconf 82' lang='lat' dir='ltr'><strong>rer,</strong></span> <span class='ocrx_word' id='word_1_279' title='bbox 222 3805 241 3836; x_wconf 86' lang='lat'><strong>1.</strong></span> 
     </span>
    </p>
   </div>
   <div class='ocr_carea' id='block_1_3' title="bbox 0 0 1360 4622">
    <p class='ocr_par' dir='ltr' id='par_1_6' title="bbox 0 0 1360 4622">
     <span class='ocr_line' id='line_1_35' title="bbox 0 0 1360 4622; baseline 0 0"><span class='ocrx_word' id='word_1_280' title='bbox 0 0 1360 4622; x_wconf 95' lang='lat' dir='ltr'><strong> </strong></span> 
     </span>
    </p>
   </div>
  </div>
 </body>
</html>
