2684 4638
292 229 355 296 350
606 251 720 298 sancrr
743 251 857 310 aarum
879 253 942 298 nra.
968 253 1008 298 ιιι

290 359 425 436 venisse,
447 371 480 426 et
501 359 741 430 descensionem
764 363 933 453 superioris
957 362 1076 430 Christi
1094 361 1244 430 mmiitttaa.
1270 415 1271 450 p

291 469 357 536 Sed
373 480 525 538 corruunt
539 469 657 541 iterum
672 473 826 549 dieentes,
840 496 916 544 eam
931 473 990 562 qui
1007 472 1248 546 sunamitidi

291 591 408 648 tumet
429 577 624 649 salvatorem
640 603 705 648 non
726 593 837 650 natum
853 605 934 660 esse,
959 582 1021 648 sed
1035 593 1069 648 et
1088 593 1151 670 post
1160 581 1250 667 leptim

292 689 374 778 ejus,
396 688 450 776 qui
470 688 510 754 sit
525 689 566 756 de
581 688 798 779 dispositione,
820 691 911 768 lesu,
926 691 1038 780 ipsum
1053 691 1131 758 siout
1142 689 1267 812 ooluadep

293 799 326 867 in
340 819 415 864 eum
429 795 640 868 descendisse.
658 799 857 868 Mentiuntur
871 823 947 890 ergo
963 799 1125 890 ogdoadas
1137 797 1252 885 Argelia
1267 826 1268 866 t

294 906 437 974 eundum
451 929 519 983 eos,
536 905 677 976 dieentes
693 931 701 972 :
719 936 733 970 ι
748 909 909 989 Quoniam
924 919 1098 998 generatus
1112 918 1154 972 est
1166 904 1255 974 hodite

294 1045 307 1081 a
323 1016 371 1082 his
384 1013 539 1094 Salvator,
553 1016 607 1104 qui
618 1028 666 1084 est
678 1017 822 1087 Christus
834 1018 991 1090 Dominus
1004 1019 1039 1086 in
1051 1013 1253 1086 oiviueuanta

295 1127 405 1216 Neque
419 1127 506 1192 enim
517 1127 661 1196 Christus
670 1152 776 1218 neque
787 1127 931 1201 Salvator
942 1141 1029 1196 tune
1044 1139 1133 1196 natus
1145 1136 1255 1199 estnon

296 1237 374 1302 dum
397 1259 465 1313 eos,
490 1237 546 1304 sed
568 1235 620 1302 ille
642 1238 698 1326 qui
719 1248 768 1304 est
787 1239 828 1306 de
850 1239 1062 1328 dispositione
1079 1236 1175 1308 Jesos,
1189 1232 1254 1319 qaia<

296 1345 408 1417 mundi
430 1345 640 1426 fabricatoris,
660 1348 695 1414 in
717 1371 815 1438 quem
836 1361 908 1438 post
933 1348 1097 1438 baptisma
1120 1339 1249 1410 emto

297 1456 360 1524 hoc
374 1468 435 1534 est,
451 1469 522 1546 post
536 1458 663 1547 triginta
679 1481 792 1536 annos,
802 1481 982 1548 supernum
998 1455 1185 1526 Salvatorem
1195 1451 1252 1514 dion

299 1566 386 1646 Quid
399 1577 507 1636 autem
526 1568 564 1632 in
580 1568 714 1636 civitate
731 1569 855 1652 Deoid-
870 1578 1105 1658 apposuerunt,
1124 1562 1175 1630 nivi
1191 1571 1215 1626 at
1226 1578 1252 1621 aa

297 1675 571 1767 pollicitationem,
593 1698 665 1767 quae
683 1701 701 1744 a
724 1678 791 1747 Deo
811 1678 895 1746 saeta
914 1691 963 1745 est
984 1675 1105 1752 David,
1126 1670 1252 1762 quoaim

298 1785 405 1858 fructu
420 1786 538 1852 ventris
553 1787 623 1874 ejus
638 1798 775 1854 aeternius
795 1788 857 1853 erit
869 1787 950 1862 Rex,
971 1781 1172 1872 adimpletam
1185 1795 1251 1859 enar

298 1892 452 1962 litarent?
466 1895 595 1964 Etenim
608 1894 780 1964 sabrieator
796 1896 892 1962 totius
905 1891 1120 1962 universitatis
1134 1887 1251 1968 Secedi*

300 2005 483 2074 missionem
498 2005 611 2080 David,
631 2005 902 2094 quemadmodum
920 2005 988 2095 ipae
1004 2001 1108 2071 David
1120 1999 1158 2064 uit
1169 2019 1177 2060 ι
1189 1989 1249 2071 alla

301 2142 315 2178 v
330 2113 448 2180 terium
463 2135 572 2182 meum
587 2138 605 2180 a
622 2113 773 2189 Domino,
789 2115 843 2202 qui
864 2114 939 2180 feeit
959 2112 1086 2180 cotum
1100 2119 1130 2176 et
1143 2097 1246 2170 temni*

301 2227 342 2294 Ea
357 2224 495 2290 iterum:
515 2225 575 2291 «ln
590 2247 688 2290 manu
703 2225 772 2313 ejus
787 2224 867 2290 fines
883 2237 990 2302 terrae,
1007 2237 1042 2290 et
1057 2217 1250 2288 altitudinem

302 2362 315 2397 a
332 2332 412 2398 tium
433 2332 530 2422 ipsius
550 2345 633 2398 sunt.
654 2332 814 2414 Quoniam
828 2333 925 2422 ipsius
940 2345 988 2398 est
1011 2353 1114 2404 mare,
1129 2339 1158 2391 et
1173 2311 1245 2410 iptffll

302 2439 422 2517 villud,
439 2455 471 2508 et
495 2441 616 2509 aridam
635 2465 748 2508 manus
768 2443 837 2531 ejus
852 2441 1079 2510 fundaverunt.
1096 2434 1189 2506 Venite
1197 2425 1249 2492 Μ·

303 2583 317 2618 a
333 2577 418 2630 mus,
434 2565 467 2619 et
480 2553 684 2643 procidamus
699 2565 772 2620 ante
787 2576 874 2630 eum,
891 2563 925 2618 et
937 2551 1100 2642 ploremus
1114 2549 1144 2614 in
1156 2545 1244 2622 caupo

303 2661 471 2737 aDomini,
488 2660 543 2749 qui
557 2660 633 2727 fecit
652 2683 723 2736 nos,
739 2661 811 2749 quia
831 2661 899 2749 ipse
918 2673 968 2726 est
985 2658 1140 2728 Dominus
1151 2651 1245 2756 ⁰⁰⁰³.

305 2772 413 2839 ater².
430 2802 444 2835 ι
460 2770 624 2838 Manifesta
644 2771 853 2861 pronuntians
868 2771 1004 2861 Spiritus
1019 2780 1143 2838 sanetus
1153 2741 1247 2858 pulli

306 2881 508 2948 audientibus
522 2904 611 2957 eum,
627 2881 777 2970 quoniam
791 2890 885 2946 erunt
903 2881 956 2968 qui
973 2882 1169 2947 contemnant
1179 2871 1247 2937 eun?

305 2991 471 3081 plasmavit
486 3015 556 3068 nos,
573 2990 627 3078 qui
648 3002 680 3056 et
699 2988 784 3056 solus
799 3001 847 3056 est
864 2989 961 3056 Deus.
981 2989 1115 3079 Propter
1131 2961 1248 3068 quoddl·

306 3103 400 3170 oebat
415 3124 485 3190 qnae
499 3102 650 3191 praedicta
662 3113 752 3176 sunt,
769 3099 971 3190 significans:
986 3099 1140 3180 Quoniam
1152 3110 1184 3156 ne
1194 3089 1253 3184 wli

305 3210 388 3283 ritiaz
407 3221 522 3300 praeter
536 3211 639 3287 hune,
653 3223 709 3275 eut
722 3231 817 3299 snper
831 3209 931 3286 huno,
945 3207 1024 3276 alius
1039 3231 1103 3276 non
1116 3211 1158 3268 est
1169 3195 1255 3262 llttffl

307 3321 406 3411 magis
417 3321 581 3396 intendere
593 3330 737 3409 oporteat
742 3344 752 3393 t
764 3317 925 3408 religiosos
934 3341 992 3386 nos
1000 3330 1033 3385 et
1041 3328 1138 3409 gratos
1147 3305 1255 3399 Papum

307 3431 341 3498 in
357 3455 431 3500 eum
446 3431 501 3520 qai
522 3431 645 3507 feeerit,
660 3443 692 3498 et
708 3429 919 3506 constituerit,
935 3442 968 3496 et
986 3429 1128 3498 enutriat.
1147 3407 1208 3496 Qffl‘l
1218 3415 1257 3482 ‘iil

308 3543 369 3610 erit
387 3542 437 3611 his
455 3543 510 3630 qui
531 3553 656 3610 tontum
675 3537 878 3630 blasphemie
900 3538 1050 3606 adversus
1069 3553 1151 3604 suum
1166 3505 1271 3590 [ΨΜ

309 3653 561 3719 adinvenerunt?
574 3652 644 3720 Hoo
658 3651 743 3718 idem
758 3665 865 3718 autem
877 3663 908 3716 et
920 3649 1041 3742 Angeli.
1057 3650 1092 3716 ln
1102 3667 1135 3711 eo
1145 3633 1238 3706 enno

312 3761 421 3828 dicunt
440 3786 448 3828 ι
466 3761 600 3830 «Gloria
622 3763 654 3828 in
675 3761 831 3830 altissimis
853 3761 934 3838 Deo,
950 3773 981 3826 et
997 3761 1029 3826 in
1045 3771 1122 3826 terra
1135 3766 1205 3841 ΡΜ
1218 3741 1256 3794 ‘⁰¹¹¹

343 3889 426 3942 ¹Psal.
439 3911 483 3952 vu,
498 3910 536 3954 ιι,
545 3903 570 3943 et
579 3911 666 3955 carru,
678 3894 702 3944 8.
717 3923 746 3932 -
756 3893 767 3927 ²
778 3894 841 3945 aaut.
853 3892 1062 3956 arandetseqq.
