2492 4632
383 297 507 344 coarat
531 297 681 344 annuens.
983 281 1048 362 dbb

11 409 135 478 ntes,
162 426 234 470 vere
249 415 357 472 eutem
377 405 410 472 in
425 404 621 494 profundum
635 403 778 494 Bythnm
794 404 961 474 dementiae
975 407 1050 474 dos-

9 509 185 582 rdentes
203 539 211 580 ε
228 513 355 582 Patrem
370 514 501 604 quidem
517 514 659 582 dieentes
676 537 770 582 suum
788 513 873 582 finiri
889 539 991 606 usque
1009 517 1050 584 ad

15 643 123 708 quae
149 635 227 690 sunt
242 635 330 690 extra
345 622 505 700 Pleroma,
521 623 732 714 Demiurgum
747 647 823 691 vero
838 647 966 692 rursum
985 649 1050 694 non

7 729 167 820 ingero
180 755 279 822 usque
294 733 336 800 ad
350 731 495 802 Pleroma
510 757 518 799 ε
533 734 626 802 etsie
641 746 791 800 neutrum
803 755 916 801 eorum
926 747 1052 825 ponunt

4 861 41 902 se
73 839 283 930 perfectum
304 851 336 908 et
356 840 684 932 comprehendentem
698 841 815 910 omnia.
840 842 950 910 Deerit
964 845 1050 912 enim

2 950 8 1010 i
30 947 203 1034 quidem
218 949 378 1027 universa,
393 973 463 1039 quae
478 962 526 1016 est
540 961 627 1016 extra
649 947 808 1028 Pleroma,
825 953 937 1019 mundi
952 953 1050 1020 sabri-

5 1057 92 1130 tio;
112 1057 203 1126 huic
213 1071 321 1126 autem
333 1083 404 1149 quae
416 1071 464 1127 est
479 1060 560 1127 intra
574 1057 731 1137 Pleroma,
745 1059 922 1139 fabricatio,
933 1073 965 1128 ot
976 1085 1052 1130 neu-

2 1189 20 1229 r
41 1188 191 1234 eornm
206 1167 268 1233 erit
281 1169 427 1235 omnium
442 1169 539 1236 Deus.
555 1167 717 1249 Quoniam
732 1179 841 1236 autem
857 1172 1052 1261 magnitudi-

1 1298 60 1340 em
79 1277 160 1344 Dei
177 1300 216 1342 ex
235 1276 285 1344 bis
299 1300 371 1368 quae
387 1277 469 1345 saeta
488 1289 563 1344 sunt
577 1301 673 1345 nemo
689 1299 838 1344 enarrare
854 1261 971 1369 potest,
987 1281 1052 1350 boc

1 1387 161 1455 mnibus
179 1388 383 1456 manifestum
398 1400 447 1456 eet
464 1413 472 1455 :
490 1401 522 1454 et
537 1389 687 1478 quoniam
707 1389 893 1480 magnitudo
904 1392 973 1480 ejus
984 1415 1050 1460 non
1151 1409 1156 1412 ’

20 1494 129 1576 ficit,
143 1498 205 1564 sed
216 1498 322 1564 omnia
334 1497 490 1575 continet,
501 1509 535 1563 et
546 1498 690 1602 pervenit
702 1521 801 1586 usque
813 1499 854 1564 ad
868 1523 940 1576 nos,
952 1511 985 1568 et
996 1525 1052 1570 no

1 1602 136 1672 iseum
148 1617 212 1684 est,
222 1606 325 1674 omnis
337 1606 532 1696 quicumque
544 1606 637 1696 digne
647 1605 715 1673 Deo
727 1608 820 1698 sapit,
830 1610 1045 1682 confitebitur.

405 1783 555 1853 CAPUT
577 1785 658 1854 XX.

1 1933 100 1996 fnum
112 1937 213 1998 Deum
221 1961 271 2015 per
282 1939 409 2002 Verbum
418 1956 446 2000 et
452 1941 481 2001 S
477 1943 593 2020 pt'rr'tztm
602 1953 728 2003 sartonam
737 1943 829 2002 ommia
837 1964 901 2018 qum
912 1943 941 2004 iu
950 1941 1052 2003 mundo

34 2050 112 2094 sunt
133 2037 310 2098 condidisse:
322 2053 406 2116 utque
419 2041 584 2102 tnvbibztem
598 2042 661 2102 licet
671 2045 700 2102 in
710 2041 764 2102 bec
773 2044 845 2116 cita,
860 2056 885 2101 et
898 2045 1054 2120 rmompre-

35 2135 226 2212 hausibilem,
239 2161 293 2198 non
311 2151 401 2201 tamm
415 2143 538 2222 igmmm
548 2165 626 2218 mse,·
645 2155 736 2220 utpote
749 2165 830 2219 quem
848 2165 932 2220 opero
940 2144 1054 2222 proedi-

37 2247 122 2310 cent,
134 2251 159 2296 et
173 2237 257 2318 cujus
275 2240 401 2302 Verbum
415 2243 512 2303 multis
525 2242 614 2302 arodus
632 2263 738 2326 semper
753 2243 904 2304 videndum
920 2266 949 2304 se
967 2259 993 2304 et
1008 2267 1054 2304 eo-

37 2337 240 2416 gnoscmdum
246 2339 402 2416 prebuerit.

49 2480 82 2545 l.
107 2481 208 2570 igitur
227 2483 405 2552 seeundum
425 2487 676 2577 magnitudinem
700 2509 765 2554 non
788 2496 837 2553 eet
858 2508 1051 2577 cognoscere

4 2588 141 2664 Deum3
156 2591 345 2681 impossibile
362 2606 411 2661 est
430 2596 516 2662 enim
527 2597 704 2664 mensurari
715 2595 841 2662 Patrem
855 2618 863 2660 ε
875 2595 1052 2664 secundum

4 2713 130 2767 antem
151 2699 351 2772 dilectionem
365 2705 434 2794 ejus
458 2705 547 2792 (baec
565 2718 615 2773 est
636 2707 722 2773 enim
737 2725 808 2794 quse
829 2726 887 2770 nos
901 2727 960 2793 per
970 2703 1054 2772 Ver-

6 2809 93 2874 bum
110 2810 181 2898 ejus
194 2810 342 2900 perducit
356 2810 397 2877 ad
411 2811 534 2902 Deum)
553 2813 739 2880 obedientes
753 2812 795 2887 ei,
813 2832 939 2899 semper
954 2811 1052 2878 disci·

6 2941 85 2984 mus
104 2919 258 3008 quoniam
276 2932 324 2986 est
343 2931 448 2988 tentus
466 2921 572 2998 Deus,
589 2930 622 2987 et
644 2921 710 3010 ipso
728 2932 777 2986 ost
795 2918 850 3007 qui
868 2942 926 3008 per
939 2932 1053 2988 semet·

10 3029 120 3118 ipsum
128 3031 307 3108 constituit,
320 3044 353 3100 et
360 3030 467 3122 elegit,
483 3043 516 3098 et
531 3030 710 3106 adornavit,
724 3041 757 3096 et
768 3029 912 3098 continet
923 3030 1049 3097 omnia:

10 3137 45 3204 in
57 3139 211 3206 omnibus
223 3151 331 3206 sutem
342 3139 473 3208 ethunc
484 3139 656 3214 mundum,
668 3141 722 3229 qui
733 3150 781 3206 est
792 3139 970 3206 seeundum
981 3161 1049 3206 nos.

10 3247 51 3313 Et
67 3271 130 3314 nos
146 3249 256 3338 igitur,
272 3271 347 3318 cum
362 3249 412 3318 his
424 3274 495 3340 quae
510 3251 727 3327 continentur,
739 3250 781 3316 ab
793 3272 832 3316 eo
843 3248 919 3317 facti
930 3273 1051 3317 sumus.

11 3357 51 3422 Et
69 3357 128 3425 hic
139 3370 189 3426 est
202 3357 241 3424 de
253 3383 317 3448 quo
329 3359 493 3451 Scriptura
504 3361 568 3428 ait:
588 3387 601 3422 ι
616 3361 656 3427 Et
670 3359 837 3451 plasmavit
852 3359 939 3426 Deus
953 3359 1055 3430 bomi-

13 3495 25 3526 n
40 3489 135 3544 nem,
151 3465 265 3534 limum
280 3481 372 3536 terrae
385 3470 558 3561 accipiens,
571 3482 604 3536 et
619 3469 790 3537 insufflavit
809 3469 841 3535 in
856 3468 971 3538 faciem
985 3472 1055 3560 ejus

14 3573 161 3640 »ilatum
179 3575 278 3642 ritae¹.
302 3577 400 3646 »Non
421 3601 497 3670 ergo
518 3577 630 3668 Angeli
654 3578 799 3646 fecerunt
819 3599 890 3655 nos,
914 3600 974 3646 nec
995 3601 1055 3646 nos

14 3683 266 3772 plasmaverunt,
284 3711 345 3758 nec
358 3687 470 3781 dugeii
485 3702 660 3781 potuerunt
673 3689 845 3779 imaginem
859 3686 963 3757 iacere
978 3687 1051 3760 Dei;

17 3817 78 3862 nec
97 3793 179 3862 alius
201 3797 270 3885 quis
288 3811 405 3890 praeter
424 3797 568 3868 Verbum
585 3798 727 3875 Domini,
749 3817 811 3864 nec
832 3793 939 3864 Virtus
962 3795 1056 3884 longe

51 3929 59 3963 ¹
71 3929 138 3979 (iun.
151 3947 179 3990 rr,
193 3945 215 3993 7.
