2684 4638
433 325 556 374 coarat
580 325 731 372 mansas.
1035 298 1096 366 265

64 458 132 504 esse
150 435 280 510 virtute,
299 444 333 500 et
350 455 459 500 rursus
477 433 511 500 in
529 433 615 502 idem
633 433 733 500 abire.
756 431 790 499 Si
808 433 879 522 quis
899 441 1007 498 antem
1026 428 1098 519 plus

63 569 160 636 qnam
177 545 230 613 ille
248 545 476 636 contempserit
494 565 530 612 ea
552 567 624 635 quae
643 555 717 612 sunt
734 543 801 620 hic,
820 565 911 632 posse
932 540 1099 609 moliorem

1 691 3 704 ·
63 679 161 748 quam
176 655 267 722 illum
281 679 361 722 esse.

110 767 203 834 Artes
221 765 307 854 enirn
323 766 462 856 magicas
482 777 657 856 operantur
670 777 703 832 et
717 766 790 855 ipsi,
809 775 842 831 et
855 762 1100 839 incantationes,

63 875 183 966 philtra
198 899 325 967 quoque
339 889 372 943 et
385 876 568 952 charitesia‚
586 887 620 942 et
635 876 800 967 paredros,
815 886 849 940 et
864 875 1101 963 oniropompos‚

63 998 97 1053 et
109 985 246 1074 reliquas
258 985 511 1076 malignationes‚
528 986 670 1052 direntes
686 1009 719 1052 se
729 995 918 1076 potestatem
930 983 1049 1048 habere
1060 981 1101 1046 ad

64 1091 296 1160 dominandum
307 1094 373 1182 jam
384 1091 584 1182 Principibus
595 1105 628 1157 et
642 1091 885 1159 fabricatoribus
900 1090 997 1179 hujus
1012 1111 1103 1154 mun·

63 1201 115 1274 di;
141 1225 206 1276 non
222 1200 327 1270 solum
341 1215 462 1278 autem,
481 1200 584 1268 sedet
599 1201 648 1267 his
669 1203 818 1267 omnibus
839 1223 909 1290 quas
927 1201 960 1266 in
975 1223 1014 1266 eo
1029 1209 1104 1266 sunt

63 1309 159 1376 sucta.
180 1311 243 1390 Qui
259 1323 292 1377 et
305 1311 364 1400 ipsi
381 1311 421 1377 ad
433 1311 663 1378 detractionem
675 1310 772 1377 divini
788 1309 937 1378 Ecclesiae
952 1309 1101 1385 nominis,
1204 1387 1213 1410 ι

64 1421 337 1508 quemadmodum
353 1433 385 1488 et
400 1420 532 1497 Gentes,
552 1421 702 1487 aSatana
718 1421 871 1512 praemissi
892 1431 977 1496 sunt,
995 1419 1040 1485 uti
1057 1441 1104 1486 se·

64 1530 211 1597 cundum
224 1529 322 1600 alium
336 1543 370 1598 et
383 1531 480 1598 alium
496 1533 643 1611 modum,
656 1557 727 1621 quae
742 1544 816 1598 sunt
827 1529 954 1598 illorum
970 1529 1104 1596 audien·

64 1652 114 1706 tes
129 1639 288 1716 homines,
304 1653 337 1706 et
350 1653 501 1731 putantes
512 1663 624 1708 omnes
639 1663 697 1708 nos
711 1638 790 1706 tales
801 1663 882 1716 esse,
897 1648 1041 1705 avenant
1051 1659 1104 1701 uu-

64 1769 116 1812 res
142 1769 214 1816 suas
238 1771 256 1812 a
281 1746 442 1836 praeconio
462 1746 621 1818 veritatist
646 1757 703 1812 aut
722 1759 755 1812 et
774 1744 917 1812 videntes
941 1753 1106 1832 quaesunt

64 1853 209 1932 illorum,
231 1879 341 1922 omnes
361 1879 420 1921 nos
440 1852 675 1944 blasphement,
698 1855 732 1920 in
752 1852 841 1945 nullo
859 1854 905 1919 eis
924 1853 1104 1920 communi-

1 2011 2 2028 t
67 1975 191 2040 cantes,
216 1987 321 2052 neque
343 1965 376 2029 in
404 1964 563 2040 doctrina,
586 1987 690 2052 neque
712 1963 746 2030 in
766 1961 923 2039 moribus,
946 1985 1050 2050 neque
1071 1961 1105 2028 in

68 2071 254 2160 quotidiana
282 2073 533 2138 conversatione.
547 2072 619 2138 'Sed
632 2074 730 2139 vitam
746 2073 876 2160 quidem
897 2070 1102 2148 luxuriosum,

67 2181 261 2248 sententiam
281 2179 542 2269 autemimpiam
569 2180 610 2245 ad
636 2180 779 2247 velamen
806 2179 933 2246 malitiae
963 2182 1104 2270 ipsorum

67 2289 199 2358 nomine
222 2292 411 2366 abutuntur,
428 2312 571 2375 quorum
577 2291 750 2375 judicium
756 2293 890 2379 justum
911 2305 957 2356 cst
972 2289 998 2366 ¹,
1022 2290 1105 2357 reci-

66 2399 227 2486 pientium
240 2399 371 2488 dignam
385 2398 449 2465 suis
465 2398 613 2486 operibus
629 2422 646 2464 a
662 2399 730 2465 Deo
747 2400 999 2466 retributionem.

63 2557 67 2565 -
116 2509 157 2576 Et
171 2508 204 2574 in
219 2520 340 2574 tantam
355 2508 510 2574 insaniam
523 2507 668 2574 effrenati
684 2521 771 2585 sunt,
792 2509 838 2576 uti
853 2519 887 2574 et
902 2509 1008 2574 omnia
1023 2531 1106 2599 quar-

66 2641 210 2706 cumque
233 2628 306 2684 sunt
325 2615 496 2705 irreligiosa
518 2627 551 2682 et
574 2616 671 2706 impia
691 2617 724 2682 in
743 2627 898 2706 potestate
916 2617 1048 2694 habere,
1072 2628 1105 2684 et

66 2726 192 2818 operari
204 2749 238 2792 se
250 2726 368 2794 dicant.
389 2721 463 2792 Sola
475 2725 560 2790 enim
572 2724 715 2790 humana
724 2727 873 2814 opinione
885 2727 1010 2816 negotia
1022 2725 1103 2792 mala

1 2889 2 2918 i
66 2849 101 2903 et
120 2837 205 2904 bona
225 2835 346 2902 dicunt.
370 2835 414 2900 Et
435 2834 544 2922 utique
562 2833 742 2900 secundum
760 2835 1050 2924 transmigrationes
1069 2835 1105 2902 in

1 2995 2 3002 a
66 2967 204 3034 corpora
218 2954 365 3032 oportere
381 2941 518 3008 inomni
535 2941 599 3008 vita
613 2952 646 3006 et
660 2941 693 3007 in
709 2943 796 3008 omni
812 2955 886 3009 actu
901 2942 970 3009 fieri
985 2945 1104 3014 animas

68 3055 120 3142 (si
136 3075 202 3120 non
221 3075 457 3142 preoccupans,
468 3051 541 3142 quis
560 3051 593 3117 in
609 3073 674 3118 uno
690 3052 831 3119 adventu
846 3055 952 3122 omnia
969 3068 1041 3146 agat
1054 3081 1105 3122 se-

65 3159 135 3230 mel
155 3183 193 3228 ac
206 3163 336 3251 pariter,
356 3183 427 3249 quae
446 3183 511 3230 non
530 3170 657 3226 tantum
677 3159 785 3228 dicere
802 3174 836 3228 et
853 3163 963 3229 audire
978 3187 1043 3230 non
1058 3174 1107 3230 eat

64 3274 118 3340 sas
132 3271 238 3348 nobis,
258 3271 372 3338 sedne
391 3269 523 3360 quidem
542 3269 575 3336 in
589 3271 706 3337 mentis
726 3273 970 3362 conceptionem
983 3275 1104 3353 venire,

66 3405 135 3451 nec
150 3381 284 3449 credere
296 3382 321 3448 ei
334 3381 420 3471 apud
435 3380 581 3448 homines
589 3395 819 3450 conversantes
835 3382 868 3450 in
883 3384 932 3450 his
947 3405 1017 3471 quae
1032 3396 1106 3451 sunt

65 3491 249 3561 secundum
266 3515 326 3558 nos
344 3492 498 3567 civitates,
514 3489 578 3558 tale
592 3490 711 3580 aliquid
723 3495 879 3582 agitatur)
893 3515 902 3558 t
918 3494 978 3570 uti,
990 3517 1107 3562 secun-

65 3603 151 3669 dnm
169 3599 256 3689 quod
275 3601 393 3688 scripta
411 3623 525 3668 eorum
542 3601 668 3678 dicunt,
688 3601 722 3668 in
741 3603 828 3669 omni
847 3627 906 3670 usu
926 3604 997 3668 ritae
1014 3603 1106 3670 lactae

65 3710 185 3780 animae
197 3711 352 3799 ipsorum,
365 3719 517 3778 exeuntes
529 3710 562 3778 in
573 3708 674 3778 nihilo
683 3710 790 3779 adhuc
801 3713 907 3779 minus
917 3711 1055 3780 habeant
1064 3715 1106 3780 ad

66 3821 270 3913 operandum
285 3820 420 3911 (autem)
432 3821 466 3892 in
475 3845 534 3890 eo:
548 3845 589 3894 ne
598 3822 692 3901 lorte,
703 3836 870 3914 propterea
881 3824 1106 3913 quoudeeoli-

105 3951 114 3985 ¹
129 3953 204 4004 ltom.
220 3969 260 4013 au,
270 3953 296 4005 8.
