2516 4636
316 338 438 384 coarat
462 338 611 382 annasse.
915 317 978 402 ³¹7

12 467 58 520 ns,
77 459 107 510 et
128 443 373 535 exomologesim
395 445 524 521 iaciens,
547 447 593 512 sic
614 446 858 519 consummarit,
884 447 981 511 modo

13 553 83 620 dem
93 554 224 622 latenter
236 555 367 629 doeens,
378 555 475 622 modo
495 577 568 621 vero
587 551 833 642 exomologesim
849 553 980 630 faciens,

12 661 52 726 do
63 685 132 729 vero
142 665 182 730 ab
199 661 357 753 aliquibus
372 663 536 730 traductus
547 661 581 728 in
592 661 641 728 his
653 683 722 751 quae
734 661 870 728 docebat
883 662 979 738 male,

12 770 156 838 rbstentus
166 770 471 866 estereligiosorum
480 769 647 836 hominum
658 782 825 838 conventu.
841 769 982 837 Marcion

12 903 63 946 em
77 879 118 946 illi
132 881 306 948 succedens
319 880 452 951 invaluit
466 881 525 946 suh
542 880 691 956 Aniceto,
702 879 863 946 decimum
875 879 982 948 locum

12 1001 150 1080 scopatae
158 989 351 1056 continente.
365 987 490 1078 Reliqui
500 987 653 1076 vero,qui
664 1000 820 1054 vocentus
826 989 981 1066 Gnostici,

12 1097 153 1164 lenandro
163 1098 302 1166 Simonis
313 1095 766 1192 discipulo,·quemadmodum
774 1095 981 1177 ostendimus,

13 1207 140 1296 ipientes
158 1206 261 1284 initia,
284 1207 499 1295 unusquisque
516 1227 642 1280 eorum,
665 1205 758 1292 eujus
778 1208 985 1296 participatus

17 1313 189 1390 sententies,
205 1314 275 1402 ejus
286 1326 319 1380 et
330 1324 420 1402 pater
436 1325 469 1378 et
480 1311 610 1378 antistes
622 1311 779 1400 apparuit.
798 1311 918 1380 Omnes
932 1339 986 1380 au-

12 1424 65 1490 rhi
77 1421 175 1490 multo
186 1424 354 1513 posterius,
371 1421 584 1490 mediantibus
595 1422 662 1510 jam
672 1418 824 1488 Ecclesiae
838 1426 986 1512 tempori·

12 1573 27 1606 ·‚
45 1531 278 1600 insussexerunt
289 1533 323 1599 in
334 1553 427 1598 suam
436 1531 637 1621 apostasiam.

12 1639 177 1707 iraditione
192 1640 322 1730 igitur¹,
340 1663 411 1728 quae
425 1651 474 1706 est
487 1640 528 1705 ab
545 1636 716 1728 Apostolis,
734 1623 780 1706 sie
796 1661 830 1710 ee
849 1640 986 1707 habente

12 1749 154 1828 lcolesia,
171 1762 206 1816 ct
218 1759 428 1840 permanente
444 1749 530 1839 apud
546 1771 617 1826 nos,
636 1761 835 1818 revertamur
852 1751 895 1816 ad
915 1775 986 1818 earn

12 1883 23 1925 s
38 1872 86 1926 est
99 1882 139 1925 ex
151 1858 324 1949 seripturis
339 1859 568 1935 ostensionem,
584 1880 697 1924 eorum
711 1859 764 1947 qui
779 1859 985 1947 Evangelium

12 1967 222 2056 scripserunt,
238 1964 477 2055 Apostolorum,
493 1967 662 2054 exquibus
673 1969 931 2057 conscripserunt
946 1971 990 2038 de

12 2099 21 2140 ›
36 2075 237 2152 senteutiam,
255 2076 458 2142 ostendentes
472 2073 624 2162 quoniam
638 2074 794 2143 Dominus
808 2087 917 2144 noster
931 2079 989 2146 Je-

19 2185 163 2252 Christus
175 2186 288 2252 veritas
299 2195 360 2263 est,
371 2194 404 2252 et
414 2182 615 2250 mendacium
626 2183 659 2250 in
670 2207 709 2251 eo
719 2196 851 2253 nonest.
869 2187 989 2268 Quem·
1108 2207 1111 2212 ’

12 2294 127 2360 nodum
141 2306 174 2360 et
188 2295 291 2362 David
305 2317 377 2360 eam
396 2313 468 2381 que
485 2303 534 2358 est
548 2314 588 2358 ex
602 2289 732 2381 Virgine
749 2297 986 2383 generationem

12 2428 34 2480 s,
50 2415 83 2470 et
98 2427 170 2471 eam
185 2425 256 2492 quse
275 2414 324 2468 est
347 2425 387 2468 ex
402 2399 536 2468 mortuis
562 2402 829 2470 resurrectionem
851 2406 987 2496 prophe-

12 2537 35 2590 s,
48 2513 93 2578 ait
108 2536 116 2578 a
140 2511 287 2580 «Veritas
303 2512 342 2578 de
359 2521 443 2582 terra
457 2520 525 2576 orta
541 2522 589 2576 est
598 2508 622 2578 ².
636 2537 650 2576 s
664 2510 863 2602 Et'rlpostoli
877 2528 985 2582 autem

12 2622 100 2712 :ipuli
112 2623 251 2690 veritatis
261 2623 443 2698 existentes,
460 2631 548 2688 extra
560 2643 655 2688 omne
669 2621 873 2690 mendacium
888 2625 961 2692 sunt
976 2651 986 2692 τ

12 2733 116 2799 ,enirn
127 2734 344 2802 communicat
355 2731 559 2800 mendacium
574 2732 711 2806 veritati,
724 2731 806 2798 deut
821 2755 885 2798 non
898 2756 987 2802 eom·

12 2841 117 2906 oleant
126 2839 360 2918 tenebraelucir
375 2839 431 2906 sed
443 2837 609 2927 presentia
621 2834 750 2904 alterius
762 2838 902 2908 excludit
913 2839 990 2908 alte-

11 2977 33 3017 1.
52 2947 179 3016 Veritas
193 2973 269 3040 ergo
280 2950 436 3018 Dominus
447 2959 555 3016 noster
570 2947 718 3022 existens,
735 2969 801 3014 non
815 2952 989 3018 mentieba-

14 3083 23 3124 :
42 3071 77 3124 et
88 3081 188 3146 quem
201 3057 322 3124 sciebat
337 3055 416 3121 labis
426 3077 495 3120 esse
510 3054 665 3130 fructum,
679 3077 746 3121 non
760 3057 870 3145 utique
884 3059 988 3127 Deum

12 3166 174 3242 fiteretur,
187 3175 220 3230 et
230 3164 335 3231 Deum
346 3163 504 3238 omnium,
521 3173 553 3229 et
568 3185 731 3230 summum
742 3164 873 3254 Regem,
889 3181 922 3233 et
933 3169 989 3236 Pa-

12 3292 156 3346 nsuum,
168 3268 327 3360 perlectus
339 3268 574 3358 imperfectum,
586 3269 757 3357 spiritualis
767 3271 950 3351 animalem,
963 3278 988 3342 is

17 3381 52 3445 in
70 3376 250 3444 Pleromate
268 3389 351 3444 esset
367 3399 441 3442 enm
456 3377 510 3464 qui
525 3389 612 3442 extra
628 3375 782 3446 Pleroma.
803 3380 989 3469 Nequedis-

11 3487 45 3554 ili
61 3489 135 3577 ejus
151 3487 250 3553 alium
269 3487 439 3574 quemdam
453 3486 559 3552 Deum
578 3487 793 3564 nominarent,
812 3501 867 3556 ant
881 3492 989 3558 Domi-

12 3608 207 3672 avocarent,
220 3607 335 3686 proter
353 3618 428 3662 eum
439 3595 492 3684 qni
509 3617 583 3662 vere
602 3597 987 3669 essetDeusetDominus

12 3709 126 3775 rium=
153 3705 424 3796 quemadmodum
446 3705 557 3774 dieunt
579 3705 625 3782 ht,
654 3707 708 3793 qui
731 3721 805 3776 sunt
828 3710 987 3780 senisenni

12 3855 68 3919 lap.
83 3871 108 3902 v.

12 3941 80 3988 ioan.
94 3955 149 4000 arr,
162 3941 190 3999 o;
205 3940 268 3990 Psal.
280 3955 378 3999 axaxrv,
394 3957 430 3990 12.
