2710 4662
259 219 318 294 114
680 233 861 278 usurussuu

254 344 516 413 mexime'uutem
537 337 793 430 imperatoribus,
819 339 907 430 quod
931 339 1057 428 possint
1074 337 1138 426 ipsi
1163 335 1304 426 emplius

255 456 370 520 iterum
384 449 572 541 pontificem
592 449 649 516 sed
662 469 717 516 ess
728 469 798 537 quse
811 460 886 515 sunt
895 449 1030 514 omniuo
1043 447 1197 535 utrisque
1213 445 1301 510 eures

252 577 285 629 et
304 557 521 630 conducibiles
540 581 548 623 ε
568 579 621 623 ess
642 579 719 624 vero
732 579 803 644 qum
817 567 952 646 pessunt
966 555 1085 622 laedere
1106 567 1142 620 et
1163 556 1297 621 muimr

253 671 455 744 animumne
470 664 1065 755 vehementioremignisgebenusmei
1082 663 1295 731 sueceudere.

253 802 318 847 non
335 781 361 843 is
375 779 430 866 qui
447 777 501 842 dut
517 772 633 850 solum,
652 775 707 842 ssd
724 775 821 840 etism
835 775 890 862 qui
905 774 997 862 petit,
1016 785 1051 840 et
1067 773 1140 862 ipse
1156 773 1295 840 miseni

255 909 334 954 mus.
354 882 557 952 Admirabilis
578 895 698 959 eutem,
716 905 737 946 o
752 883 936 971 imperator,
953 894 989 948 ot
997 879 1164 948 munitius
1176 895 1231 947 est
1249 893 1294 944 tm

115 1007 120 1016 '
254 995 430 1084 promissio.
456 993 543 1072 Quid
560 993 646 1058 enim
665 1011 735 1058 mes
759 991 871 1069 refert,
891 991 1020 1056 maximi
1043 991 1137 1080 spud
1157 1003 1195 1056 te
1213 989 1293 1057 Josis

254 1102 403 1172 constitui
432 1101 630 1191 pontificem,
650 1113 682 1165 et
705 1102 810 1167 voesri
834 1113 956 1190 petrem
983 1113 1132 1176 mustus,
1151 1101 1208 1189 qui
1222 1123 1289 1166 sum

230 1264 236 1272 .
256 1210 372 1276 Christi
385 1209 544 1282 sacerdos,
556 1229 595 1274 oo
606 1209 635 1272 ei
647 1208 788 1294 quotidie
800 1206 946 1275 seerifieo
961 1207 1165 1273 sseriiiuium
1183 1201 1286 1280 leudis,

255 1331 288 1384 et
302 1321 458 1408 jamvero
473 1329 576 1382 totum
587 1316 745 1403 meipsum
760 1339 897 1405 propero
911 1313 1098 1391 immolare,
1116 1339 1158 1382 se
1170 1315 1286 1382 effieere

256 1425 504 1516 complantetum
523 1425 593 1512 ejus
610 1423 722 1488 mortis
739 1421 955 1490 similitudini?

299 1536 354 1605 Vi.
369 1535 546 1625 Imperator
560 1555 650 1599 vero:
663 1531 799 1600 Cuinem
813 1546 922 1600 eutem
935 1533 1070 1602 iestiues
1082 1537 1220 1625 teipsum
1231 1539 1281 1602 im

257 1644 401 1712 molere?
425 1645 496 1710 eine
522 1642 577 1730 qui
599 1663 617 1706 s
638 1639 750 1708 Pontio
772 1639 873 1709 Pilato
891 1643 926 1709 iu
942 1665 1082 1710 erucem
1101 1645 1165 1710 fuit
1182 1645 1280 1710 sam?

256 1755 404 1830 Maxime,
425 1752 526 1840 iuquit
548 1771 681 1840 mugnus
701 1751 854 1840 ignotius,
871 1752 901 1818 ei
919 1753 974 1840 qui
993 1765 1168 1840 peoosttm
1181 1754 1272 1820 cuci

257 1864 341 1940 fixit,
358 1845 490 1950 ejusque
512 1860 709 1926 inventorem
729 1859 883 1926 destruxit
899 1858 1094 1937 Diabolum,
1118 1873 1154 1928 et
1169 1883 1276 1928 mem

257 1972 326 2058 ejus
337 1969 512 2058 potentium
522 1991 580 2056 per
591 1989 722 2034 erucem
733 1967 880 2036 abolevit.
894 1967 1017 2035 Rursus
1028 1981 1144 2036 sutem
1161 1971 1282 2061 impes

259 2089 327 2141 tor:
341 2074 477 2152 Videris,
489 2075 604 2166 inquit,
616 2077 708 2154 mibi,
721 2099 740 2142 o
751 2077 866 2166 ignati,
879 2077 1011 2142 omniuo
1023 2089 1114 2144 reete
1124 2099 1241 2146 curere
1249 2081 1285 2166 ju

258 2185 343 2251 dicio
357 2195 390 2248 ot
403 2206 478 2249 sene
492 2197 611 2251 mente.
630 2184 702 2251 Nou
713 2185 800 2251 euim
812 2196 878 2252 tum
893 2197 1004 2273 sperte
1015 2185 1120 2250 bsisses
1130 2187 1288 2275 ‚deeeptus

258 2292 420 2382 seripturis
438 2291 705 2367 Christianorum,
725 2292 782 2358 sed
804 2294 1005 2382 cognovisses
1024 2294 1160 2369 omniuo,
1184 2317 1292 2382 qusu-

259 2415 328 2468 tum
340 2401 381 2466 sit
391 2402 513 2467 bouum
523 2397 635 2467 edietis
649 2421 760 2490 perere
777 2401 1001 2491 imperutoriis,
1014 2401 1123 2468 etbiis
1135 2405 1287 2474 sacrificis

258 2509 373 2580 offerre
384 2531 459 2576 eum
470 2509 628 2576 omuibus
643 2510 694 2577 Ad
705 2510 774 2578 hoe
785 2511 933 2587 Sanetus
947 2523 1040 2578 utens
1052 2535 1165 2580 rursus
1176 2537 1287 2606 msporr

262 2619 386 2688 dieeudi
410 2617 581 2684 libertate.
599 2618 729 2686 Etiamsi
755 2620 877 2696 bestiis,
901 2621 1017 2708 iuquit,
1046 2627 1285 2714 consumpseris,

178 2763 183 2774 ·
261 2731 383 2796 etrsmsr
393 2751 445 2796 me
456 2749 552 2796 cruce
560 2727 833 2806 condemnaveris
844 2728 939 2797 lieet
929 2753 989 2818 rpsr
979 2727 1107 2818 gladio
1118 2744 1153 2798 et
1167 2735 1287 2824 ignitu-

263 2837 470 2927 dudeus,quae
478 2839 591 2904 suntin
599 2850 825 2930 tuapotestutm
835 2862 998 2929 nunquam
1006 2844 1289 2930 egoputmrdaeure

263 2947 355 3014 uibus
372 2946 486 3012 offerre
501 2946 702 3012 sucrificium.
723 2947 832 3034 Neque
847 2949 933 3014 enim
948 2961 1057 3038 metuo
1073 2963 1232 3026 mortem,
1242 2975 1288 3016 ue

263 3079 325 3147 que
337 3055 480 3120 desidero
490 3055 669 3144 presentie,
680 3079 750 3145 quse
762 3069 810 3122 est
821 3056 854 3122 iu
869 3069 1025 3146 potestate
1038 3070 1146 3126 vestr-s
1156 3063 1290 3151 prebete

263 3165 412 3240 fruende;
429 3165 486 3230 sed
501 3162 565 3230 sois
582 3164 725 3232 desidero
741 3166 861 3243 sutum,
876 3180 909 3232 et
925 3191 1006 3234 eme
1018 3191 1118 3235 omne
1129 3171 1293 3240 adhibetur

263 3278 416 3354 studium,
428 3287 464 3340 ut
472 3285 629 3340 trsnseem
641 3274 682 3341 sd
697 3274 936 3363 Christum,qui
946 3300 1005 3365 pro
1017 3301 1070 3344 me
1080 3291 1131 3345 est
1138 3295 1290 3347 mortuus.

307 3386 377 3454 vll.
396 3385 529 3473 Propter
542 3405 611 3472 quse
628 3381 735 3450 voleus
751 3395 877 3450 senatus
894 3395 1068 3474 martyrem
1085 3367 1241 3478 erpuere,
1255 3415 1294 3456 so

265 3495 362 3560 ierter
370 3494 532 3570 nimirum,
545 3492 631 3572 Quid
642 3501 748 3558 sutem
760 3503 795 3558 tu
808 3517 946 3582 quoque,
960 3495 1120 3572 dixerunt,
1137 3499 1295 3566 confiteris

265 3605 369 3671 Deum
379 3615 471 3668 tuum
482 3626 550 3668 esse
562 3602 748 3670 mortuum?
760 3603 930 3682 Quomodo
941 3627 1016 3670 vero
1033 3606 1089 3693 qui
1107 3607 1212 3672 subiit
1222 3631 1298 3676 mor

267 3724 344 3785 tem,
362 3732 497 3797 eumque
513 3711 752 3785 exsecrandam,
770 3711 886 3798 poterit
903 3708 954 3776 iile
971 3711 1123 3800 prodesse
1141 3711 1238 3780 eliis?
1253 3715 1296 3782 Dii

266 3831 384 3896 eutem,
398 3829 430 3884 et
446 3829 518 3884 suut
530 3815 736 3895 immortales,
752 3828 784 3884 et
800 3817 949 3886 dicuutur
960 3841 977 3882 s
990 3819 1091 3886 nobis.
1112 3821 1161 3886 Ex
1172 3820 1297 3905 bouus·
