2586 4642
404 345 527 390 course
552 343 704 388 unsnsns.
1008 325 1072 392 515

8 469 137 538 ,super
151 451 406 520 vestimentum
417 453 487 542 ejus
498 451 582 520 mitti
596 460 728 528 sortem,
741 462 775 518 et
789 451 822 520 in
834 449 946 520 limum
958 453 1070 522 mortis

8 560 185 630 eductum
198 561 232 642 ³,
252 576 293 630 et
308 563 414 632 omniu
436 561 529 638 telin
550 585 626 631 eum
640 561 695 652 qui
710 562 891 630 seeundum
906 562 1070 634 hominem

8 682 31 735 tt
48 671 264 740 adventum
283 674 366 765 ejus,
382 674 464 742 siout
479 673 608 742 intrarit
626 673 659 740 iu
673 671 943 764 Hierosolymam,
960 674 992 742 in
1009 699 1072 765 qus

8 795 17 846 t
34 807 183 871 pessus,
212 798 255 852 et
279 785 464 863 oruoiiixus,
481 786 629 853 sustinuit
649 785 756 852 omnio
771 809 984 876 quaeoumque
999 801 1074 858 snut

8 893 177 969 raediote,
195 897 456 987 prophetabunt.
479 895 541 964 dlii
555 908 666 962 eutem
683 896 828 963 dieentes
847 917 855 961 r
873 895 1074 964 «Rememo-

18 1015 118 1070 ratus
136 1017 197 1071 est
214 1006 380 1074 Dominus
395 1018 522 1074 senotus
538 1017 741 1073 mortuorum
757 1029 903 1084 suornm,
920 1007 975 1095 qui
995 1031 1074 1098 prae

22 1113 262 1182 dormierunt
279 1117 312 1188 in
329 1129 414 1183 terre
426 1115 507 1193 limi,
518 1126 551 1182 et
563 1114 728 1182 descondit
747 1115 786 1182 ed
806 1137 862 1182 eos
874 1115 920 1182 uti
937 1118 1075 1206 erigeret

22 1224 64 1290 nd
82 1224 299 1293 solvendum
315 1225 423 1301 illos²3
438 1248 592 1294 souusem
603 1224 813 1294 reddiderunt
828 1236 958 1316 propter
975 1249 1074 1316 quem

7 1355 120 1420 pessus
133 1345 194 1401 est
206 1335 284 1404 haee
294 1335 413 1402 omniu.
425 1335 489 1415 Qui
505 1345 613 1402 eutem
626 1334 774 1403 dixerunt
788 1335 872 1402 :sin
884 1333 936 1401 itta
950 1336 1014 1414 die,
1029 1337 1074 1404 di·

7 1472 14 1506 ι
30 1442 78 1510 eit
97 1444 292 1523 Dominus,
303 1445 440 1514 Occidet
455 1444 502 1512 sol
513 1445 659 1520 meridie,
669 1454 701 1510 et
713 1455 810 1510 erunt
824 1447 966 1514 tenebrae
977 1470 1073 1538 super

7 1563 172 1620 »terrum
195 1555 235 1622 in
255 1555 308 1622 die
328 1554 420 1631 lueis,
439 1568 473 1620 et
495 1565 680 1626 consertam
696 1553 764 1620 dies
785 1553 882 1620 festos
904 1567 1023 1623 vestros
1041 1556 1075 1624 in

7 1692 20 1725 ι
36 1662 194 1741 luctum,
213 1676 249 1732 et
266 1666 410 1732 universe
427 1664 550 1734 ceutioe
566 1675 669 1730 vestre
688 1663 721 1729 in
737 1659 1033 1740 lamentationem⁸3
1053 1693 1067 1729 ι

11 1798 92 1841 eum
109 1797 277 1842 ooonsum
291 1774 365 1842 solis
384 1775 438 1864 qui
454 1773 608 1842 orueifiro
619 1796 658 1840 eo
668 1772 729 1840 fuit
745 1773 784 1840 eb
802 1772 881 1840 horn
897 1785 997 1851 sexte,
1010 1797 1077 1866 pre·

15 1885 137 1952 nit'este
153 1887 446 1974 annuntiaverunt,
458 1886 575 1973 etquis
587 1894 794 1974 posteaquem
806 1882 869 1950 hoo
880 1883 1000 1952 sectum
1012 1895 1074 1962 est,

18 1995 52 2061 hi
68 1997 129 2087 qui
146 1997 333 2064 seeundum
348 1995 465 2085 Legem
480 2007 572 2060 erent
587 1993 654 2060 dies
669 1993 740 2058 festi
755 2015 882 2071 eornm,
894 2006 926 2062 et
937 1995 1075 2074 onntiee,

19 2107 53 2172 in
75 2105 215 2174 luctum
227 2121 261 2174 et
283 2106 544 2174 lamentationem
566 2107 780 2181 verterentur,
800 2125 877 2171 oum
899 2105 1078 2195 inciperent

23 2215 108 2282 trudi
125 2218 292 2308 gentihus.
311 2215 428 2286 Adhuc
442 2214 539 2282 etium
553 2212 750 2282 manifestius
769 2213 833 2281 hoe
848 2213 933 2280 idem
952 2227 986 2280 et
1000 2215 1077 2282 Hie-

6 2381 8 2388 .
25 2327 148 2394 remiss
163 2327 317 2403 ostendit,
333 2327 379 2394 sie
393 2324 504 2392 dioens
521 2322 736 2388 :sErinenite
751 2335 800 2388 est
814 2345 885 2412 quae
907 2323 1002 2413 parit,
1017 2334 1077 2392 ter-

6 2511 11 2520 .
29 2465 41 2498 ι
57 2436 129 2504 duit
147 2439 254 2504 enimn
270 2437 340 2526 ejus
358 2459 367 2502 ι
384 2433 502 2503 oeeidit
518 2431 564 2500 sol
580 2432 623 2510 ei,
640 2455 716 2500 eum
735 2433 842 2502 adhue
861 2434 986 2502 medius
1008 2435 1078 2504 dies

7 2595 11 2602 .
31 2560 147 2614 »esset
155 2573 166 2623 t
181 2541 313 2616 confuse
328 2556 389 2622 est,
401 2557 434 2612 et
449 2544 679 2636 improperium
691 2567 781 2634 pesse
791 2557 862 2612 ests
877 2543 1016 2634 reliquos
1026 2568 1079 2612 eo-

32 2681 136 2725 »rum
149 2658 182 2725 in
192 2657 334 2748 gladium
345 2657 429 2724 dabo
444 2656 477 2722 in
489 2667 663 2744 conspeetu
678 2653 884 2722 inimieorum
898 2653 1037 2722 eorum¹.
1056 2682 1070 2718 ι

6 2819 8 2858 ;
76 2766 172 2836 Xlll.
188 2767 252 2848 Qui
263 2778 372 2836 eutem
383 2765 536 2834 dixerunt
549 2787 625 2830 eum
637 2762 804 2837 dormisse,
817 2771 851 2827 et
861 2783 1012 2832 somnum
1027 2786 1079 2832 oe·

33 2877 136 2966 pisse,
150 2890 183 2944 et
199 2877 421 2950 resurrexisse,
433 2873 584 2962 quonism
595 2869 751 2936 Dominus
761 2870 951 2960 suscepisset
967 2870 1077 2950 eum‘,

33 2998 70 3054 et
84 2987 306 3076 precipientes
324 2983 522 3072 prineipibus
539 2978 696 3047 emiorum
712 2978 836 3068 operire
851 2992 986 3048 {eternas
999 3005 1076 3073 por·

6 3175 7 3188 ¹
38 3107 102 3170 tes,
116 3107 150 3160 ut
164 3096 300 3160 introeot
311 3093 378 3160 Rex
389 3089 527 3183 gioriae¹3
542 3090 808 3188 resurreetiouem
819 3091 889 3181 ejus
905 3115 976 3180 quse
992 3106 1074 3160 este

40 3203 174 3270 mortuis
189 3227 247 3293 per
261 3202 401 3280 Patrem,
418 3213 450 3268 et
465 3199 683 3290 receptionem
703 3199 736 3266 in
751 3198 849 3272 eoelos
870 3221 1096 3291 promouere-s

42 3323 127 3380 runt.
141 3315 178 3382 ln
189 3337 228 3380 eo
239 3321 347 3380 eutem
358 3311 446 3404 qnod
458 3311 606 3378 dixerunt
618 3332 627 3375 ι
642 3337 655 3372 ι
668 3309 696 3378 Δ
708 3331 835 3378 summo
846 3310 929 3381 ooelo
940 3315 1077 3402 egressio

44 3453 57 3486 ι
72 3425 151 3515 ejus,
167 3435 201 3491 et
214 3431 370 3492 oooursus
380 3423 451 3513 ejus
467 3443 567 3510 usque
581 3420 623 3487 ed
637 3441 800 3488 summum
811 3420 897 3499 eoeti,
910 3435 942 3488 et
954 3435 1078 3492 nonest

46 3537 124 3626 equi
138 3561 171 3604 se
186 3535 361 3606 ebsoondet
376 3558 393 3600 e
406 3531 511 3601 celero
527 3533 596 3621 ejus
605 3529 635 3607 ’ς
650 3559 665 3594 s
679 3532 830 3620 quoniam
845 3530 922 3600 illue
935 3553 1077 3626 essump·

48 3656 96 3714 tus
109 3659 153 3714 est
170 3647 304 3714 undeet
320 3643 496 3719 deseendit,
512 3655 546 3708 et
567 3665 631 3708 non
647 3641 764 3730 estqui
785 3641 907 3731 justum
920 3643 1078 3732 judicium

50 3757 113 3848 ejus
133 3757 280 3848 effugiet,
303 3753 336 3820 id
360 3755 464 3843 ipsum
487 3751 729 3818 annuntiabant.
755 3750 797 3817 Et
818 3750 872 3840 qui
895 3749 1074 3820 dioebent:

82 3909 157 3962 rPsst
170 3927 222 3970 nr,
233 3909 259 3972 8,
273 3908 311 3969 ι6,
323 3925 361 3975 r9.
375 3904 424 3946 -2
434 3905 532 3956 ierem.
543 3933 574 3944 -
584 3902 595 3938 ¹
605 3903 693 3964 Amos,
706 3917 761 3964 ιιιι,
777 3919 802 3968 9,
818 3917 856 3952 ιο,
868 3902 1018 3956 ..spem
1034 3919 1076 3962 u.

54 4013 112 4062 d·
123 3995 202 4047 ’Μ
218 4015 258 4058 ιιι,
269 3995 293 4046 6.
308 4023 337 4034 -
351 3994 362 4028 ⁴
375 3993 440 4048 Prot.
452 4009 525 4051 nur,
534 4009 559 4058 7,
571 4007 594 4058 p
606 4018 637 4030 -
648 3989 657 4021 ⁷
667 3987 734 4041 rut.
745 4001 817 4048 xvur,
830 4005 855 4056 7.

845 4074 897 4139 55.
