<?xml version="1.0" encoding="UTF-8"?>
<!DOCTYPE html PUBLIC "-//W3C//DTD XHTML 1.0 Transitional//EN"
    "http://www.w3.org/TR/xhtml1/DTD/xhtml1-transitional.dtd">
<html xmlns="http://www.w3.org/1999/xhtml" xml:lang="en" lang="en">
 <head>
  <title>
</title>
<meta http-equiv="Content-Type" content="text/html;charset=utf-8" />
  <meta name='ocr-system' content='tesseract 3.04.00' />
  <meta name='ocr-capabilities' content='ocr_page ocr_carea ocr_par ocr_line ocrx_word'/>
</head>
<body>
  <div class='ocr_page' id='page_1' title='image "./collectioselect02guilgoog_0327.png"; bbox 0 0 2772 4620; ppageno 0'>
   <div class='ocr_carea' id='block_1_1' title="bbox 214 176 1380 344">
    <p class='ocr_par' dir='ltr' id='par_1_1' title="bbox 214 176 1380 344">
     <span class='ocr_line' id='line_1_1' title="bbox 214 176 1380 344; baseline -0.004 -17"><span class='ocrx_word' id='word_1_1' title='bbox 214 337 223 344; x_wconf 46' lang='grc'><strong>,</strong></span> <span class='ocrx_word' id='word_1_2' title='bbox 277 262 340 327; x_wconf 74' lang='lat' dir='ltr'>bes</span> <span class='ocrx_word' id='word_1_3' title='bbox 575 279 688 327; x_wconf 75' lang='lat' dir='ltr'>steort</span> <span class='ocrx_word' id='word_1_4' title='bbox 711 281 830 326; x_wconf 82' lang='lat' dir='ltr'>resruu</span> <span class='ocrx_word' id='word_1_5' title='bbox 854 275 1008 326; x_wconf 78' lang='lat' dir='ltr'>utsrrers</span> <span class='ocrx_word' id='word_1_6' title='bbox 1378 176 1380 311; x_wconf 86' lang='lat' dir='ltr'>l</span> 
     </span>
    </p>
   </div>
   <div class='ocr_carea' id='block_1_2' title="bbox 174 376 1380 3856">
    <p class='ocr_par' dir='ltr' id='par_1_2' title="bbox 276 376 1380 507">
     <span class='ocr_line' id='line_1_2' title="bbox 276 376 1380 507; baseline -0.004 -48"><span class='ocrx_word' id='word_1_7' title='bbox 276 405 428 460; x_wconf 87' lang='lat' dir='ltr'>notorum</span> <span class='ocrx_word' id='word_1_8' title='bbox 442 389 556 458; x_wconf 78' lang='lat' dir='ltr'>Daniel</span> <span class='ocrx_word' id='word_1_9' title='bbox 576 376 726 460; x_wconf 77' lang='lat' dir='ltr'>declaret.</span> <span class='ocrx_word' id='word_1_10' title='bbox 746 387 810 458; x_wconf 84' lang='lat' dir='ltr'>Vos</span> <span class='ocrx_word' id='word_1_11' title='bbox 828 404 936 458; x_wconf 85' lang='lat' dir='ltr'>eutem</span> <span class='ocrx_word' id='word_1_12' title='bbox 952 390 1052 480; x_wconf 78' lang='lat' dir='ltr'>ignari</span> <span class='ocrx_word' id='word_1_13' title='bbox 1067 411 1169 480; x_wconf 85' lang='lat' dir='ltr'>quem</span> <span class='ocrx_word' id='word_1_14' title='bbox 1191 392 1239 456; x_wconf 86' lang='lat' dir='ltr'>sit</span> <span class='ocrx_word' id='word_1_15' title='bbox 1258 413 1327 479; x_wconf 82' lang='lat' dir='ltr'>per·</span> <span class='ocrx_word' id='word_1_16' title='bbox 1378 408 1380 507; x_wconf 59' lang='lat' dir='ltr'>p</span> 
     </span>
    </p>

    <p class='ocr_par' dir='ltr' id='par_1_3' title="bbox 208 499 1380 1570">
     <span class='ocr_line' id='line_1_3' title="bbox 208 499 1323 590; baseline -0.004 -21"><span class='ocrx_word' id='word_1_17' title='bbox 208 523 212 530; x_wconf 85' lang='grc'><strong><em>·</em></strong></span> <span class='ocrx_word' id='word_1_18' title='bbox 276 521 446 570; x_wconf 87' lang='lat' dir='ltr'>mensurus</span> <span class='ocrx_word' id='word_1_19' title='bbox 471 501 544 576; x_wconf 90' lang='lat' dir='ltr'>diu,</span> <span class='ocrx_word' id='word_1_20' title='bbox 572 499 658 566; x_wconf 88' lang='lat' dir='ltr'>eliud</span> <span class='ocrx_word' id='word_1_21' title='bbox 680 499 874 568; x_wconf 79' lang='lat' dir='ltr'>existimetis.</span> <span class='ocrx_word' id='word_1_22' title='bbox 903 501 1043 590; x_wconf 75' lang='lat' dir='ltr'>Tempus</span> <span class='ocrx_word' id='word_1_23' title='bbox 1066 501 1157 566; x_wconf 91' lang='lat' dir='ltr'>enim</span> <span class='ocrx_word' id='word_1_24' title='bbox 1185 513 1323 566; x_wconf 87' lang='lat' dir='ltr'>centurn</span> 
     </span>
     <span class='ocr_line' id='line_1_4' title="bbox 274 608 1380 702; baseline -0.006 -24"><span class='ocrx_word' id='word_1_25' title='bbox 274 633 373 680; x_wconf 85' lang='lat' dir='ltr'>annos</span> <span class='ocrx_word' id='word_1_26' title='bbox 396 609 656 702; x_wconf 76' lang='lat' dir='ltr'>interpretamini.</span> <span class='ocrx_word' id='word_1_27' title='bbox 685 609 781 689; x_wconf 88' lang='lat' dir='ltr'>Quod</span> <span class='ocrx_word' id='word_1_28' title='bbox 803 608 932 696; x_wconf 89' lang='lat' dir='ltr'>quidem</span> <span class='ocrx_word' id='word_1_29' title='bbox 952 609 976 674; x_wconf 88' lang='lat' dir='ltr'>si</span> <span class='ocrx_word' id='word_1_30' title='bbox 999 610 1041 674; x_wconf 86' lang='lat' dir='ltr'>its</span> <span class='ocrx_word' id='word_1_31' title='bbox 1061 621 1123 685; x_wconf 89' lang='lat' dir='ltr'>est,</span> <span class='ocrx_word' id='word_1_32' title='bbox 1145 609 1320 676; x_wconf 85' lang='lat' dir='ltr'>hominem</span> <span class='ocrx_word' id='word_1_33' title='bbox 1379 641 1380 699; x_wconf 55' lang='lat' dir='ltr'>p</span> 
     </span>
     <span class='ocr_line' id='line_1_5' title="bbox 273 719 1320 812; baseline -0.008 -23"><span class='ocrx_word' id='word_1_34' title='bbox 273 721 447 812; x_wconf 76' lang='lat' dir='ltr'>iniquitatis</span> <span class='ocrx_word' id='word_1_35' title='bbox 458 731 618 790; x_wconf 85' lang='lat' dir='ltr'>trecentos</span> <span class='ocrx_word' id='word_1_36' title='bbox 630 719 671 786; x_wconf 89' lang='lat' dir='ltr'>ed</span> <span class='ocrx_word' id='word_1_37' title='bbox 685 720 853 786; x_wconf 89' lang='lat' dir='ltr'>minimum</span> <span class='ocrx_word' id='word_1_38' title='bbox 865 720 1135 808; x_wconf 82' lang='lat' dir='ltr'>etquinquuginte</span> <span class='ocrx_word' id='word_1_39' title='bbox 1150 739 1263 784; x_wconf 84' lang='lat' dir='ltr'>annos</span> <span class='ocrx_word' id='word_1_40' title='bbox 1275 741 1320 782; x_wconf 80' lang='lat' dir='ltr'>re·</span> 
     </span>
     <span class='ocr_line' id='line_1_6' title="bbox 274 827 1380 922; baseline -0.007 -26"><span class='ocrx_word' id='word_1_41' title='bbox 274 853 371 920; x_wconf 81' lang='lat' dir='ltr'>gnere</span> <span class='ocrx_word' id='word_1_42' title='bbox 387 841 525 922; x_wconf 80' lang='lat' dir='ltr'><strong>oportet,</strong></span> <span class='ocrx_word' id='word_1_43' title='bbox 546 841 582 894; x_wconf 91' lang='lat' dir='ltr'>ut</span> <span class='ocrx_word' id='word_1_44' title='bbox 596 829 630 894; x_wconf 91' lang='lat' dir='ltr'>id</span> <span class='ocrx_word' id='word_1_45' title='bbox 647 828 765 917; x_wconf 86' lang='lat' dir='ltr'>quode</span> <span class='ocrx_word' id='word_1_46' title='bbox 786 840 896 895; x_wconf 74' lang='lat' dir='ltr'>sancto</span> <span class='ocrx_word' id='word_1_47' title='bbox 910 827 1041 895; x_wconf 81' lang='lat' dir='ltr'>Daniele</span> <span class='ocrx_word' id='word_1_48' title='bbox 1063 827 1191 894; x_wconf 87' lang='lat' dir='ltr'>dictum</span> <span class='ocrx_word' id='word_1_49' title='bbox 1207 839 1277 902; x_wconf 89' lang='lat' dir='ltr'>est,</span> <span class='ocrx_word' id='word_1_50' title='bbox 1290 845 1317 892; x_wconf 80' lang='lat' dir='ltr'>ct</span> <span class='ocrx_word' id='word_1_51' title='bbox 1379 885 1380 888; x_wconf 74' lang='grc'>,</span> 
     </span>
     <span class='ocr_line' id='line_1_7' title="bbox 275 937 1315 1030; baseline -0.004 -24"><span class='ocrx_word' id='word_1_52' title='bbox 275 957 436 1030; x_wconf 74' lang='lat' dir='ltr'>temporo,</span> <span class='ocrx_word' id='word_1_53' title='bbox 449 961 509 1030; x_wconf 87' lang='lat' dir='ltr'>pro</span> <span class='ocrx_word' id='word_1_54' title='bbox 519 939 645 1006; x_wconf 84' lang='lat' dir='ltr'>duobus</span> <span class='ocrx_word' id='word_1_55' title='bbox 655 951 780 1005; x_wconf 85' lang='lat' dir='ltr'>tentum</span> <span class='ocrx_word' id='word_1_56' title='bbox 795 938 991 1028; x_wconf 82' lang='lat' dir='ltr'>temporibus</span> <span class='ocrx_word' id='word_1_57' title='bbox 1002 959 1223 1004; x_wconf 83' lang='lat' dir='ltr'>numeremus.</span> <span class='ocrx_word' id='word_1_58' title='bbox 1240 937 1315 1002; x_wconf 73' lang='lat' dir='ltr'>Hec-</span> 
     </span>
     <span class='ocr_line' id='line_1_8' title="bbox 275 1040 1313 1139; baseline -0.007 -22"><span class='ocrx_word' id='word_1_59' title='bbox 275 1062 384 1117; x_wconf 90' lang='lat' dir='ltr'>eutem</span> <span class='ocrx_word' id='word_1_60' title='bbox 396 1051 502 1116; x_wconf 85' lang='lat' dir='ltr'>omniu</span> <span class='ocrx_word' id='word_1_61' title='bbox 522 1049 700 1138; x_wconf 77' lang='lat' dir='ltr'>digrediens</span> <span class='ocrx_word' id='word_1_62' title='bbox 718 1071 736 1114; x_wconf 88' lang='lat' dir='ltr'>e</span> <span class='ocrx_word' id='word_1_63' title='bbox 751 1049 912 1139; x_wconf 89' lang='lat' dir='ltr'>proposito</span> <span class='ocrx_word' id='word_1_64' title='bbox 926 1048 1015 1115; x_wconf 80' lang='lat' dir='ltr'>robis</span> <span class='ocrx_word' id='word_1_65' title='bbox 1029 1040 1105 1123; x_wconf 72' lang='lat' dir='ltr'>diri,</span> <span class='ocrx_word' id='word_1_66' title='bbox 1126 1058 1163 1112; x_wconf 92' lang='lat' dir='ltr'>nt</span> <span class='ocrx_word' id='word_1_67' title='bbox 1180 1048 1313 1112; x_wconf 80' lang='lat' dir='ltr'>tandem</span> 
     </span>
     <span class='ocr_line' id='line_1_9' title="bbox 273 1142 1380 1247; baseline -0.002 -23"><span class='ocrx_word' id='word_1_68' title='bbox 273 1157 444 1247; x_wconf 78' lang='lat' dir='ltr'>aliquando</span> <span class='ocrx_word' id='word_1_69' title='bbox 459 1156 555 1226; x_wconf 87' lang='lat' dir='ltr'>fidem</span> <span class='ocrx_word' id='word_1_70' title='bbox 575 1158 728 1224; x_wconf 83' lang='lat' dir='ltr'>hebentes</span> <span class='ocrx_word' id='word_1_71' title='bbox 747 1157 783 1223; x_wconf 91' lang='lat' dir='ltr'>iis</span> <span class='ocrx_word' id='word_1_72' title='bbox 798 1142 868 1244; x_wconf 71' lang='lat' dir='ltr'>quie</span> <span class='ocrx_word' id='word_1_73' title='bbox 884 1156 1018 1222; x_wconf 54' lang='lat' dir='ltr'>intense</span> <span class='ocrx_word' id='word_1_74' title='bbox 1036 1157 1104 1222; x_wconf 88' lang='lat' dir='ltr'>Deo</span> <span class='ocrx_word' id='word_1_75' title='bbox 1122 1155 1309 1230; x_wconf 47' lang='lat' dir='ltr'>dieucum&amp;</span> <span class='ocrx_word' id='word_1_76' title='bbox 1379 1164 1380 1179; x_wconf 64' lang='lat'>¹</span> 
     </span>
     <span class='ocr_line' id='line_1_10' title="bbox 275 1263 1380 1358; baseline -0.003 -26"><span class='ocrx_word' id='word_1_77' title='bbox 275 1288 390 1353; x_wconf 83' lang='lat' dir='ltr'>nempe</span> <span class='ocrx_word' id='word_1_78' title='bbox 405 1288 460 1332; x_wconf 86' lang='lat' dir='ltr'>vos</span> <span class='ocrx_word' id='word_1_79' title='bbox 479 1287 547 1331; x_wconf 88' lang='lat' dir='ltr'>esse</span> <span class='ocrx_word' id='word_1_80' title='bbox 561 1263 642 1358; x_wconf 82' lang='lat' dir='ltr'>filios</span> <span class='ocrx_word' id='word_1_81' title='bbox 657 1264 852 1354; x_wconf 78' lang='lat' dir='ltr'>insipientes,</span> <span class='ocrx_word' id='word_1_82' title='bbox 874 1264 950 1329; x_wconf 89' lang='lat' dir='ltr'>item</span> <span class='ocrx_word' id='word_1_83' title='bbox 965 1263 1013 1328; x_wconf 85' lang='lat' dir='ltr'>hie</span> <span class='ocrx_word' id='word_1_84' title='bbox 1029 1263 1134 1330; x_wconf 83' lang='lat' dir='ltr'>verbis</span> <span class='ocrx_word' id='word_1_85' title='bbox 1152 1287 1160 1328; x_wconf 93' lang='lat'><strong>:</strong></span> <span class='ocrx_word' id='word_1_86' title='bbox 1180 1265 1310 1353; x_wconf 74' lang='lat' dir='ltr'>«Prcp</span> <span class='ocrx_word' id='word_1_87' title='bbox 1377 1284 1380 1340; x_wconf 60' lang='lat'>1¹</span> 
     </span>
     <span class='ocr_line' id='line_1_11' title="bbox 274 1371 1308 1465; baseline 0.002 -27"><span class='ocrx_word' id='word_1_88' title='bbox 274 1403 287 1438; x_wconf 77' lang='lat' dir='ltr'>s</span> <span class='ocrx_word' id='word_1_89' title='bbox 300 1387 386 1440; x_wconf 78' lang='lat' dir='ltr'>teres</span> <span class='ocrx_word' id='word_1_90' title='bbox 396 1391 555 1464; x_wconf 85' lang='lat' dir='ltr'>epponem</span> <span class='ocrx_word' id='word_1_91' title='bbox 564 1385 600 1438; x_wconf 91' lang='lat' dir='ltr'>ut</span> <span class='ocrx_word' id='word_1_92' title='bbox 611 1371 1066 1465; x_wconf 79' lang='lat' dir='ltr'>transserempopulumhuno,</span> <span class='ocrx_word' id='word_1_93' title='bbox 1074 1385 1107 1437; x_wconf 90' lang='lat' dir='ltr'>et</span> <span class='ocrx_word' id='word_1_94' title='bbox 1116 1374 1308 1440; x_wconf 75' lang='lat' dir='ltr'>transierum</span> 
     </span>
     <span class='ocr_line' id='line_1_12' title="bbox 275 1479 1344 1570; baseline 0.002 -24"><span class='ocrx_word' id='word_1_95' title='bbox 275 1503 378 1548; x_wconf 79' lang='lat' dir='ltr'>scos:</span> <span class='ocrx_word' id='word_1_96' title='bbox 400 1479 433 1547; x_wconf 85' lang='lat' dir='ltr'>et</span> <span class='ocrx_word' id='word_1_97' title='bbox 450 1481 592 1546; x_wconf 84' lang='lat' dir='ltr'>euierem</span> <span class='ocrx_word' id='word_1_98' title='bbox 609 1481 794 1570; x_wconf 79' lang='lat' dir='ltr'>sapientiem</span> <span class='ocrx_word' id='word_1_99' title='bbox 813 1482 993 1570; x_wconf 76' lang='lat' dir='ltr'>sapientum</span> <span class='ocrx_word' id='word_1_100' title='bbox 1012 1493 1045 1546; x_wconf 89' lang='lat' dir='ltr'>et</span> <span class='ocrx_word' id='word_1_101' title='bbox 1063 1479 1308 1570; x_wconf 78' lang='lat' dir='ltr'>intelligentiam</span> <span class='ocrx_word' id='word_1_102' title='bbox 1336 1551 1344 1562; x_wconf 66' lang='grc'><strong><em>,</em></strong></span> 
     </span>
    </p>

    <p class='ocr_par' dir='ltr' id='par_1_4' title="bbox 208 1589 1380 2383">
     <span class='ocr_line' id='line_1_13' title="bbox 208 1589 1380 1682; baseline 0.005 -32"><span class='ocrx_word' id='word_1_103' title='bbox 208 1639 211 1650; x_wconf 94' lang='grc'>.</span> <span class='ocrx_word' id='word_1_104' title='bbox 275 1589 547 1682; x_wconf 75' lang='lat' dir='ltr'>»intelligentium</span> <span class='ocrx_word' id='word_1_105' title='bbox 558 1592 699 1681; x_wconf 86' lang='lat' dir='ltr'>ipserum</span> <span class='ocrx_word' id='word_1_106' title='bbox 708 1591 1099 1659; x_wconf 79' lang='lat' dir='ltr'>oecultubo²=rdesinetis</span> <span class='ocrx_word' id='word_1_107' title='bbox 1109 1594 1308 1681; x_wconf 78' lang='lat' dir='ltr'>etmsipsos</span> <span class='ocrx_word' id='word_1_108' title='bbox 1377 1605 1380 1619; x_wconf 57' lang='lat'>‘¹</span> 
     </span>
     <span class='ocr_line' id='line_1_14' title="bbox 274 1699 1380 1788; baseline -0.002 -22"><span class='ocrx_word' id='word_1_109' title='bbox 274 1712 307 1766; x_wconf 85' lang='lat' dir='ltr'>ct</span> <span class='ocrx_word' id='word_1_110' title='bbox 326 1701 455 1788; x_wconf 76' lang='lat' dir='ltr'>eosqui</span> <span class='ocrx_word' id='word_1_111' title='bbox 473 1721 529 1768; x_wconf 85' lang='lat' dir='ltr'>vos</span> <span class='ocrx_word' id='word_1_112' title='bbox 551 1699 684 1768; x_wconf 77' lang='lat' dir='ltr'>audiunt</span> <span class='ocrx_word' id='word_1_113' title='bbox 702 1701 736 1766; x_wconf 92' lang='lat' dir='ltr'>in</span> <span class='ocrx_word' id='word_1_114' title='bbox 753 1721 896 1767; x_wconf 89' lang='lat' dir='ltr'>errorem</span> <span class='ocrx_word' id='word_1_115' title='bbox 915 1699 1080 1775; x_wconf 75' lang='lat' dir='ltr'>inducere,</span> <span class='ocrx_word' id='word_1_116' title='bbox 1103 1709 1137 1764; x_wconf 90' lang='lat' dir='ltr'>et</span> <span class='ocrx_word' id='word_1_117' title='bbox 1157 1723 1176 1764; x_wconf 83' lang='lat' dir='ltr'>e</span> <span class='ocrx_word' id='word_1_118' title='bbox 1199 1701 1305 1776; x_wconf 88' lang='lat' dir='ltr'>nobis,</span> <span class='ocrx_word' id='word_1_119' title='bbox 1377 1717 1380 1727; x_wconf 52' lang='lat'>&#39;¹</span> 
     </span>
     <span class='ocr_line' id='line_1_15' title="bbox 273 1805 1308 1900; baseline 0.001 -27"><span class='ocrx_word' id='word_1_120' title='bbox 273 1809 388 1897; x_wconf 86' lang='lat' dir='ltr'>quibus</span> <span class='ocrx_word' id='word_1_121' title='bbox 404 1805 522 1876; x_wconf 85' lang='lat' dir='ltr'>Christi</span> <span class='ocrx_word' id='word_1_122' title='bbox 533 1810 631 1898; x_wconf 80' lang='lat' dir='ltr'>gretie</span> <span class='ocrx_word' id='word_1_123' title='bbox 643 1807 829 1898; x_wconf 77' lang='lat' dir='ltr'>sapientiem</span> <span class='ocrx_word' id='word_1_124' title='bbox 843 1807 999 1900; x_wconf 70' lang='lat' dir='ltr'>prestitit,</span> <span class='ocrx_word' id='word_1_125' title='bbox 1012 1807 1170 1900; x_wconf 71' lang='lat' dir='ltr'>ediscatis.</span> <span class='ocrx_word' id='word_1_126' title='bbox 1185 1807 1246 1876; x_wconf 87' lang='lat' dir='ltr'>Sic</span> <span class='ocrx_word' id='word_1_127' title='bbox 1257 1833 1308 1874; x_wconf 88' lang='lat' dir='ltr'>uu·</span> 
     </span>
     <span class='ocr_line' id='line_1_16' title="bbox 272 1915 1380 1987; baseline -0.001 -4"><span class='ocrx_word' id='word_1_128' title='bbox 272 1926 339 1987; x_wconf 85' lang='lat' dir='ltr'>tem</span> <span class='ocrx_word' id='word_1_129' title='bbox 351 1939 384 1983; x_wconf 90' lang='lat' dir='ltr'>se</span> <span class='ocrx_word' id='word_1_130' title='bbox 394 1917 514 1986; x_wconf 86' lang='lat' dir='ltr'>hebent</span> <span class='ocrx_word' id='word_1_131' title='bbox 525 1919 621 1984; x_wconf 84' lang='lat' dir='ltr'>verbo</span> <span class='ocrx_word' id='word_1_132' title='bbox 632 1917 774 1984; x_wconf 78' lang='lat' dir='ltr'>Derldis:</span> <span class='ocrx_word' id='word_1_133' title='bbox 788 1917 892 1986; x_wconf 79' lang='lat' dir='ltr'>«Dixit</span> <span class='ocrx_word' id='word_1_134' title='bbox 903 1915 1058 1983; x_wconf 87' lang='lat' dir='ltr'>Dominus</span> <span class='ocrx_word' id='word_1_135' title='bbox 1065 1917 1303 1984; x_wconf 88' lang='lat' dir='ltr'>Dotuincmee:</span> <span class='ocrx_word' id='word_1_136' title='bbox 1378 1940 1380 1965; x_wconf 76' lang='lat'><strong>⁴</strong></span> 
     </span>
     <span class='ocr_line' id='line_1_17' title="bbox 273 1980 1380 2115; baseline 0.005 -27"><span class='ocrx_word' id='word_1_137' title='bbox 273 2025 385 2096; x_wconf 78' lang='lat' dir='ltr'>»Sede</span> <span class='ocrx_word' id='word_1_138' title='bbox 405 2049 423 2092; x_wconf 87' lang='lat' dir='ltr'>e</span> <span class='ocrx_word' id='word_1_139' title='bbox 443 2027 561 2093; x_wconf 83' lang='lat' dir='ltr'>dextris</span> <span class='ocrx_word' id='word_1_140' title='bbox 576 2027 667 2108; x_wconf 90' lang='lat' dir='ltr'>meis,</span> <span class='ocrx_word' id='word_1_141' title='bbox 684 2028 787 2094; x_wconf 87' lang='lat' dir='ltr'>donec</span> <span class='ocrx_word' id='word_1_142' title='bbox 801 2047 918 2115; x_wconf 90' lang='lat' dir='ltr'>ponem</span> <span class='ocrx_word' id='word_1_143' title='bbox 932 2025 1077 2092; x_wconf 88' lang='lat' dir='ltr'>inimicos</span> <span class='ocrx_word' id='word_1_144' title='bbox 1089 2036 1164 2092; x_wconf 90' lang='lat' dir='ltr'>tuos</span> <span class='ocrx_word' id='word_1_145' title='bbox 1179 2027 1305 2096; x_wconf 71' lang='lat' dir='ltr'>scabel-</span> <span class='ocrx_word' id='word_1_146' title='bbox 1377 1980 1380 2071; x_wconf 75' lang='lat' dir='ltr'>l</span> 
     </span>
     <span class='ocr_line' id='line_1_18' title="bbox 272 2133 1380 2223; baseline 0.003 -26"><span class='ocrx_word' id='word_1_147' title='bbox 272 2134 368 2200; x_wconf 82' lang='lat' dir='ltr'>»lum</span> <span class='ocrx_word' id='word_1_148' title='bbox 381 2136 502 2222; x_wconf 89' lang='lat' dir='ltr'>pedem</span> <span class='ocrx_word' id='word_1_149' title='bbox 513 2146 652 2202; x_wconf 91' lang='lat' dir='ltr'>tuorum.</span> <span class='ocrx_word' id='word_1_150' title='bbox 669 2133 798 2222; x_wconf 83' lang='lat' dir='ltr'>Virgsm</span> <span class='ocrx_word' id='word_1_151' title='bbox 809 2134 932 2200; x_wconf 74' lang='lat' dir='ltr'>vimutis</span> <span class='ocrx_word' id='word_1_152' title='bbox 942 2135 1068 2200; x_wconf 86' lang='lat' dir='ltr'>emittet</span> <span class='ocrx_word' id='word_1_153' title='bbox 1079 2134 1135 2200; x_wconf 91' lang='lat' dir='ltr'>tibi</span> <span class='ocrx_word' id='word_1_154' title='bbox 1146 2136 1307 2203; x_wconf 84' lang='lat' dir='ltr'>Dominus</span> <span class='ocrx_word' id='word_1_155' title='bbox 1379 2220 1380 2223; x_wconf 8' lang='grc' dir='ltr'><strong>Ἴ</strong></span> 
     </span>
     <span class='ocr_line' id='line_1_19' title="bbox 273 2226 1380 2383; baseline 0.006 -79"><span class='ocrx_word' id='word_1_156' title='bbox 273 2261 340 2308; x_wconf 81' lang='lat' dir='ltr'>sex</span> <span class='ocrx_word' id='word_1_157' title='bbox 358 2241 435 2308; x_wconf 87' lang='lat' dir='ltr'>Sion</span> <span class='ocrx_word' id='word_1_158' title='bbox 458 2265 466 2306; x_wconf 78' lang='lat' dir='ltr'>s</span> <span class='ocrx_word' id='word_1_159' title='bbox 483 2254 517 2309; x_wconf 90' lang='lat' dir='ltr'>et</span> <span class='ocrx_word' id='word_1_160' title='bbox 534 2254 570 2307; x_wconf 90' lang='lat' dir='ltr'>tu</span> <span class='ocrx_word' id='word_1_161' title='bbox 589 2243 752 2308; x_wconf 86' lang='lat' dir='ltr'>dominere</span> <span class='ocrx_word' id='word_1_162' title='bbox 766 2243 800 2308; x_wconf 88' lang='lat' dir='ltr'>in</span> <span class='ocrx_word' id='word_1_163' title='bbox 815 2243 921 2309; x_wconf 90' lang='lat' dir='ltr'>medio</span> <span class='ocrx_word' id='word_1_164' title='bbox 939 2241 1142 2310; x_wconf 89' lang='lat' dir='ltr'>inimieorum</span> <span class='ocrx_word' id='word_1_165' title='bbox 1158 2257 1301 2312; x_wconf 88' lang='lat' dir='ltr'>tuorum.</span> <span class='ocrx_word' id='word_1_166' title='bbox 1376 2226 1380 2383; x_wconf 55' lang='grc'>1</span> 
     </span>
    </p>

    <p class='ocr_par' dir='ltr' id='par_1_5' title="bbox 180 2349 1380 2986">
     <span class='ocr_line' id='line_1_20' title="bbox 180 2349 1380 2459; baseline 0.003 -45"><span class='ocrx_word' id='word_1_167' title='bbox 180 2363 183 2377; x_wconf 81' lang='lat'><em>&#39;</em></span> <span class='ocrx_word' id='word_1_168' title='bbox 216 2439 223 2450; x_wconf 90' lang='lat'>.</span> <span class='ocrx_word' id='word_1_169' title='bbox 272 2349 420 2415; x_wconf 72' lang='lat' dir='ltr'>»Tecum</span> <span class='ocrx_word' id='word_1_170' title='bbox 442 2349 637 2438; x_wconf 83' lang='lat' dir='ltr'>principatus</span> <span class='ocrx_word' id='word_1_171' title='bbox 660 2351 695 2415; x_wconf 91' lang='lat' dir='ltr'>in</span> <span class='ocrx_word' id='word_1_172' title='bbox 714 2349 771 2456; x_wconf 62' lang='lat' dir='ltr'>die</span> <span class='ocrx_word' id='word_1_173' title='bbox 788 2350 912 2416; x_wconf 83' lang='lat' dir='ltr'>virtutis</span> <span class='ocrx_word' id='word_1_174' title='bbox 933 2362 995 2416; x_wconf 76' lang='lat' dir='ltr'>tun</span> <span class='ocrx_word' id='word_1_175' title='bbox 1021 2349 1053 2416; x_wconf 91' lang='lat' dir='ltr'>in</span> <span class='ocrx_word' id='word_1_176' title='bbox 1081 2351 1305 2440; x_wconf 82' lang='lat' dir='ltr'>splendoribus</span> <span class='ocrx_word' id='word_1_177' title='bbox 1377 2386 1380 2459; x_wconf 57' lang='lat' dir='ltr'>p</span> 
     </span>
     <span class='ocr_line' id='line_1_21' title="bbox 271 2459 1380 2548; baseline 0.004 -25"><span class='ocrx_word' id='word_1_178' title='bbox 271 2488 284 2523; x_wconf 77' lang='lat' dir='ltr'>s</span> <span class='ocrx_word' id='word_1_179' title='bbox 298 2471 482 2526; x_wconf 77' lang='lat' dir='ltr'>sanctorum</span> <span class='ocrx_word' id='word_1_180' title='bbox 497 2471 637 2524; x_wconf 91' lang='lat' dir='ltr'>tuorum.</span> <span class='ocrx_word' id='word_1_181' title='bbox 652 2461 700 2526; x_wconf 81' lang='lat' dir='ltr'>Ex</span> <span class='ocrx_word' id='word_1_182' title='bbox 714 2472 805 2526; x_wconf 90' lang='lat' dir='ltr'>utere</span> <span class='ocrx_word' id='word_1_183' title='bbox 817 2471 890 2526; x_wconf 87' lang='lat' dir='ltr'>ente</span> <span class='ocrx_word' id='word_1_184' title='bbox 904 2459 1072 2526; x_wconf 81' lang='lat' dir='ltr'>lucilerum</span> <span class='ocrx_word' id='word_1_185' title='bbox 1082 2463 1180 2548; x_wconf 82' lang='lat' dir='ltr'>genui</span> <span class='ocrx_word' id='word_1_186' title='bbox 1190 2475 1238 2527; x_wconf 84' lang='lat' dir='ltr'>te.</span> <span class='ocrx_word' id='word_1_187' title='bbox 1251 2464 1303 2529; x_wconf 87' lang='lat' dir='ltr'>Ju-</span> <span class='ocrx_word' id='word_1_188' title='bbox 1379 2525 1380 2536; x_wconf 68' lang='grc'>,</span> 
     </span>
     <span class='ocr_line' id='line_1_22' title="bbox 271 2557 1301 2660; baseline 0.006 -28"><span class='ocrx_word' id='word_1_189' title='bbox 271 2570 377 2636; x_wconf 80' lang='lat' dir='ltr'>»revit</span> <span class='ocrx_word' id='word_1_190' title='bbox 390 2569 547 2636; x_wconf 90' lang='lat' dir='ltr'>Dominus</span> <span class='ocrx_word' id='word_1_191' title='bbox 561 2582 594 2635; x_wconf 89' lang='lat' dir='ltr'>et</span> <span class='ocrx_word' id='word_1_192' title='bbox 608 2593 674 2638; x_wconf 91' lang='lat' dir='ltr'>non</span> <span class='ocrx_word' id='word_1_193' title='bbox 691 2557 858 2660; x_wconf 68' lang='lat' dir='ltr'>penitebit</span> <span class='ocrx_word' id='word_1_194' title='bbox 872 2593 947 2636; x_wconf 87' lang='lat' dir='ltr'>eum</span> <span class='ocrx_word' id='word_1_195' title='bbox 965 2569 1036 2636; x_wconf 84' lang='lat' dir='ltr'>:Tu</span> <span class='ocrx_word' id='word_1_196' title='bbox 1052 2591 1086 2636; x_wconf 85' lang='lat' dir='ltr'>es</span> <span class='ocrx_word' id='word_1_197' title='bbox 1103 2573 1255 2638; x_wconf 75' lang='lat' dir='ltr'>sacerdos</span> <span class='ocrx_word' id='word_1_198' title='bbox 1272 2573 1301 2638; x_wconf 94' lang='lat' dir='ltr'>iu</span> 
     </span>
     <span class='ocr_line' id='line_1_23' title="bbox 271 2676 1300 2747; baseline 0.001 -4"><span class='ocrx_word' id='word_1_199' title='bbox 271 2690 453 2744; x_wconf 67' lang='lat' dir='ltr'>veternum</span> <span class='ocrx_word' id='word_1_200' title='bbox 476 2679 653 2746; x_wconf 88' lang='lat' dir='ltr'>secundum</span> <span class='ocrx_word' id='word_1_201' title='bbox 675 2680 819 2746; x_wconf 88' lang='lat' dir='ltr'>ordinem</span> <span class='ocrx_word' id='word_1_202' title='bbox 837 2676 1081 2746; x_wconf 81' lang='lat' dir='ltr'>Melchisedech.</span> <span class='ocrx_word' id='word_1_203' title='bbox 1104 2679 1263 2747; x_wconf 87' lang='lat' dir='ltr'>Dominus</span> <span class='ocrx_word' id='word_1_204' title='bbox 1284 2704 1300 2744; x_wconf 84' lang='lat' dir='ltr'>e</span> 
     </span>
     <span class='ocr_line' id='line_1_24' title="bbox 271 2781 1300 2878; baseline 0.005 -29"><span class='ocrx_word' id='word_1_205' title='bbox 271 2815 284 2849; x_wconf 81' lang='lat' dir='ltr'>s</span> <span class='ocrx_word' id='word_1_206' title='bbox 300 2785 418 2854; x_wconf 82' lang='lat' dir='ltr'>dextris</span> <span class='ocrx_word' id='word_1_207' title='bbox 433 2788 517 2852; x_wconf 88' lang='lat' dir='ltr'>tuis:</span> <span class='ocrx_word' id='word_1_208' title='bbox 536 2787 691 2878; x_wconf 79' lang='lat' dir='ltr'>o&#39;oulregit</span> <span class='ocrx_word' id='word_1_209' title='bbox 707 2790 739 2853; x_wconf 91' lang='lat' dir='ltr'>in</span> <span class='ocrx_word' id='word_1_210' title='bbox 754 2788 804 2854; x_wconf 90' lang='lat' dir='ltr'>die</span> <span class='ocrx_word' id='word_1_211' title='bbox 820 2789 874 2852; x_wconf 83' lang='lat' dir='ltr'>irae</span> <span class='ocrx_word' id='word_1_212' title='bbox 891 2811 954 2854; x_wconf 79' lang='lat' dir='ltr'>suae</span> <span class='ocrx_word' id='word_1_213' title='bbox 969 2812 1069 2878; x_wconf 76' lang='lat' dir='ltr'>reges.</span> <span class='ocrx_word' id='word_1_214' title='bbox 1089 2781 1253 2855; x_wconf 72' lang='lat' dir='ltr'>ludicebit</span> <span class='ocrx_word' id='word_1_215' title='bbox 1267 2793 1300 2857; x_wconf 90' lang='lat' dir='ltr'>in</span> 
     </span>
     <span class='ocr_line' id='line_1_25' title="bbox 270 2895 1299 2986; baseline 0.003 -29"><span class='ocrx_word' id='word_1_216' title='bbox 270 2897 492 2971; x_wconf 72' lang='lat' dir='ltr'>sectionibus,</span> <span class='ocrx_word' id='word_1_217' title='bbox 501 2895 771 2986; x_wconf 88' lang='lat' dir='ltr'>implebitruines.</span> <span class='ocrx_word' id='word_1_218' title='bbox 781 2897 828 2962; x_wconf 90' lang='lat' dir='ltr'>Dc</span> <span class='ocrx_word' id='word_1_219' title='bbox 836 2907 976 2964; x_wconf 86' lang='lat' dir='ltr'>torrente</span> <span class='ocrx_word' id='word_1_220' title='bbox 987 2897 1021 2962; x_wconf 90' lang='lat' dir='ltr'>in</span> <span class='ocrx_word' id='word_1_221' title='bbox 1033 2899 1080 2964; x_wconf 81' lang='lat' dir='ltr'>vie</span> <span class='ocrx_word' id='word_1_222' title='bbox 1090 2898 1184 2970; x_wconf 85' lang='lat' dir='ltr'>bibet,</span> <span class='ocrx_word' id='word_1_223' title='bbox 1195 2917 1299 2984; x_wconf 86' lang='lat' dir='ltr'>prop-</span> 
     </span>
    </p>

    <p class='ocr_par' dir='ltr' id='par_1_6' title="bbox 174 3003 1300 3856">
     <span class='ocr_line' id='line_1_26' title="bbox 268 3003 719 3094; baseline 0 -26"><span class='ocrx_word' id='word_1_224' title='bbox 268 3032 282 3067; x_wconf 80' lang='lat' dir='ltr'>s</span> <span class='ocrx_word' id='word_1_225' title='bbox 296 3017 382 3070; x_wconf 89' lang='lat' dir='ltr'>teree</span> <span class='ocrx_word' id='word_1_226' title='bbox 396 3003 546 3071; x_wconf 71' lang='lat' dir='ltr'>exaltabit</span> <span class='ocrx_word' id='word_1_227' title='bbox 559 3004 688 3094; x_wconf 79' lang='lat' dir='ltr'>ceput⁸.</span> <span class='ocrx_word' id='word_1_228' title='bbox 705 3033 719 3068; x_wconf 81' lang='lat' dir='ltr'>s</span> 
     </span>
     <span class='ocr_line' id='line_1_27' title="bbox 312 3111 1299 3210; baseline 0 -32"><span class='ocrx_word' id='word_1_229' title='bbox 312 3111 469 3180; x_wconf 85' lang='lat' dir='ltr'>XXXlll.</span> <span class='ocrx_word' id='word_1_230' title='bbox 490 3115 595 3202; x_wconf 77' lang='lat' dir='ltr'>Atque</span> <span class='ocrx_word' id='word_1_231' title='bbox 610 3112 842 3210; x_wconf 26' lang='lat' dir='ltr'>hunc&#39;quidem</span> <span class='ocrx_word' id='word_1_232' title='bbox 863 3113 1022 3202; x_wconf 81' lang='lat' dir='ltr'>psalmum</span> <span class='ocrx_word' id='word_1_233' title='bbox 1040 3116 1105 3203; x_wconf 90' lang='lat' dir='ltr'>(sic</span> <span class='ocrx_word' id='word_1_234' title='bbox 1118 3113 1203 3180; x_wconf 89' lang='lat' dir='ltr'>enim</span> <span class='ocrx_word' id='word_1_235' title='bbox 1221 3135 1299 3202; x_wconf 83' lang='lat' dir='ltr'>per-</span> 
     </span>
     <span class='ocr_line' id='line_1_28' title="bbox 268 3220 1299 3311; baseline 0.002 -25"><span class='ocrx_word' id='word_1_236' title='bbox 268 3222 400 3311; x_wconf 77' lang='lat' dir='ltr'>gebam)</span> <span class='ocrx_word' id='word_1_237' title='bbox 417 3243 483 3287; x_wconf 89' lang='lat' dir='ltr'>non</span> <span class='ocrx_word' id='word_1_238' title='bbox 498 3221 610 3311; x_wconf 82' lang='lat' dir='ltr'>ignoro</span> <span class='ocrx_word' id='word_1_239' title='bbox 625 3221 668 3285; x_wconf 91' lang='lat' dir='ltr'>ite</span> <span class='ocrx_word' id='word_1_240' title='bbox 683 3244 701 3286; x_wconf 86' lang='lat' dir='ltr'>e</span> <span class='ocrx_word' id='word_1_241' title='bbox 716 3220 805 3287; x_wconf 85' lang='lat' dir='ltr'>robis</span> <span class='ocrx_word' id='word_1_242' title='bbox 820 3223 948 3310; x_wconf 84' lang='lat' dir='ltr'>exponi,</span> <span class='ocrx_word' id='word_1_243' title='bbox 963 3236 998 3288; x_wconf 90' lang='lat' dir='ltr'>et</span> <span class='ocrx_word' id='word_1_244' title='bbox 1009 3224 1042 3290; x_wconf 92' lang='lat' dir='ltr'>in</span> <span class='ocrx_word' id='word_1_245' title='bbox 1053 3221 1224 3310; x_wconf 72' lang='lat' dir='ltr'>Ezechiam</span> <span class='ocrx_word' id='word_1_246' title='bbox 1235 3221 1299 3288; x_wconf 88' lang='lat' dir='ltr'>dio-</span> 
     </span>
     <span class='ocr_line' id='line_1_29' title="bbox 268 3327 1297 3419; baseline -0.002 -23"><span class='ocrx_word' id='word_1_247' title='bbox 268 3343 339 3396; x_wconf 89' lang='lat' dir='ltr'>tum</span> <span class='ocrx_word' id='word_1_248' title='bbox 355 3353 424 3397; x_wconf 86' lang='lat' dir='ltr'>esse</span> <span class='ocrx_word' id='word_1_249' title='bbox 438 3330 580 3398; x_wconf 87' lang='lat' dir='ltr'>eudeetis</span> <span class='ocrx_word' id='word_1_250' title='bbox 595 3330 711 3398; x_wconf 87' lang='lat' dir='ltr'>dicere.</span> <span class='ocrx_word' id='word_1_251' title='bbox 726 3327 790 3396; x_wconf 83' lang='lat' dir='ltr'>Vos</span> <span class='ocrx_word' id='word_1_252' title='bbox 805 3340 913 3396; x_wconf 88' lang='lat' dir='ltr'>eutem</span> <span class='ocrx_word' id='word_1_253' title='bbox 933 3354 1040 3398; x_wconf 88' lang='lat' dir='ltr'>errore</span> <span class='ocrx_word' id='word_1_254' title='bbox 1059 3330 1136 3406; x_wconf 90' lang='lat' dir='ltr'>lubi,</span> <span class='ocrx_word' id='word_1_255' title='bbox 1154 3332 1297 3419; x_wconf 87' lang='lat' dir='ltr'>protinus</span> 
     </span>
     <span class='ocr_line' id='line_1_30' title="bbox 268 3438 1299 3529; baseline -0.004 -23"><span class='ocrx_word' id='word_1_256' title='bbox 268 3440 358 3506; x_wconf 85' lang='lat' dir='ltr'>vobis</span> <span class='ocrx_word' id='word_1_257' title='bbox 379 3461 418 3504; x_wconf 87' lang='lat' dir='ltr'>ex</span> <span class='ocrx_word' id='word_1_258' title='bbox 437 3438 541 3504; x_wconf 84' lang='lat' dir='ltr'>verbis</span> <span class='ocrx_word' id='word_1_259' title='bbox 557 3438 631 3529; x_wconf 83' lang='lat' dir='ltr'>ipsis</span> <span class='ocrx_word' id='word_1_260' title='bbox 652 3439 888 3507; x_wconf 78' lang='lat' dir='ltr'>demonstrabo.</span> <span class='ocrx_word' id='word_1_261' title='bbox 906 3440 1036 3506; x_wconf 85' lang='lat' dir='ltr'>Dictum</span> <span class='ocrx_word' id='word_1_262' title='bbox 1056 3451 1104 3504; x_wconf 90' lang='lat' dir='ltr'>est</span> <span class='ocrx_word' id='word_1_263' title='bbox 1120 3461 1129 3504; x_wconf 79' lang='grc' dir='ltr'><strong><em>ε</em></strong></span> <span class='ocrx_word' id='word_1_264' title='bbox 1146 3440 1299 3504; x_wconf 79' lang='lat' dir='ltr'>«Jurerit</span> 
     </span>
     <span class='ocr_line' id='line_1_31' title="bbox 268 3547 1298 3637; baseline 0.004 -27"><span class='ocrx_word' id='word_1_265' title='bbox 268 3576 280 3609; x_wconf 79' lang='lat' dir='ltr'>s</span> <span class='ocrx_word' id='word_1_266' title='bbox 295 3547 450 3615; x_wconf 88' lang='lat' dir='ltr'>Dominus</span> <span class='ocrx_word' id='word_1_267' title='bbox 461 3561 495 3614; x_wconf 90' lang='lat' dir='ltr'>et</span> <span class='ocrx_word' id='word_1_268' title='bbox 507 3571 571 3616; x_wconf 90' lang='lat' dir='ltr'>non</span> <span class='ocrx_word' id='word_1_269' title='bbox 586 3549 752 3637; x_wconf 84' lang='lat' dir='ltr'>poenitebit</span> <span class='ocrx_word' id='word_1_270' title='bbox 762 3573 848 3617; x_wconf 89' lang='lat' dir='ltr'>cum.</span> <span class='ocrx_word' id='word_1_271' title='bbox 863 3552 925 3616; x_wconf 68' lang='lat' dir='ltr'>›Et</span> <span class='ocrx_word' id='word_1_272' title='bbox 940 3575 949 3616; x_wconf 75' lang='grc' dir='ltr'><strong><em>ε</em></strong></span> <span class='ocrx_word' id='word_1_273' title='bbox 966 3577 979 3612; x_wconf 81' lang='grc' dir='ltr'>ι</span> <span class='ocrx_word' id='word_1_274' title='bbox 994 3549 1042 3614; x_wconf 88' lang='lat' dir='ltr'>Tu</span> <span class='ocrx_word' id='word_1_275' title='bbox 1057 3571 1092 3614; x_wconf 89' lang='lat' dir='ltr'>es</span> <span class='ocrx_word' id='word_1_276' title='bbox 1105 3549 1257 3614; x_wconf 86' lang='lat' dir='ltr'>secerdos</span> <span class='ocrx_word' id='word_1_277' title='bbox 1269 3550 1298 3614; x_wconf 93' lang='lat' dir='ltr'>iu</span> 
     </span>
     <span class='ocr_line' id='line_1_32' title="bbox 266 3657 1299 3746; baseline 0.006 -28"><span class='ocrx_word' id='word_1_278' title='bbox 266 3681 280 3718; x_wconf 80' lang='lat' dir='ltr'>s</span> <span class='ocrx_word' id='word_1_279' title='bbox 295 3665 450 3723; x_wconf 87' lang='lat' dir='ltr'>aeternum</span> <span class='ocrx_word' id='word_1_280' title='bbox 466 3658 642 3736; x_wconf 87' lang='lat' dir='ltr'>secundum</span> <span class='ocrx_word' id='word_1_281' title='bbox 654 3658 799 3725; x_wconf 89' lang='lat' dir='ltr'>ordinem</span> <span class='ocrx_word' id='word_1_282' title='bbox 814 3657 1068 3726; x_wconf 85' lang='lat' dir='ltr'>Melchisedech:</span> <span class='ocrx_word' id='word_1_283' title='bbox 1084 3685 1096 3720; x_wconf 82' lang='lat' dir='ltr'>s</span> <span class='ocrx_word' id='word_1_284' title='bbox 1111 3669 1144 3722; x_wconf 89' lang='lat' dir='ltr'>et</span> <span class='ocrx_word' id='word_1_285' title='bbox 1162 3681 1235 3746; x_wconf 78' lang='lat' dir='ltr'>quse</span> <span class='ocrx_word' id='word_1_286' title='bbox 1250 3681 1299 3724; x_wconf 71' lang='lat' dir='ltr'>se</span> 
     </span>
     <span class='ocr_line' id='line_1_33' title="bbox 174 3751 1300 3856; baseline 0.006 -32"><span class='ocrx_word' id='word_1_287' title='bbox 174 3751 177 3759; x_wconf 73' lang='grc'><strong>’</strong></span> <span class='ocrx_word' id='word_1_288' title='bbox 265 3773 419 3850; x_wconf 90' lang='lat' dir='ltr'>quuntur,</span> <span class='ocrx_word' id='word_1_289' title='bbox 437 3785 570 3854; x_wconf 77' lang='lat' dir='ltr'>queque</span> <span class='ocrx_word' id='word_1_290' title='bbox 585 3765 781 3856; x_wconf 82' lang='lat' dir='ltr'>praecedunt.</span> <span class='ocrx_word' id='word_1_291' title='bbox 797 3767 966 3847; x_wconf 78' lang='lat' dir='ltr'>Ezechiam</span> <span class='ocrx_word' id='word_1_292' title='bbox 985 3779 1092 3834; x_wconf 83' lang='lat' dir='ltr'>eutem</span> <span class='ocrx_word' id='word_1_293' title='bbox 1111 3787 1174 3834; x_wconf 88' lang='lat' dir='ltr'>uec</span> <span class='ocrx_word' id='word_1_294' title='bbox 1191 3787 1300 3834; x_wconf 86' lang='lat' dir='ltr'>secer-</span> 
     </span>
    </p>
   </div>
   <div class='ocr_carea' id='block_1_3' title="bbox 296 3891 1027 3956">
    <p class='ocr_par' dir='ltr' id='par_1_7' title="bbox 296 3891 1027 3956">
     <span class='ocr_line' id='line_1_34' title="bbox 296 3891 1027 3956; baseline 0.004 -16"><span class='ocrx_word' id='word_1_295' title='bbox 296 3891 413 3941; x_wconf 82' lang='lat' dir='ltr'>¹Jcrem.</span> <span class='ocrx_word' id='word_1_296' title='bbox 429 3909 464 3953; x_wconf 87' lang='grc' dir='ltr'>ιν,</span> <span class='ocrx_word' id='word_1_297' title='bbox 475 3910 516 3944; x_wconf 78' lang='lat' dir='ltr'>na.</span> <span class='ocrx_word' id='word_1_298' title='bbox 528 3893 655 3945; x_wconf 54' lang='lat' dir='ltr'>Amat.</span> <span class='ocrx_word' id='word_1_299' title='bbox 670 3913 738 3956; x_wconf 78' lang='lat' dir='ltr'>xurx,</span> <span class='ocrx_word' id='word_1_300' title='bbox 753 3897 788 3956; x_wconf 72' lang='lat' dir='ltr'>rl.</span> <span class='ocrx_word' id='word_1_301' title='bbox 803 3895 929 3946; x_wconf 79' lang='lat' dir='ltr'>-&#39;-¹l’sel.</span> <span class='ocrx_word' id='word_1_302' title='bbox 941 3911 990 3954; x_wconf 76' lang='lat' dir='ltr'>oux,</span> <span class='ocrx_word' id='word_1_303' title='bbox 1006 3912 1027 3943; x_wconf 84' lang='lat'>1.</span> 
     </span>
    </p>
   </div>
   <div class='ocr_carea' id='block_1_4' title="bbox 0 0 1390 4615">
    <p class='ocr_par' dir='ltr' id='par_1_8' title="bbox 0 0 1390 4615">
     <span class='ocr_line' id='line_1_35' title="bbox 0 0 1390 4615; baseline 0 0"><span class='ocrx_word' id='word_1_304' title='bbox 0 0 1390 4615; x_wconf 95' lang='lat' dir='ltr'> </span> 
     </span>
    </p>
   </div>
  </div>
 </body>
</html>
