2492 4632
332 321 454 366 coarat
481 323 630 368 aessens.
931 307 997 387 tea

10 443 25 488 s
53 437 329 514 perseverate
352 427 437 494 idem
460 425 553 494 Pater
576 428 780 520 revelatur);
798 433 846 502 sie
867 455 944 525 ergo
966 446 1000 500 et

10 535 188 604 rioribus
200 539 355 626 majorem
363 559 460 626 quam
473 561 543 626 quae
554 537 614 604 suit
628 539 661 606 in
670 541 767 608 veteri
779 539 998 620 Testamento,

10 643 216 712 emtionem
230 645 338 734 gratie
354 645 501 712 attribuit
517 667 599 714 unua
614 657 647 712 et
665 645 752 715 idem
768 649 924 718 Dominus
943 675 1002 742 per

10 777 16 816 ι
36 751 257 820 adventum.
275 755 317 820 Et
333 752 378 820 illi
394 754 481 822 enim
498 777 555 844 per
576 753 711 824 famulos
733 757 907 828 audiebant
924 783 1003 828 ven-

10 885 36 926 n
56 861 220 952 Regem,
235 873 268 930 et
287 862 493 930 mediocriter
507 864 701 954 gaudebant,
718 867 903 938 seeundum
915 872 1004 958 quod

10 976 120 1042 ibent
139 987 321 1044 venturum
331 997 408 1042 eum
425 975 502 1064 :qui
516 988 626 1046 autem
637 991 825 1067 praesentem
841 981 1003 1058 viderunt,

10 1093 191 1150 sertatem
205 1081 325 1172 adepti,
336 1093 370 1148 et
380 1082 473 1171 potiti
485 1094 558 1150 sunt
569 1086 641 1172 ejus
655 1087 923 1166 minorationem,
935 1111 1001 1156 ma·

10 1215 36 1258 n
47 1191 209 1281 gratiam
217 1204 249 1260 et
256 1187 525 1260 abundantiorem
533 1193 774 1264 exaultationem
786 1195 1005 1288 habenugau·

10 1326 48 1368 es
66 1302 118 1368 de
140 1303 243 1394 Regis
261 1303 412 1380 adventu,
430 1303 702 1392 quemadmodum
718 1317 752 1405 ot
773 1305 876 1374 David
895 1308 974 1376 dicit
990 1331 1000 1373 a

10 1412 100 1476 nima
119 1433 201 1477 mea
220 1410 391 1496 exsultabit
405 1411 439 1479 in
454 1411 608 1490 Domino,
623 1413 902 1501 jucundabiturin
920 1415 1004 1484 salu-

10 1521 29 1584 »ἰ
41 1521 127 1608 ejus
147 1519 175 1586 ¹.
194 1521 264 1587 »Et
274 1533 405 1611 proptor
416 1520 479 1588 boc
492 1521 746 1618 Hierosolymam
758 1502 1004 1600 introeuntem,

10 1651 57 1696 res
70 1630 137 1717 qui
154 1642 251 1696 erant
261 1631 294 1696 in
305 1631 355 1696 via
367 1630 470 1698 David
481 1631 514 1698 in
525 1627 636 1699 dolore
647 1632 775 1708 animae,
787 1643 1006 1722 cognoverunt

10 1763 39 1804 m
54 1738 208 1829 Regem,
230 1751 263 1804 et
277 1739 518 1806 substraverunt
533 1739 562 1806 ei
579 1741 778 1816 vestimenta,
795 1752 828 1808 et
847 1743 942 1808 ramis
957 1745 1005 1806 vi-

10 1849 73 1913 bus
93 1848 344 1914 adornaverunt
360 1848 456 1926 riam,
475 1863 550 1916 oum
566 1869 680 1938 magna
696 1846 804 1916 laetitia
823 1861 856 1917 et
871 1847 1006 1915 exsulta·

10 1955 257 2024 reclamantes:
270 1957 455 2034 «Hosanna,
466 1955 511 2022 lili
524 1957 645 2024 David!
658 1957 847 2026 benedictus
858 1957 912 2047 qai
920 1960 1008 2026 venit

10 2069 167 2136 momine
181 2065 327 2136 Dominil
338 2067 486 2135 llosanna
497 2069 530 2133 in
541 2065 695 2135 excelsia²
707 2070 716 2132 l
729 2062 936 2135 »Zelantibus
948 2090 1004 2134 au·
1024 2089 1032 2104 ·

10 2176 133 2243 amalis
149 2175 438 2265 dispensatoribus,
454 2175 509 2263 qui
521 2175 814 2242 circumveniebant
829 2173 1006 2250 inferiores,

20 2285 277 2352 dominabantur
298 2305 412 2350 eorum
434 2283 551 2371 quibus
572 2269 653 2348 ratio
681 2303 745 2366 non
767 2285 951 2362 constabat,
975 2295 1010 2350 at

11 2403 95 2482 spter
114 2393 183 2462 boc
199 2390 383 2460 nolentibus
403 2392 526 2458 venisse
544 2387 677 2482 Regem,
700 2401 734 2456 et
752 2389 934 2460 dicentibus
948 2392 1014 2494 eit·

11 2501 97 2566 ludis
105 2501 184 2590 quid
195 2500 246 2568 isti
257 2495 391 2567 dicanti
400 2525 414 2560 a
424 2499 469 2565 ait
477 2499 652 2566 Dominus:
667 2497 861 2590 »Nunquam
868 2499 1006 2590 legistis:

12 2613 49 2676 llx
72 2633 127 2678 ore
146 2608 315 2678 infantium
332 2620 366 2674 et
383 2605 571 2676 lactentium
588 2605 749 2698 perfecisb'
767 2605 963 2674 laudem⁸ls
977 2609 1012 2674 id

12 2719 58 2784 lod
74 2743 92 2785 a
112 2721 217 2788 David
231 2721 264 2786 in
279 2716 397 2786 Filium
412 2717 470 2785 Dei
482 2715 609 2784 dictum
623 2728 705 2793 erat,
721 2717 754 2782 in
772 2739 806 2782 se
822 2716 943 2786 saetam
956 2740 1010 2782 os-

13 2829 118 2908 adens,
130 2844 166 2898 et
178 2827 372 2920 significans,
384 2825 455 2894 illoa
466 2827 596 2916 quidem
606 2824 730 2892 nescire
740 2825 891 2892 virtutem
902 2824 1010 2912 Scrip-

13 2961 51 3004 re
67 2953 99 3005 et
114 2937 443 3031 dispositionemttei,
464 2961 498 3004 se
520 2946 629 3002 autem
649 2953 718 3000 esse
737 2932 792 3020 qui
811 2931 1011 3022 aPropbetis
1068 2959 1074 2974 ·

14 3048 179 3115 inuntiatus
195 3049 235 3114 sit
246 3047 405 3123 Christus,
421 3039 516 3134 cujus
526 3063 644 3110 nomen
660 3041 792 3108 inomni
806 3053 890 3108 terra
904 3039 1013 3108 lauda·

14 3179 42 3226 rt
55 3179 92 3220 ex
106 3180 164 3222 ore
180 3155 348 3223 infantium
363 3166 397 3222 et
412 3151 599 3220 lactentium
614 3148 742 3216 laudem
756 3149 933 3239 perdicienti
954 3173 1011 3217 suo

14 3266 58 3330 uri
77 3289 85 3330 :
109 3277 306 3356 quapropter
322 3275 356 3332 et
373 3262 493 3331 elevata
512 3275 561 3328 est
579 3259 814 3351 magnificentia
831 3261 902 3350 ejus
918 3282 1014 3350 super

15 3371 83 3440 ulos.

25 3483 74 3547 lV.
92 3483 126 3552 Si
139 3509 215 3576 ergo
226 3484 311 3566 idem
324 3485 391 3574 ipse
401 3483 491 3550 adest
506 3483 560 3571 qui
572 3482 763 3573 predicatus
776 3494 826 3549 est
842 3506 859 3548 a
877 3479 1016 3572 Prophe-

16 3611 35 3664 s,
52 3589 133 3659 Deus
147 3593 303 3660 Dominus
323 3604 430 3658 noster
444 3590 539 3657 lesus
552 3590 713 3666 Christus,
729 3601 761 3656 ot
776 3589 930 3656 adventus
946 3591 1016 3676 ejus

16 3699 154 3770 leniorem
170 3705 304 3794 gratiam
320 3715 354 3770 et
368 3702 524 3791 majorem
540 3701 795 3768 munerationem
810 3700 954 3768 attribuit
969 3701 1018 3766 his

17 3807 40 3870 ui
51 3825 255 3902 susceperunt
266 3835 358 3885 eum;
376 3809 593 3886 manifestum,
609 3809 761 3900 quoniam
778 3821 811 3876 et
825 3807 919 3877 Pater
932 3809 1017 3876 idem
1151 3873 1154 3882 .

21 3930 99 3981 *tuat
112 3953 195 3999 sarar,
208 3956 233 4004 9.
246 3967 275 3978 -
286 3937 297 3974 ²
308 3938 398 3990 ldattb.
409 3953 462 3996 ιιι,
472 3953 497 4000 9.
512 3963 542 3976 -
554 3934 633 4010 libid.
648 3933 686 3984 ad.
