2516 4636
322 303 445 350 conraa
470 304 620 348 nnansss.
924 281 987 358 545

23 421 130 498 ropter
146 409 234 497 quod
246 431 355 476 rursus
367 411 547 478 convocetis
557 409 756 500 principibus
771 405 987 482 sacerdotum,

23 517 145 588 cialiter
158 519 271 586 Petrus
286 517 365 584 dixit
375 520 416 586 ed
426 541 500 584 eos:
517 518 697 608 «Principes
709 515 831 607 populi,
845 529 877 582 et
889 515 991 582 senio·

22 651 27 690 t
49 628 212 708 Israelitis,
233 631 259 696 si
277 652 335 696 nos
354 629 450 696 hodie
469 629 689 718 redarguimur
703 651 721 693 u
736 627 825 695 vohis
841 627 874 692 in
889 626 990 693 hene-

22 749 64 802 :to
83 740 221 806 hominis
240 739 371 815 inlirmi,
392 739 424 805 in
443 761 508 828 quo
524 739 577 804 hic
592 738 727 806 salvatus
742 749 806 810 este
826 735 990 825 cognitum

35 847 184 913 omuibus
200 847 301 924 vohis,
317 859 351 913 et
366 847 453 912 omni
465 842 584 935 populo
595 844 705 922 lsrael,
721 846 873 934 quoniam
888 844 921 912 in
936 866 992 909 no-

21 977 67 1020 ne
82 955 159 1022 Jesu
172 956 289 1024 Christi
303 956 469 1032 Nazareni,
487 977 583 1043 quem
599 978 654 1020 vos
667 953 879 1028 crucifixistis,
895 974 992 1041 quem

21 1083 67 1125 sus
85 1061 234 1128 excitavit
248 1085 266 1126 e
282 1062 428 1138 mortuis,
449 1061 482 1127 in
500 1061 564 1129 hoc
578 1061 631 1128 hic
645 1060 749 1126 udstut
769 1060 801 1126 iu
817 1071 992 1148 conspectu

21 1178 86 1233 stro
102 1191 208 1238 senus.
225 1169 286 1236 Hic
301 1182 348 1236 est
368 1169 445 1258 lupis
465 1181 589 1257 spretus
608 1189 625 1237 e
642 1167 731 1234 vobis
748 1167 991 1242 aedilicantihus,

20 1278 37 1341 ii
51 1277 152 1343 sactus
163 1290 211 1344 est
224 1278 256 1343 in
267 1289 363 1367 euput
375 1275 480 1366 anguli
489 1275 511 1340 ¹.
523 1277 563 1342 Et
571 1299 637 1342 non
648 1287 696 1340 est
708 1273 793 1341 aliud
806 1295 922 1340 nomen
933 1276 992 1340 suh

20 1382 77 1459 elo,
94 1384 182 1471 quod
196 1385 306 1452 datum
322 1385 362 1450 sit
378 1383 574 1460 hominibus,
595 1383 627 1448 in
644 1406 709 1471 quo
723 1393 868 1471 oporteat
883 1379 994 1448 salvari

20 1515 40 1556 s
51 1491 73 1556 ².
89 1521 102 1553 ι
125 1491 179 1558 Sic
197 1491 340 1580 Apostoli
360 1515 425 1562 non
443 1492 547 1558 Deum
563 1494 744 1568 mutabunt,
759 1491 816 1572 sed
832 1490 995 1556 Christum

19 1600 188 1668 untiehent
206 1599 325 1690 populo
342 1623 413 1666 esse
432 1601 543 1668 lesum
563 1601 617 1688 qui
634 1600 804 1668 crucifixus
819 1610 880 1674 est,
899 1621 996 1686 quem

19 1733 39 1776 ts
55 1711 215 1778 excitavit.
238 1711 302 1790 Qui
322 1710 495 1799 Prophetas
512 1711 610 1786 misit,
630 1711 715 1778 idem
730 1711 817 1777 Deus
834 1709 994 1784 excitavit,

19 1818 140 1886 alutem
156 1819 188 1886 iu
203 1843 243 1886 eo
258 1820 346 1886 dedit
360 1819 552 1888 hominihus.

18 1928 134 1994 loulusi
164 1929 260 2017 igitur
289 1939 321 1994 et
340 1951 399 2018 per
429 1929 628 1996 curationem
661 1931 871 2016 (annuorum
893 1929 992 2004 euim,

18 2038 91 2125 ,quit
105 2037 284 2128 Scriptum,
296 2036 465 2126 plusquam
476 2038 683 2127 quadraginta
695 2051 764 2105 erat
773 2038 871 2104 homo
885 2039 916 2104 in
929 2061 992 2125 quo

18 2155 107 2210 ctum
118 2158 167 2212 est
178 2145 311 2234 siguum¹
322 2145 513 2212 curutiouis⁸
527 2149 577 2236 s),
596 2157 628 2212 et
642 2170 699 2236 per
717 2145 894 2213 doctrinam
911 2146 995 2234 Apo-

19 2275 127 2329 orum,
145 2265 177 2318 et
199 2251 432 2342 Prophetarum
447 2253 689 2343 expositionem,
705 2276 780 2322 cum
800 2254 993 2322 remisissent

17 2363 75 2428 imi
96 2362 276 2430 secerdotes
297 2362 428 2430 Petrum
449 2375 482 2430 et
504 2364 674 2440 Joenuem,
695 2375 729 2429 et
751 2365 868 2430 reversi
887 2375 993 2430 essent

18 2471 157 2561 reliquos
179 2472 390 2563 coapostolos,
413 2487 446 2540 et
467 2472 639 2565 discipulos
662 2473 802 2549 Domini,
822 2473 934 2548 idest,
958 2475 991 2539 iu

17 2577 147 2658 derium,
170 2593 202 2648 ot
220 2594 418 2650 enarrassent
436 2603 506 2672 quse
525 2583 651 2650 luerunt
669 2583 764 2660 lucta,
786 2595 821 2649 et
843 2585 993 2670 quemad·

17 2690 91 2756 dum
106 2689 296 2757 fiducialiter
310 2691 446 2780 egissent
461 2692 494 2757 iu
510 2692 639 2758 nomine
654 2691 732 2756 Jesu
749 2713 758 2756 ε
781 2689 991 2765 «Audientes,

17 2799 100 2886 quit,
128 2809 193 2867 tota
223 2797 378 2875 Ecclesia,
407 2799 571 2865 unanimes
597 2796 779 2864 extulerunt
809 2820 922 2864 vocem
950 2798 992 2863 ad

17 2931 102 2985 eum,
122 2921 155 2976 et
174 2910 349 2975 dixerunt:
371 2908 521 2983 Domine,
538 2919 573 2972 tu
589 2931 622 2974 es
638 2908 723 2972 Deus
742 2908 796 2996 qui
815 2907 915 2974 iecisti
932 2931 994 2976 οω-

21 3041 68 3090 m,
85 3028 118 3081 et
136 3027 268 3092 terram,
288 3029 321 3081 et
340 3038 440 3090 mure,
462 3028 494 3080 et
514 3015 618 3082 omnia
635 3039 705 3103 quae
720 3017 753 3082 ia
771 3017 817 3082 eis
831 3029 918 3094 sunt,
938 3019 992 3104 qui

17 3149 44 3190 sr
60 3123 213 3213 Spiritum
229 3136 388 3200 sanctum,
401 3148 456 3192 ore
468 3123 569 3192 David
584 3126 681 3215 petris
696 3127 809 3204 nostri,
825 3129 916 3217 pueri
932 3130 991 3204 tui,

17 3232 94 3298 lxisti
107 3255 114 3296 :
129 3231 237 3312 Quure
252 3231 450 3302 fremuerunt
461 3247 584 3324 gentes,
596 3249 628 3301 et
639 3235 749 3326 populi
761 3237 903 3303 meditati
920 3251 994 3306 sunt

17 3341 119 3408 rania?
137 3342 336 3410 Adstiterunt
351 3367 440 3433 reges
462 3357 566 3421 terrae,
586 3358 618 3410 et
633 3346 791 3435 principes
811 3349 992 3437 congregati

16 3452 110 3518 tutin
127 3474 227 3520 unum
249 3453 398 3520 adversus
414 3454 601 3532 Dominum,
616 3469 649 3522 et
663 3456 813 3524 adversus
830 3457 993 3524 Christum

17 3561 84 3628 us&
98 3561 322 3630 Convenerunt
330 3565 415 3630 enim
424 3587 497 3632 vere
504 3566 535 3632 in
544 3565 605 3632 huc
614 3567 739 3632 civitate
745 3567 992 3656 adversussanc·

17 3695 58 3736 tm
71 3669 187 3738 Filium
202 3682 294 3738 tuum
308 3672 432 3748 Jesum,
446 3697 543 3761 quem
559 3675 685 3748 unxisti,
706 3676 847 3741 llerodcs
865 3687 897 3742 et
913 3676 993 3743 Pon·
1032 3757 1036 3774 ¹

17 3805 51 3846 us
66 3779 195 3858 Pilatus,
212 3805 286 3850 cum
302 3782 474 3864 Gentibus·
486 3795 517 3850 ct
531 3781 655 3874 populis
671 3783 779 3861 lsrael,
794 3785 896 3853 luceru
908 3810 992 3873 qun-

17 3913 77 3961 l'sal.
90 3929 167 3972 extri,
181 3930 218 3964 υ.
230 3913 338 3964 -2dct.
350 3915 445 3974 rudet
457 3916 657 3982 seqq.-³1ht'd.
671 3935 709 3966 υ.
719 3919 766 3954 -l
778 3917 842 3968 l‘sal.
857 3937 884 3978 rt,
900 3935 920 3976 r,
935 3935 956 3967 2.
