2688 4626
264 259 323 324 188
559 273 672 320 sanent
694 271 816 316 rusruu
839 257 997 314 uunrms'

341 431 348 444 .
372 429 378 442 .
401 428 408 443 .
426 379 437 444 ’.
458 384 525 446 Nou
537 381 690 462 Demipse
703 377 775 440 mihi
788 375 812 438 ci
823 376 963 458 spondeat
973 388 1075 436 auctor

341 489 497 550 Facturum
510 480 638 544 abatem
645 478 780 556 juvenem
791 475 896 536 florere
905 487 1025 534 senecta

263 603 344 674 Nam
363 625 539 692 pronomen
559 603 643 690 ipae,
665 622 741 668 eum
764 598 819 686 qui
840 619 914 667 veto
932 607 1000 672 eet,
1013 595 1178 692 'designat
1196 589 1291 656 Danu
1332 597 1333 610 ,

261 709 352 780 ldom
372 710 458 778 enim
476 721 509 776 et
531 705 609 776 illud
633 705 673 770 de
690 702 847 772 Chaldaeie
865 715 898 768 ct
916 701 1058 772 Hebraeis
1071 699 1214 768 editum
1227 699 1292 762 voli

262 816 428 886 oraculum
454 815 603 886 declarat.
632 811 818 885 Consulenti
842 813 928 882 enim
955 811 1086 880 cuidam
1111 807 1293 897 quidum

261 926 446 996 homiuibus
468 925 527 1016 piia
546 929 621 994 esao'
636 923 829 1012 contigisset.
854 921 896 989 iu
917 917 1085 988 oraculum
1104 917 1295 1007 respondim-

263 1035 389 1104 dicitio:
1330 1060 1332 1097 t

342 1172 405 1233 Soli
417 1173 545 1234 Chnldtei
556 1175 727 1254 sapientiam
740 1171 850 1244 sortiti,
860 1183 948 1248 atque
958 1170 1045 1228 etiam
1058 1166 1204 1237 Hebraei,

344 1276 454 1350 Regem
465 1291 502 1330 ex
515 1291 546 1331 ae
560 1273 688 1352 genitum
699 1269 825 1330 colentes
838 1272 933 1328 Deum
946 1268 1051 1348 ipsum.

309 1407 414 1476 XXV.
435 1410 605 1488 Quomodo
620 1412 716 1500 igitur
730 1411 905 1480 Homerum
920 1409 1081 1496 vituperat
1092 1403 1208 1476 Pluto.
1222 1400 1291 1489 quod

267 1515 343 1586 deos
357 1515 510 1584 flexibiles
528 1540 596 1584 eece
612 1518 739 1594 dixerit,
756 1539 831 1584 cum
851 1517 883 1581 id
902 1517 1062 1583 Homerus
1080 1536 1154 1581 non
1170 1511 1236 1576 sim
1248 1531 1289 1572 re

267 1625 354 1692 tione
365 1623 491 1700 dixerit,
508 1635 543 1689 ut
554 1647 594 1690 en
603 1625 678 1714 ipsis
691 1624 794 1690 verbis
805 1623 1019 1714 perspicitur?
1033 1618 1285 1710 Propriuneniur

266 1745 315 1802 est
333 1757 445 1802 eorum
464 1735 519 1824 qui
538 1735 685 1825 precibus
704 1746 737 1800 et
755 1734 889 1807 victimis
908 1730 1167 1804 misericottlhm
1185 1749 1277 1794 W*

268 1843 322 1933 qui
337 1842 459 1920 volunt,
479 1820 622 1908 desinere
640 1855 673 1910 et
691 1843 875 1932 poenitentia
895 1840 1003 1910 eluere
1022 1863 1096 1929 qum
1113 1845 1272 1928 pomai-

269 1954 333 2036 Qui
351 1965 459 2026 autem
478 1953 621 2020 divinum
639 1975 757 2020 numen
776 1950 915 2024 flexibile
934 1969 1001 2019 non
1018 1973 1092 2020 cccc
1104 1949 1280 2018 existiman,

267 2083 469 2152 nequaqum
480 2085 496 2127 u
509 2063 646 2152 peccatis
658 2063 820 2130 discedere
833 2061 941 2139 velint,
959 2073 995 2127 ut
1010 2062 1067 2152 qui
1082 2057 1281 2154 paenitentiam

269 2169 347 2238 nihil
362 2172 421 2238 sibi
436 2171 633 2262 profuturam
647 2185 770 2262 putent.
794 2172 964 2254 Quomodo
984 2171 1082 2262 igitur
1092 2165 1282 2262 philosophus

269 2275 370 2354 Pluto,
387 2301 461 2354 cum
471 2292 599 2367 poetam
615 2280 792 2352 llomcrum
802 2279 980 2352 Metelites
997 2281 1051 2345 dii
1063 2296 1089 2344 ct
1102 2278 1158 2368 ἱροί
1172 2273 1275 2340 dioen-
1330 2261 1332 2338 l

272 2398 338 2454 tem
354 2387 624 2468 condemnaverit,
641 2391 707 2480 ipse
725 2386 872 2479 opificem
887 2388 1024 2456 deorum
1040 2401 1102 2454 tam
1113 2382 1196 2452 tote
1206 2405 1278 2446 mu-

179 2579 185 2592 *
272 2493 400 2562 rabilem
426 2495 561 2574 inducit,
588 2511 624 2562 ut
649 2521 735 2564 nunc
764 2499 838 2563 deos
864 2496 1027 2574 mortales,
1061 2517 1144 2562 nunc
1165 2490 1279 2560 eoadem
1330 2463 1332 2514 l

273 2602 466 2671 immortales
481 2605 670 2674 esse‘dicnt
686 2607 803 2673 Necdo
814 2605 872 2672 diis
883 2605 1000 2682 solum,
1012 2606 1174 2672 sedetiam
1184 2601 1278 2668 de}
1327 2643 1331 2688 p

276 2711 371 2786 teria,
391 2735 430 2776 ex
454 2733 516 2799 qna
536 2735 665 2780 necesse
686 2725 734 2780 est
753 2713 853 2780 factos
872 2735 941 2782 esce
963 2737 1043 2803 quoa
1063 2713 1208 2782 conditos
1222 2710 1280 2774 deos

273 2819 421 2908 appellat,
445 2842 531 2887 nuuc
551 2821 702 2910 genitum,
723 2843 811 2892 nunc
832 2821 1004 2932 Quium
1027 2845 1097 2890 esse
1119 2822 1212 2894 dictu
1233 2839 1280 2882 Μ
1330 2855 1332 2908 t

274 2927 526 2995 animadvertens
544 2951 578 2996 se
598 2930 672 3018 ipsis
692 2927 752 2995 illis
771 2951 841 3016 queo
861 2927 893 2996 in
914 2931 1053 2998 Homero
1077 2926 1278 3020 reprehendo.

272 3032 471 3132 implicatum
489 3035 602 3113 teneri,
621 3037 728 3131 utpi
744 3035 893 3128 opificem
910 3038 1042 3115 deorum
1062 3052 1130 3104 tam
1147 3031 1284 3106 ficiledi-
1330 3051 1332 3114 t

274 3150 334 3210 cat'
340 3143 514 3219 immutari,
530 3167 605 3210 cum
620 3144 660 3210 de
671 3167 710 3210 eo
725 3145 881 3212 Homerus
893 3147 1051 3217 contraria
1066 3146 1195 3214 dixerit.
1214 3141 1288 3212 lllum

274 3251 361 3320 euim
375 3251 497 3321 inducit
511 3251 582 3320 haec
597 3253 636 3320 de
652 3253 753 3342 seipso
769 3254 946 3321 dicentem:

275 3397 342 3455 Nou
353 3393 431 3455 cuim
444 3411 540 3452 mcum
551 3391 715 3454 revocabile
726 3406 784 3468 est,
795 3407 845 3453 aut
857 3393 945 3454 fallax
1017 3421 1034 3443 ·-

277 3499 336 3553 Aut
345 3493 461 3556 irritum
471 3505 501 3553 et
510 3493 657 3568 intectum,
667 3491 809 3574 quidquid
819 3493 914 3574 capite
925 3511 1094 3576 anulumero.
1105 3493 1195 3551 suad.
1202 3487 1293 3568 udat

278 3621 342 3715 Sed
356 3621 426 3690 hmo
440 3623 571 3711 quidem
584 3623 711 3702 invitus,
729 3635 764 3692 ut
777 3622 944 3694 verisimile
954 3635 1019 3700 est,
1031 3621 1134 3702 Plato,
1147 3645 1229 3692 cum
1244 3619 1295 3712 plu·

279 3730 362 3796 rium
380 3729 513 3800 deorum
532 3731 670 3802 cultores
691 3746 860 3811 metueret,
883 3734 1020 3803 nunde
1041 3733 1081 3799 de
1103 3733 1163 3800 diis
1181 3733 1296 3799 videtur

280 3838 470 3907 disseruisse.
490 3839 708 3934 Quaecumque
722 3857 829 3912 autem
845 3867 863 3912 a
878 3843 963 3912 Mose
974 3839 1182 3933 etProphetia
1192 3842 1238 3910 de
1251 3842 1295 3909 sin·
