2636 4648
245 325 305 390 552
565 347 678 392 siscrr
703 347 815 392 sensas
840 349 899 392 ιιι.
927 349 958 391 rr

241 454 386 544 indignos
404 453 535 543 quidem
553 475 732 520 convocans
753 465 884 542 propter
898 455 1075 520 immensum
1086 456 1206 547 benignita·

241 579 323 638 tem:
342 585 396 630 eos
414 585 487 630 vero
500 563 555 651 qui
575 563 741 630 oonvoesti
756 575 830 630 sunt
845 563 1014 653 inspiciens
1033 566 1055 630 si
1074 571 1207 635 merenies

241 673 380 740 habessit
396 673 631 749 indumentum,
647 685 681 739 ot
697 695 875 763 congruens
891 674 1010 763 nuptiis
1024 673 1087 740 Filii
1100 680 1153 741 sui:
1166 703 1210 766 qus

240 785 325 851 niam
337 781 415 850 nihii
432 783 660 850 inconveniens
675 805 779 872 neque
795 781 915 849 malum
930 781 1036 873 pisoat
1047 783 1083 849 ei
1104 785 1212 864 Qnemd

242 893 372 960 modum
384 892 540 960 Dominus
550 892 630 958 dixit
645 893 675 958 ei
690 893 744 981 qui
760 904 889 959 curatus
904 893 1028 959 iuerat:
1046 895 1146 970 «Erae,
1158 919 1214 962 sinu

242 1003 370 1070 »iaetus
384 1024 440 1068 ess
458 1003 525 1090 iam
541 998 607 1067 uoii
621 1021 771 1091 peecare,
788 1000 920 1092 nequid
936 1002 1073 1068 deterius
1083 1003 1212 1068 iiiito..

244 1113 307 1193 Qui
317 1112 404 1178 enim
416 1123 465 1178 est
476 1111 595 1187 Mnus,
611 1123 644 1177 et
658 1109 774 1200 justus,
786 1123 818 1177 et
830 1110 985 1188 mamdus,
1002 1111 1216 1188 aimmeirins,

241 1244 344 1310 neque
361 1219 483 1288 maium
503 1217 637 1308 aliquid,
655 1241 761 1308 neque
780 1220 949 1309 injustum,
971 1243 1072 1309 neque
1089 1223 1217 1288 mannen

238 1333 318 1426 'dum
333 1332 367 1397 in
383 1354 440 1397 suo
457 1328 594 1420 sponsali
610 1327 751 1396 thalamo
766 1329 945 1397 sustinebit.
966 1328 1023 1397 Est
1037 1317 1133 1396 antem
1143 1330 1219 1396 ucis

238 1454 289 1507 ter
311 1439 440 1509 Domini
463 1440 576 1516 nostri,
601 1439 694 1527 eujus
712 1438 910 1528 providentia
931 1451 1078 1506 constant
1098 1441 1187 1514 omnir,
1202 1453 1218 1502 u

240 1551 329 1640 jussu
348 1547 612 1616 administrantur
631 1546 736 1613 omnia
754 1569 763 1610 ε
781 1556 815 1614 et
833 1547 974 1637 gratuito
993 1547 1114 1636 quidem
1127 1547 1220 1614 donuir

240 1685 321 1754 quos
332 1672 476 1751 oportetr
493 1658 672 1724 secundum
686 1667 794 1722 autom
810 1659 964 1724 meritum
980 1658 1150 1748 dignissime
1161 1657 1221 1721 distri

241 1769 312 1838 lr'uit
327 1771 477 1836 adversus
493 1768 633 1858 ingratos
643 1777 677 1832 et
691 1789 756 1832 non
771 1767 943 1833 sentientes
953 1767 1165 1858 benignitatem
1174 1767 1221 1853 eju,

240 1879 430 1971 justissimus
449 1877 649 1943 retributor:
670 1887 704 1940 et
722 1886 890 1964 propterea
907 1876 951 1941 ait
967 1899 977 1940 s
995 1875 1138 1943 «Mittens
1152 1875 1223 1940 eura}

240 2021 256 2054 s
268 2004 319 2058 tus
338 2013 412 2056 suos
431 1983 571 2078 perdidit
585 1984 805 2052 interfectores
821 1985 903 2062 ilios,
924 1999 957 2051 et
980 1985 1222 2054 civitatemiiiorm

243 2130 255 2165 s
270 2101 412 2168 incendit
422 2097 444 2165 ².
461 2127 474 2162 s
487 2096 673 2164 Exercitum
686 2107 795 2163 eutem
805 2097 874 2185 ejus
886 2097 1005 2185 inquit,
1022 2098 1094 2187 quia
1104 2097 1223 2163 omissio

241 2210 342 2277 mines
352 2210 433 2276 Dei:
452 2205 605 2275 «Domini
615 2189 763 2271 eaim'est
773 2216 913 2280 terra,et
922 2205 1090 2293 plenitudo
1100 2208 1167 2294 ejus,
1175 2205 1224 2270 orii

239 2329 436 2390 werrarum,
452 2326 485 2380 et
500 2335 612 2382 omnes
628 2315 682 2403 qui
698 2312 842 2380 hubitant
853 2313 884 2378 in
900 2312 970 2380 ου’.
988 2343 1005 2378 s
1016 2317 1057 2383 Et
1071 2313 1222 2404 propterios

168 2465 171 2474 ‹
238 2423 353 2492 Paulus
368 2421 538 2514 Apostolus
556 2423 591 2489 in
609 2445 646 2488 ea
663 2420 794 2512 epistole
811 2443 881 2509 quse
900 2423 1011 2490 estad
1033 2424 1174 2491 Romanos
1187 2423 1224 2485 rit:

248 2531 344 2600 «Non
356 2534 443 2600 enim
458 2544 505 2598 est
516 2542 655 2622 potestas
667 2531 726 2596 nisi
738 2551 756 2596 a
769 2529 847 2597 Dee.
864 2530 944 2610 Ques
954 2544 1068 2600 autem
1080 2544 1178 2606 sunta
1189 2529 1226 2594 lte

240 2645 423 2712 »ordinate
446 2654 531 2710 sunt.
554 2641 666 2729 ltaque
684 2639 739 2730 qui
757 2639 873 2706 resistit
889 2643 1058 2729 potestati,
1078 2642 1132 2710 Dei
1151 2637 1227 2706 ordis*

242 2755 347 2822 stioni
363 2755 501 2822 resistit:
519 2753 574 2842 qui
589 2762 698 2818 autem
714 2751 876 2828 resistunt,
894 2751 951 2840 ipsi
968 2747 1228 2820 damnationemsii

241 2865 451 2954 »acquirunt
472 2861 635 2950 Principes
655 2861 742 2926 enim
762 2883 827 2927 non
850 2872 924 2928 sunt
946 2863 1055 2928 timori
1076 2863 1154 2928 bono
1167 2857 1228 2948 operi.

241 2973 324 3041 used
340 2953 435 3040 maio.
452 2971 508 3039 Vis
520 2984 626 3038 autem
640 2991 706 3036 non
723 2952 837 3036 timere
848 2971 1064 3058 potestatem?
1078 2972 1186 3037 Bonnn
1196 2967 1230 3030 ix.

242 3093 302 3150 set
315 3081 448 3150 habebis
463 3079 591 3148 laudem
606 3099 645 3145 ex
663 3101 700 3144 ea
720 3100 729 3143 τ
755 3079 813 3144 Dei
832 3079 918 3145 enim
934 3079 1082 3145 minister
1099 3089 1144 3146 ast
1157 3071 1230 3143 sitit

242 3223 258 3256 r
269 3195 401 3262 bonum.
416 3191 450 3259 si
462 3203 572 3259 autem
584 3189 800 3266 malefeceris,
812 3189 901 3256 time.
921 3187 992 3257 Non
1007 3191 1096 3257 enim
1107 3190 1166 3256 sine
1175 3205 1231 3254 cast

242 3333 256 3367 ι
269 3303 411 3394 gladium
420 3315 536 3394 portat.
555 3301 615 3369 Dei
626 3302 713 3370 enim
728 3300 872 3366 minister
886 3314 949 3377 est,
968 3303 1084 3369 vindex
1099 3303 1130 3368 in
1148 3293 1233 3366 inni

243 3415 327 3503 equi
351 3409 472 3481 malum
493 3412 567 3502 agit.
599 3411 740 3498 ideoque
765 3409 1039 3498 subjectionem,
1064 3435 1128 3477 non
1152 3419 1234 3474 tantna

242 3536 402 3613 »propter
419 3523 513 3598 iram,
534 3521 590 3587 sed
610 3532 643 3586 et
661 3529 791 3610 propter
810 3521 1049 3588 conscientium.
1070 3517 1234 3610 Propteriot

243 3633 357 3700 »enim
374 3646 407 3699 et
427 3632 547 3698 tributa
564 3629 701 3719 penditis
719 3651 729 3694 ε
750 3628 885 3697 ministri
903 3629 991 3696 enim
1006 3629 1067 3697 Dei
1082 3641 1151 3695 sunt
1163 3623 1234 3691 inbot

244 3745 375 3834 »ipsum
396 3743 566 3811 servientes
576 3739 626 3806 ’.ι
647 3739 712 3807 Sed
732 3750 765 3804 et
783 3737 938 3806 Dominus
959 3737 1057 3828 igitur
1080 3749 1113 3806 et
1135 3729 1234 3825 tipostti

277 3890 286 3924 ¹
299 3889 372 3939 ioan.
385 3905 411 3951 a,
426 3889 463 3950 ri.
483 3917 513 3930 -
527 3889 538 3926 ²
551 3892 642 3942 Mettis.
656 3905 718 3948 xxii,
732 3907 753 3956 7.
767 3889 816 3930 -⁸
827 3889 889 3942 Paul.
906 3905 978 3950 nur,
993 3907 1013 3940 r.
1032 3919 1062 3930 -
1080 3890 1089 3925 ⁵
1105 3891 1169 3940 Rom.
1185 3902 1232 3935 snut

245 3981 268 4022 et
281 3989 353 4038 seqq.
