<?xml version="1.0" encoding="UTF-8"?>
<!DOCTYPE html PUBLIC "-//W3C//DTD XHTML 1.0 Transitional//EN"
    "http://www.w3.org/TR/xhtml1/DTD/xhtml1-transitional.dtd">
<html xmlns="http://www.w3.org/1999/xhtml" xml:lang="en" lang="en">
 <head>
  <title>
</title>
<meta http-equiv="Content-Type" content="text/html;charset=utf-8" />
  <meta name='ocr-system' content='tesseract 3.04.00' />
  <meta name='ocr-capabilities' content='ocr_page ocr_carea ocr_par ocr_line ocrx_word'/>
</head>
<body>
  <div class='ocr_page' id='page_1' title='image "./collectioselect02guilgoog_0256.png"; bbox 0 0 2688 4626; ppageno 0'>
   <div class='ocr_carea' id='block_1_1' title="bbox 460 203 1109 287">
    <p class='ocr_par' dir='ltr' id='par_1_1' title="bbox 460 203 1109 287">
     <span class='ocr_line' id='line_1_1' title="bbox 460 203 1109 287; baseline -0.014 -13"><span class='ocrx_word' id='word_1_1' title='bbox 460 229 612 275; x_wconf 79' lang='lat' dir='ltr'>tootocu</span> <span class='ocrx_word' id='word_1_2' title='bbox 635 227 740 273; x_wconf 76' lang='lat' dir='ltr'>rmus.</span> <span class='ocrx_word' id='word_1_3' title='bbox 1048 203 1109 287; x_wconf 69' lang='lat'>¹47</span> 
     </span>
    </p>
   </div>
   <div class='ocr_carea' id='block_1_2' title="bbox 79 327 1187 3882">
    <p class='ocr_par' dir='ltr' id='par_1_2' title="bbox 79 327 1187 1934">
     <span class='ocr_line' id='line_1_2' title="bbox 124 327 1113 426; baseline -0.005 -25"><span class='ocrx_word' id='word_1_4' title='bbox 124 331 225 402; x_wconf 81' lang='lat' dir='ltr'><strong>XLV.</strong></span> <span class='ocrx_word' id='word_1_5' title='bbox 249 333 348 414; x_wconf 86' lang='lat' dir='ltr'>Quod</span> <span class='ocrx_word' id='word_1_6' title='bbox 365 348 474 403; x_wconf 83' lang='lat' dir='ltr'>sutem</span> <span class='ocrx_word' id='word_1_7' title='bbox 487 359 604 426; x_wconf 80' lang='lat' dir='ltr'>peretto</span> <span class='ocrx_word' id='word_1_8' title='bbox 618 335 839 402; x_wconf 74' lang='lat' dir='ltr'>universorum</span> <span class='ocrx_word' id='word_1_9' title='bbox 850 333 940 400; x_wconf 77' lang='lat' dir='ltr'>usu</span> <span class='ocrx_word' id='word_1_10' title='bbox 954 327 1113 398; x_wconf 74' lang='lat' dir='ltr'>emtum</span> 
     </span>
     <span class='ocr_line' id='line_1_3' title="bbox 79 437 1116 519; baseline 0.001 -18"><span class='ocrx_word' id='word_1_11' title='bbox 79 439 113 503; x_wconf 88' lang='lat' dir='ltr'>in</span> <span class='ocrx_word' id='word_1_12' title='bbox 128 437 254 509; x_wconf 84' lang='lat' dir='ltr'>coeium</span> <span class='ocrx_word' id='word_1_13' title='bbox 269 455 438 510; x_wconf 73' lang='lat' dir='ltr'>evecturus</span> <span class='ocrx_word' id='word_1_14' title='bbox 453 455 539 519; x_wconf 80' lang='lat' dir='ltr'>eret,</span> <span class='ocrx_word' id='word_1_15' title='bbox 554 463 632 510; x_wconf 88' lang='lat' dir='ltr'>cum</span> <span class='ocrx_word' id='word_1_16' title='bbox 648 465 725 508; x_wconf 84' lang='lat' dir='ltr'>eum</span> <span class='ocrx_word' id='word_1_17' title='bbox 737 463 779 508; x_wconf 83' lang='lat' dir='ltr'>cx</span> <span class='ocrx_word' id='word_1_18' title='bbox 791 439 927 508; x_wconf 77' lang='lat' dir='ltr'><strong>mortuis</strong></span> <span class='ocrx_word' id='word_1_19' title='bbox 941 437 1116 511; x_wconf 69' lang='lat' dir='ltr'>excitasset,</span> 
     </span>
     <span class='ocr_line' id='line_1_4' title="bbox 79 545 1119 640; baseline -0.001 -31"><span class='ocrx_word' id='word_1_20' title='bbox 79 545 194 634; x_wconf 85' lang='lat' dir='ltr'>ibique</span> <span class='ocrx_word' id='word_1_21' title='bbox 209 560 393 616; x_wconf 85' lang='lat' dir='ltr'>retenturus</span> <span class='ocrx_word' id='word_1_22' title='bbox 408 550 512 617; x_wconf 88' lang='lat' dir='ltr'>donec</span> <span class='ocrx_word' id='word_1_23' title='bbox 521 550 681 640; x_wconf 79' lang='lat' dir='ltr'>percutiet</span> <span class='ocrx_word' id='word_1_24' title='bbox 694 549 839 616; x_wconf 87' lang='lat' dir='ltr'>inimicos</span> <span class='ocrx_word' id='word_1_25' title='bbox 848 549 878 612; x_wconf 91' lang='lat' dir='ltr'>ei</span> <span class='ocrx_word' id='word_1_26' title='bbox 892 545 1066 619; x_wconf 65' lang='lat' dir='ltr'>demones,</span> <span class='ocrx_word' id='word_1_27' title='bbox 1080 564 1119 608; x_wconf 82' lang='lat' dir='ltr'>sc</span> 
     </span>
     <span class='ocr_line' id='line_1_5' title="bbox 82 649 1121 746; baseline 0.001 -31"><span class='ocrx_word' id='word_1_28' title='bbox 82 675 246 722; x_wconf 85' lang='lat' dir='ltr'>numerus</span> <span class='ocrx_word' id='word_1_29' title='bbox 260 657 524 746; x_wconf 72' lang='lat' dir='ltr'>precognitomm</span> <span class='ocrx_word' id='word_1_30' title='bbox 543 659 583 724; x_wconf 75' lang='lat' dir='ltr'>ab</span> <span class='ocrx_word' id='word_1_31' title='bbox 598 680 638 724; x_wconf 92' lang='lat' dir='ltr'>eo</span> <span class='ocrx_word' id='word_1_32' title='bbox 652 657 811 723; x_wconf 84' lang='lat' dir='ltr'>bonorum</span> <span class='ocrx_word' id='word_1_33' title='bbox 828 666 862 720; x_wconf 92' lang='lat' dir='ltr'>et</span> <span class='ocrx_word' id='word_1_34' title='bbox 875 655 992 720; x_wconf 83' lang='lat' dir='ltr'>virtute</span> <span class='ocrx_word' id='word_1_35' title='bbox 1005 649 1121 740; x_wconf 79' lang='lat' dir='ltr'>predi-</span> 
     </span>
     <span class='ocr_line' id='line_1_6' title="bbox 86 762 1123 857; baseline 0.002 -31"><span class='ocrx_word' id='word_1_36' title='bbox 86 773 202 828; x_wconf 88' lang='lat' dir='ltr'>torum</span> <span class='ocrx_word' id='word_1_37' title='bbox 217 762 392 853; x_wconf 77' lang='lat' dir='ltr'>expleatur,</span> <span class='ocrx_word' id='word_1_38' title='bbox 408 779 538 857; x_wconf 84' lang='lat' dir='ltr'>propter</span> <span class='ocrx_word' id='word_1_39' title='bbox 552 781 631 856; x_wconf 88' lang='lat' dir='ltr'>quos</span> <span class='ocrx_word' id='word_1_40' title='bbox 645 767 742 832; x_wconf 84' lang='lat' dir='ltr'>etism</span> <span class='ocrx_word' id='word_1_41' title='bbox 752 764 1035 854; x_wconf 75' lang='lat' dir='ltr'>coniiegrstionem</span> <span class='ocrx_word' id='word_1_42' title='bbox 1044 782 1123 828; x_wconf 86' lang='lat' dir='ltr'>uou-</span> 
     </span>
     <span class='ocr_line' id='line_1_7' title="bbox 89 869 1123 965; baseline -0.002 -31"><span class='ocrx_word' id='word_1_43' title='bbox 89 869 173 935; x_wconf 92' lang='lat' dir='ltr'>dum</span> <span class='ocrx_word' id='word_1_44' title='bbox 196 871 336 946; x_wconf 75' lang='lat' dir='ltr'>induxitt</span> <span class='ocrx_word' id='word_1_45' title='bbox 359 875 466 940; x_wconf 77' lang='lat' dir='ltr'>audite</span> <span class='ocrx_word' id='word_1_46' title='bbox 485 875 648 965; x_wconf 75' lang='lat' dir='ltr'>prophete</span> <span class='ocrx_word' id='word_1_47' title='bbox 667 873 795 940; x_wconf 79' lang='lat' dir='ltr'>lisvidis</span> <span class='ocrx_word' id='word_1_48' title='bbox 818 874 928 947; x_wconf 80' lang='lat' dir='ltr'>verbs,</span> <span class='ocrx_word' id='word_1_49' title='bbox 953 893 1025 962; x_wconf 77' lang='lat' dir='ltr'>quse</span> <span class='ocrx_word' id='word_1_50' title='bbox 1047 878 1123 934; x_wconf 84' lang='lat' dir='ltr'>sunt</span> 
     </span>
     <span class='ocr_line' id='line_1_8' title="bbox 88 975 1122 1064; baseline 0 -22"><span class='ocrx_word' id='word_1_51' title='bbox 88 979 255 1064; x_wconf 89' lang='lat' dir='ltr'>ejusmodi</span> <span class='ocrx_word' id='word_1_52' title='bbox 270 1004 280 1046; x_wconf 74' lang='grc' dir='ltr'><strong><em>ε</em></strong></span> <span class='ocrx_word' id='word_1_53' title='bbox 295 983 404 1048; x_wconf 79' lang='lat' dir='ltr'>«Dixit</span> <span class='ocrx_word' id='word_1_54' title='bbox 418 983 571 1050; x_wconf 80' lang='lat' dir='ltr'><strong>Dominus</strong></span> <span class='ocrx_word' id='word_1_55' title='bbox 585 983 724 1050; x_wconf 84' lang='lat' dir='ltr'>Domino</span> <span class='ocrx_word' id='word_1_56' title='bbox 741 1003 835 1048; x_wconf 87' lang='lat' dir='ltr'>meo:</span> <span class='ocrx_word' id='word_1_57' title='bbox 858 979 943 1046; x_wconf 88' lang='lat' dir='ltr'>Sede</span> <span class='ocrx_word' id='word_1_58' title='bbox 960 1003 980 1046; x_wconf 80' lang='lat' dir='ltr'>s</span> <span class='ocrx_word' id='word_1_59' title='bbox 1000 975 1122 1044; x_wconf 84' lang='lat' dir='ltr'>dextris</span> 
     </span>
     <span class='ocr_line' id='line_1_9' title="bbox 86 1085 1124 1178; baseline 0.001 -29"><span class='ocrx_word' id='word_1_60' title='bbox 86 1111 100 1144; x_wconf 76' lang='lat' dir='ltr'>s</span> <span class='ocrx_word' id='word_1_61' title='bbox 115 1085 211 1161; x_wconf 89' lang='lat' dir='ltr'>meis,</span> <span class='ocrx_word' id='word_1_62' title='bbox 229 1086 334 1154; x_wconf 87' lang='lat' dir='ltr'>donoc</span> <span class='ocrx_word' id='word_1_63' title='bbox 347 1113 464 1178; x_wconf 80' lang='lat' dir='ltr'>ponam</span> <span class='ocrx_word' id='word_1_64' title='bbox 478 1091 623 1158; x_wconf 90' lang='lat' dir='ltr'>inimicos</span> <span class='ocrx_word' id='word_1_65' title='bbox 638 1102 711 1157; x_wconf 85' lang='lat' dir='ltr'>tuos</span> <span class='ocrx_word' id='word_1_66' title='bbox 727 1087 901 1156; x_wconf 68' lang='lat' dir='ltr'>sutellmn</span> <span class='ocrx_word' id='word_1_67' title='bbox 916 1087 1037 1176; x_wconf 80' lang='lat' dir='ltr'>pedum</span> <span class='ocrx_word' id='word_1_68' title='bbox 1052 1095 1124 1150; x_wconf 87' lang='lat' dir='ltr'>tuo-</span> 
     </span>
     <span class='ocr_line' id='line_1_10' title="bbox 88 1193 1124 1286; baseline 0 -28"><span class='ocrx_word' id='word_1_69' title='bbox 88 1216 200 1258; x_wconf 75' lang='lat' dir='ltr'>»rum-</span> <span class='ocrx_word' id='word_1_70' title='bbox 226 1193 359 1286; x_wconf 72' lang='lat' dir='ltr'>Vir-gem</span> <span class='ocrx_word' id='word_1_71' title='bbox 377 1199 501 1266; x_wconf 79' lang='lat' dir='ltr'>virtutis</span> <span class='ocrx_word' id='word_1_72' title='bbox 518 1199 644 1266; x_wconf 83' lang='lat' dir='ltr'>emittet</span> <span class='ocrx_word' id='word_1_73' title='bbox 663 1199 722 1264; x_wconf 84' lang='lat' dir='ltr'>tibi</span> <span class='ocrx_word' id='word_1_74' title='bbox 741 1197 898 1264; x_wconf 85' lang='lat' dir='ltr'>Dominus</span> <span class='ocrx_word' id='word_1_75' title='bbox 916 1219 957 1261; x_wconf 82' lang='lat' dir='ltr'>ex</span> <span class='ocrx_word' id='word_1_76' title='bbox 976 1195 1124 1262; x_wconf 82' lang='lat' dir='ltr'>iiieruss-</span> 
     </span>
     <span class='ocr_line' id='line_1_11' title="bbox 91 1298 1124 1374; baseline 0.001 -9"><span class='ocrx_word' id='word_1_77' title='bbox 91 1298 202 1366; x_wconf 79' lang='lat' dir='ltr'>»lemt</span> <span class='ocrx_word' id='word_1_78' title='bbox 222 1316 258 1368; x_wconf 90' lang='lat' dir='ltr'>et</span> <span class='ocrx_word' id='word_1_79' title='bbox 272 1304 435 1372; x_wconf 78' lang='lat' dir='ltr'>dominere</span> <span class='ocrx_word' id='word_1_80' title='bbox 449 1306 483 1372; x_wconf 87' lang='lat' dir='ltr'>in</span> <span class='ocrx_word' id='word_1_81' title='bbox 500 1306 608 1374; x_wconf 90' lang='lat' dir='ltr'>medio</span> <span class='ocrx_word' id='word_1_82' title='bbox 622 1306 828 1372; x_wconf 85' lang='lat' dir='ltr'>inimicorum</span> <span class='ocrx_word' id='word_1_83' title='bbox 843 1316 983 1370; x_wconf 87' lang='lat' dir='ltr'>tuorum</span> <span class='ocrx_word' id='word_1_84' title='bbox 1001 1299 1124 1367; x_wconf 80' lang='lat' dir='ltr'>Tecum</span> 
     </span>
     <span class='ocr_line' id='line_1_12' title="bbox 90 1409 1187 1506; baseline 0.001 -33"><span class='ocrx_word' id='word_1_85' title='bbox 90 1409 316 1498; x_wconf 76' lang='lat' dir='ltr'><strong>»principatus</strong></span> <span class='ocrx_word' id='word_1_86' title='bbox 335 1413 368 1480; x_wconf 90' lang='lat' dir='ltr'>in</span> <span class='ocrx_word' id='word_1_87' title='bbox 387 1414 439 1480; x_wconf 90' lang='lat' dir='ltr'>dic</span> <span class='ocrx_word' id='word_1_88' title='bbox 457 1415 691 1503; x_wconf 75' lang='lat' dir='ltr'>potentiaetuae</span> <span class='ocrx_word' id='word_1_89' title='bbox 708 1413 743 1480; x_wconf 89' lang='lat' dir='ltr'>iu</span> <span class='ocrx_word' id='word_1_90' title='bbox 761 1411 984 1503; x_wconf 72' lang='lat' dir='ltr'>splendoribus</span> <span class='ocrx_word' id='word_1_91' title='bbox 1006 1421 1127 1476; x_wconf 64' lang='lat' dir='ltr'>uncto-</span> <span class='ocrx_word' id='word_1_92' title='bbox 1173 1495 1187 1506; x_wconf 31' lang='grc' dir='ltr'><em>ι</em></span> 
     </span>
     <span class='ocr_line' id='line_1_13' title="bbox 91 1516 1131 1610; baseline 0.002 -32"><span class='ocrx_word' id='word_1_93' title='bbox 91 1545 104 1578; x_wconf 76' lang='lat' dir='ltr'><strong>t</strong></span> <span class='ocrx_word' id='word_1_94' title='bbox 119 1536 194 1584; x_wconf 83' lang='lat' dir='ltr'>rum</span> <span class='ocrx_word' id='word_1_95' title='bbox 208 1531 350 1586; x_wconf 88' lang='lat' dir='ltr'>tuorum.</span> <span class='ocrx_word' id='word_1_96' title='bbox 369 1523 418 1586; x_wconf 80' lang='lat' dir='ltr'>Ex</span> <span class='ocrx_word' id='word_1_97' title='bbox 432 1534 525 1588; x_wconf 87' lang='lat' dir='ltr'>utero</span> <span class='ocrx_word' id='word_1_98' title='bbox 539 1535 614 1590; x_wconf 81' lang='lat' dir='ltr'>cute</span> <span class='ocrx_word' id='word_1_99' title='bbox 630 1520 802 1588; x_wconf 79' lang='lat' dir='ltr'>luciferum</span> <span class='ocrx_word' id='word_1_100' title='bbox 816 1520 912 1610; x_wconf 76' lang='lat' dir='ltr'>genui</span> <span class='ocrx_word' id='word_1_101' title='bbox 926 1516 991 1583; x_wconf 87' lang='lat' dir='ltr'>tc¹.</span> <span class='ocrx_word' id='word_1_102' title='bbox 1004 1545 1019 1580; x_wconf 79' lang='lat' dir='ltr'><strong>t</strong></span> <span class='ocrx_word' id='word_1_103' title='bbox 1034 1516 1131 1595; x_wconf 89' lang='lat' dir='ltr'>Quod</span> 
     </span>
     <span class='ocr_line' id='line_1_14' title="bbox 91 1625 1131 1718; baseline -0.001 -28"><span class='ocrx_word' id='word_1_104' title='bbox 91 1627 192 1714; x_wconf 79' lang='lat' dir='ltr'>igitur</span> <span class='ocrx_word' id='word_1_105' title='bbox 206 1627 333 1694; x_wconf 80' lang='lat' dir='ltr'>dictum</span> <span class='ocrx_word' id='word_1_106' title='bbox 347 1642 416 1694; x_wconf 78' lang='lat' dir='ltr'>est:</span> <span class='ocrx_word' id='word_1_107' title='bbox 435 1630 592 1718; x_wconf 75' lang='lat' dir='ltr'>«virgam</span> <span class='ocrx_word' id='word_1_108' title='bbox 605 1629 733 1696; x_wconf 66' lang='lat' dir='ltr'>uentis</span> <span class='ocrx_word' id='word_1_109' title='bbox 747 1627 872 1694; x_wconf 78' lang='lat' dir='ltr'><strong>emittet</strong></span> <span class='ocrx_word' id='word_1_110' title='bbox 886 1627 945 1694; x_wconf 79' lang='lat' dir='ltr'>tihi</span> <span class='ocrx_word' id='word_1_111' title='bbox 962 1648 1003 1691; x_wconf 84' lang='lat' dir='ltr'>ex</span> <span class='ocrx_word' id='word_1_112' title='bbox 1015 1625 1131 1692; x_wconf 77' lang='lat' dir='ltr'>fliero-</span> 
     </span>
     <span class='ocr_line' id='line_1_15' title="bbox 95 1733 1133 1826; baseline 0.004 -30"><span class='ocrx_word' id='word_1_113' title='bbox 95 1763 108 1796; x_wconf 77' lang='grc' dir='ltr'><strong>ι</strong></span> <span class='ocrx_word' id='word_1_114' title='bbox 122 1733 239 1811; x_wconf 78' lang='lat' dir='ltr'>selem,</span> <span class='ocrx_word' id='word_1_115' title='bbox 249 1763 264 1798; x_wconf 80' lang='lat' dir='ltr'>s</span> <span class='ocrx_word' id='word_1_116' title='bbox 276 1736 533 1825; x_wconf 73' lang='lat' dir='ltr'>presigoiiicetio</span> <span class='ocrx_word' id='word_1_117' title='bbox 544 1749 613 1802; x_wconf 81' lang='lat' dir='ltr'>eret</span> <span class='ocrx_word' id='word_1_118' title='bbox 621 1736 763 1826; x_wconf 85' lang='lat' dir='ltr'>potentis</span> <span class='ocrx_word' id='word_1_119' title='bbox 770 1734 854 1800; x_wconf 91' lang='lat' dir='ltr'>illius</span> <span class='ocrx_word' id='word_1_120' title='bbox 861 1735 1027 1808; x_wconf 63' lang='lat' dir='ltr'>docmina,</span> <span class='ocrx_word' id='word_1_121' title='bbox 1038 1755 1133 1820; x_wconf 77' lang='lat' dir='ltr'>quem</span> 
     </span>
     <span class='ocr_line' id='line_1_16' title="bbox 98 1842 1130 1934; baseline -0.001 -28"><span class='ocrx_word' id='word_1_122' title='bbox 98 1843 172 1930; x_wconf 79' lang='lat' dir='ltr'>ejus</span> <span class='ocrx_word' id='word_1_123' title='bbox 187 1842 337 1930; x_wconf 80' lang='lat' dir='ltr'><strong>Apostoli</strong></span> <span class='ocrx_word' id='word_1_124' title='bbox 350 1842 578 1932; x_wconf 79' lang='lat' dir='ltr'>Hierosolymis</span> <span class='ocrx_word' id='word_1_125' title='bbox 591 1843 728 1934; x_wconf 85' lang='lat' dir='ltr'>proiecti</span> <span class='ocrx_word' id='word_1_126' title='bbox 741 1843 859 1931; x_wconf 80' lang='lat' dir='ltr'>ultique</span> <span class='ocrx_word' id='word_1_127' title='bbox 873 1842 1130 1932; x_wconf 66' lang='lat' dir='ltr'>pmdicsvcrtmt.</span> 
     </span>
    </p>

    <p class='ocr_par' dir='ltr' id='par_1_3' title="bbox 100 1951 1148 3882">
     <span class='ocr_line' id='line_1_17' title="bbox 102 1951 1136 2040; baseline -0.002 -25"><span class='ocrx_word' id='word_1_128' title='bbox 102 1952 146 2016; x_wconf 85' lang='lat' dir='ltr'>Et</span> <span class='ocrx_word' id='word_1_129' title='bbox 163 1951 313 2040; x_wconf 80' lang='lat' dir='ltr'>quemvis</span> <span class='ocrx_word' id='word_1_130' title='bbox 328 1976 415 2019; x_wconf 86' lang='lat' dir='ltr'>mors</span> <span class='ocrx_word' id='word_1_131' title='bbox 433 1953 560 2020; x_wconf 77' lang='lat' dir='ltr'>decreta</span> <span class='ocrx_word' id='word_1_132' title='bbox 577 1967 610 2019; x_wconf 91' lang='lat' dir='ltr'>ct</span> <span class='ocrx_word' id='word_1_133' title='bbox 627 1953 799 2021; x_wconf 77' lang='lat' dir='ltr'>constituto</span> <span class='ocrx_word' id='word_1_134' title='bbox 817 1953 856 2018; x_wconf 89' lang='lat' dir='ltr'>sit</span> <span class='ocrx_word' id='word_1_135' title='bbox 875 1952 1063 2020; x_wconf 81' lang='lat' dir='ltr'>docentibus</span> <span class='ocrx_word' id='word_1_136' title='bbox 1080 1959 1136 2014; x_wconf 84' lang='lat' dir='ltr'>sut</span> 
     </span>
     <span class='ocr_line' id='line_1_18' title="bbox 104 2056 1136 2148; baseline -0.001 -23"><span class='ocrx_word' id='word_1_137' title='bbox 104 2059 239 2125; x_wconf 90' lang='lat' dir='ltr'>omniuo</span> <span class='ocrx_word' id='word_1_138' title='bbox 250 2059 480 2128; x_wconf 85' lang='lat' dir='ltr'>confitentibus</span> <span class='ocrx_word' id='word_1_139' title='bbox 491 2061 750 2138; x_wconf 82' lang='lat' dir='ltr'>nomenChristi,</span> <span class='ocrx_word' id='word_1_140' title='bbox 762 2083 819 2128; x_wconf 86' lang='lat' dir='ltr'>uos</span> <span class='ocrx_word' id='word_1_141' title='bbox 831 2056 1136 2148; x_wconf 83' lang='lat' dir='ltr'>ubiqueetemplcc-</span> 
     </span>
     <span class='ocr_line' id='line_1_19' title="bbox 103 2165 1135 2258; baseline -0.002 -26"><span class='ocrx_word' id='word_1_142' title='bbox 103 2168 246 2233; x_wconf 83' lang='lat' dir='ltr'>timeret</span> <span class='ocrx_word' id='word_1_143' title='bbox 262 2167 423 2235; x_wconf 87' lang='lat' dir='ltr'>docemus.</span> <span class='ocrx_word' id='word_1_144' title='bbox 444 2169 540 2249; x_wconf 89' lang='lat' dir='ltr'>Quod</span> <span class='ocrx_word' id='word_1_145' title='bbox 552 2169 577 2234; x_wconf 91' lang='lat' dir='ltr'>si</span> <span class='ocrx_word' id='word_1_146' title='bbox 591 2192 646 2235; x_wconf 79' lang='lat' dir='ltr'>sos</span> <span class='ocrx_word' id='word_1_147' title='bbox 661 2192 787 2258; x_wconf 87' lang='lat' dir='ltr'>quoquc</span> <span class='ocrx_word' id='word_1_148' title='bbox 801 2169 871 2236; x_wconf 78' lang='lat' dir='ltr'>haec</span> <span class='ocrx_word' id='word_1_149' title='bbox 885 2167 992 2234; x_wconf 79' lang='lat' dir='ltr'>animo</span> <span class='ocrx_word' id='word_1_150' title='bbox 1006 2165 1135 2231; x_wconf 88' lang='lat' dir='ltr'>inimico</span> 
     </span>
     <span class='ocr_line' id='line_1_20' title="bbox 100 2271 1135 2365; baseline -0.002 -25"><span class='ocrx_word' id='word_1_151' title='bbox 100 2273 223 2364; x_wconf 82' lang='lat' dir='ltr'>legetis,</span> <span class='ocrx_word' id='word_1_152' title='bbox 235 2275 321 2342; x_wconf 85' lang='lat' dir='ltr'>nihil</span> <span class='ocrx_word' id='word_1_153' title='bbox 335 2275 481 2365; x_wconf 80' lang='lat' dir='ltr'>emplius,</span> <span class='ocrx_word' id='word_1_154' title='bbox 498 2289 534 2341; x_wconf 87' lang='lat' dir='ltr'>ut</span> <span class='ocrx_word' id='word_1_155' title='bbox 540 2278 607 2365; x_wconf 82' lang='lat' dir='ltr'>jam</span> <span class='ocrx_word' id='word_1_156' title='bbox 614 2276 750 2341; x_wconf 67' lang='lat' dir='ltr'>diumus</span> <span class='ocrx_word' id='word_1_157' title='bbox 758 2275 783 2352; x_wconf 85' lang='lat'>²,</span> <span class='ocrx_word' id='word_1_158' title='bbox 791 2277 922 2364; x_wconf 84' lang='lat' dir='ltr'>potestis</span> <span class='ocrx_word' id='word_1_159' title='bbox 936 2297 1033 2363; x_wconf 82' lang='lat' dir='ltr'>quem</span> <span class='ocrx_word' id='word_1_160' title='bbox 1046 2271 1135 2338; x_wconf 88' lang='lat' dir='ltr'>ocei-</span> 
     </span>
     <span class='ocr_line' id='line_1_21' title="bbox 102 2381 1137 2464; baseline -0.005 -16"><span class='ocrx_word' id='word_1_161' title='bbox 102 2383 187 2450; x_wconf 87' lang='lat' dir='ltr'>dcre.</span> <span class='ocrx_word' id='word_1_162' title='bbox 213 2383 317 2464; x_wconf 90' lang='lat' dir='ltr'>Quod</span> <span class='ocrx_word' id='word_1_163' title='bbox 338 2407 413 2449; x_wconf 85' lang='lat' dir='ltr'>sane</span> <span class='ocrx_word' id='word_1_164' title='bbox 432 2381 558 2448; x_wconf 83' lang='lat' dir='ltr'>nulium</span> <span class='ocrx_word' id='word_1_165' title='bbox 575 2383 667 2449; x_wconf 87' lang='lat' dir='ltr'>uobis</span> <span class='ocrx_word' id='word_1_166' title='bbox 683 2384 836 2447; x_wconf 80' lang='lat' dir='ltr'>damnum</span> <span class='ocrx_word' id='word_1_167' title='bbox 851 2382 956 2458; x_wconf 77' lang='lat' dir='ltr'>effert,</span> <span class='ocrx_word' id='word_1_168' title='bbox 972 2381 1061 2448; x_wconf 78' lang='lat' dir='ltr'>vohis</span> <span class='ocrx_word' id='word_1_169' title='bbox 1076 2401 1137 2444; x_wconf 81' lang='lat' dir='ltr'>su-</span> 
     </span>
     <span class='ocr_line' id='line_1_22' title="bbox 106 2486 1139 2576; baseline -0.003 -22"><span class='ocrx_word' id='word_1_170' title='bbox 106 2500 171 2554; x_wconf 87' lang='lat' dir='ltr'>tem</span> <span class='ocrx_word' id='word_1_171' title='bbox 185 2511 223 2555; x_wconf 83' lang='lat' dir='ltr'>sc</span> <span class='ocrx_word' id='word_1_172' title='bbox 238 2489 392 2556; x_wconf 84' lang='lat' dir='ltr'>omnibus</span> <span class='ocrx_word' id='word_1_173' title='bbox 408 2487 526 2576; x_wconf 84' lang='lat' dir='ltr'>injusto</span> <span class='ocrx_word' id='word_1_174' title='bbox 543 2487 617 2553; x_wconf 93' lang='lat' dir='ltr'>odio</span> <span class='ocrx_word' id='word_1_175' title='bbox 633 2486 883 2576; x_wconf 74' lang='lat' dir='ltr'><strong>indulgentibus,</strong></span> <span class='ocrx_word' id='word_1_176' title='bbox 901 2511 963 2555; x_wconf 89' lang='lat' dir='ltr'>nec</span> <span class='ocrx_word' id='word_1_177' title='bbox 978 2488 1139 2576; x_wconf 74' lang='lat' dir='ltr'>peniten-</span> 
     </span>
     <span class='ocr_line' id='line_1_23' title="bbox 106 2593 1086 2686; baseline -0.004 -24"><span class='ocrx_word' id='word_1_178' title='bbox 106 2597 182 2662; x_wconf 85' lang='lat' dir='ltr'>tium</span> <span class='ocrx_word' id='word_1_179' title='bbox 195 2597 378 2686; x_wconf 76' lang='lat' dir='ltr'>agentibus,</span> <span class='ocrx_word' id='word_1_180' title='bbox 390 2607 547 2661; x_wconf 82' lang='lat' dir='ltr'>aeternum</span> <span class='ocrx_word' id='word_1_181' title='bbox 556 2617 614 2683; x_wconf 84' lang='lat' dir='ltr'>pet·</span> <span class='ocrx_word' id='word_1_182' title='bbox 625 2595 731 2684; x_wconf 82' lang='lat' dir='ltr'>ignem</span> <span class='ocrx_word' id='word_1_183' title='bbox 743 2593 935 2684; x_wconf 86' lang='lat' dir='ltr'>supplicium</span> <span class='ocrx_word' id='word_1_184' title='bbox 945 2594 1086 2661; x_wconf 87' lang='lat' dir='ltr'>coniicit.</span> 
     </span>
     <span class='ocr_line' id='line_1_24' title="bbox 147 2703 1141 2794; baseline -0.01 -19"><span class='ocrx_word' id='word_1_185' title='bbox 147 2706 265 2775; x_wconf 84' lang='lat' dir='ltr'><strong>XLVI.</strong></span> <span class='ocrx_word' id='word_1_186' title='bbox 290 2705 337 2772; x_wconf 85' lang='lat' dir='ltr'>Ne</span> <span class='ocrx_word' id='word_1_187' title='bbox 357 2705 409 2794; x_wconf 83' lang='lat' dir='ltr'>qui</span> <span class='ocrx_word' id='word_1_188' title='bbox 424 2715 532 2772; x_wconf 86' lang='lat' dir='ltr'>sutem</span> <span class='ocrx_word' id='word_1_189' title='bbox 552 2725 571 2768; x_wconf 83' lang='lat' dir='ltr'>s</span> <span class='ocrx_word' id='word_1_190' title='bbox 590 2705 712 2770; x_wconf 79' lang='lat' dir='ltr'>ratione</span> <span class='ocrx_word' id='word_1_191' title='bbox 732 2706 930 2777; x_wconf 65' lang='lat' dir='ltr'>coenantes.</span> <span class='ocrx_word' id='word_1_192' title='bbox 950 2703 993 2767; x_wconf 87' lang='lat' dir='ltr'>sd</span> <span class='ocrx_word' id='word_1_193' title='bbox 1012 2725 1050 2766; x_wconf 79' lang='lat' dir='ltr'>es</span> <span class='ocrx_word' id='word_1_194' title='bbox 1070 2723 1141 2788; x_wconf 72' lang='lat' dir='ltr'>qum</span> 
     </span>
     <span class='ocr_line' id='line_1_25' title="bbox 107 2809 1142 2900; baseline -0.007 -20"><span class='ocrx_word' id='word_1_195' title='bbox 107 2815 280 2884; x_wconf 78' lang='lat' dir='ltr'>docuimus</span> <span class='ocrx_word' id='word_1_196' title='bbox 298 2811 527 2900; x_wconf 79' lang='lat' dir='ltr'>detorquenda,</span> <span class='ocrx_word' id='word_1_197' title='bbox 544 2810 708 2876; x_wconf 82' lang='lat' dir='ltr'>Christum</span> <span class='ocrx_word' id='word_1_198' title='bbox 730 2809 839 2875; x_wconf 82' lang='lat' dir='ltr'>dicent</span> <span class='ocrx_word' id='word_1_199' title='bbox 854 2820 929 2873; x_wconf 78' lang='lat' dir='ltr'>onte</span> <span class='ocrx_word' id='word_1_200' title='bbox 947 2829 1046 2874; x_wconf 76' lang='lat' dir='ltr'>annos</span> <span class='ocrx_word' id='word_1_201' title='bbox 1065 2829 1142 2873; x_wconf 89' lang='lat' dir='ltr'>ocn-</span> 
     </span>
     <span class='ocr_line' id='line_1_26' title="bbox 111 2915 1143 3010; baseline -0.01 -19"><span class='ocrx_word' id='word_1_202' title='bbox 111 2938 182 2990; x_wconf 88' lang='lat' dir='ltr'>tum</span> <span class='ocrx_word' id='word_1_203' title='bbox 201 2938 237 2990; x_wconf 85' lang='lat' dir='ltr'>ct</span> <span class='ocrx_word' id='word_1_204' title='bbox 260 2920 486 3010; x_wconf 79' lang='lat' dir='ltr'>quinquaginta</span> <span class='ocrx_word' id='word_1_205' title='bbox 507 2928 652 2983; x_wconf 77' lang='lat' dir='ltr'>natumst</span> <span class='ocrx_word' id='word_1_206' title='bbox 671 2917 765 2982; x_wconf 86' lang='lat' dir='ltr'>nobis</span> <span class='ocrx_word' id='word_1_207' title='bbox 780 2915 844 2982; x_wconf 91' lang='lat' dir='ltr'>dici</span> <span class='ocrx_word' id='word_1_208' title='bbox 863 2917 922 2981; x_wconf 83' lang='lat' dir='ltr'>sub</span> <span class='ocrx_word' id='word_1_209' title='bbox 938 2915 1088 3002; x_wconf 56' lang='lat' dir='ltr'>(lyscio,</span> <span class='ocrx_word' id='word_1_210' title='bbox 1103 2937 1143 2981; x_wconf 81' lang='lat' dir='ltr'>ec</span> 
     </span>
     <span class='ocr_line' id='line_1_27' title="bbox 115 3021 1144 3120; baseline -0.012 -22"><span class='ocrx_word' id='word_1_211' title='bbox 115 3043 189 3120; x_wconf 79' lang='lat' dir='ltr'>post</span> <span class='ocrx_word' id='word_1_212' title='bbox 206 3028 288 3096; x_wconf 87' lang='lat' dir='ltr'>iilud</span> <span class='ocrx_word' id='word_1_213' title='bbox 307 3041 431 3116; x_wconf 84' lang='lat' dir='ltr'>tempus</span> <span class='ocrx_word' id='word_1_214' title='bbox 456 3047 494 3091; x_wconf 83' lang='lat' dir='ltr'>es</span> <span class='ocrx_word' id='word_1_215' title='bbox 515 3023 662 3090; x_wconf 76' lang='lat' dir='ltr'>docuisse</span> <span class='ocrx_word' id='word_1_216' title='bbox 683 3047 755 3114; x_wconf 83' lang='lat' dir='ltr'>quse</span> <span class='ocrx_word' id='word_1_217' title='bbox 774 3023 878 3110; x_wconf 84' lang='lat' dir='ltr'>ipsum</span> <span class='ocrx_word' id='word_1_218' title='bbox 896 3021 1040 3088; x_wconf 79' lang='lat' dir='ltr'>docuisse</span> <span class='ocrx_word' id='word_1_219' title='bbox 1062 3021 1144 3087; x_wconf 59' lang='lat' dir='ltr'>dicte</span> 
     </span>
     <span class='ocr_line' id='line_1_28' title="bbox 122 3129 1146 3220; baseline -0.012 -16"><span class='ocrx_word' id='word_1_220' title='bbox 122 3161 207 3212; x_wconf 87' lang='lat' dir='ltr'>mus,</span> <span class='ocrx_word' id='word_1_221' title='bbox 223 3137 282 3202; x_wconf 84' lang='lat' dir='ltr'>sub</span> <span class='ocrx_word' id='word_1_222' title='bbox 292 3133 404 3200; x_wconf 86' lang='lat' dir='ltr'>Pontio</span> <span class='ocrx_word' id='word_1_223' title='bbox 418 3130 533 3205; x_wconf 84' lang='lat' dir='ltr'>Piioto;</span> <span class='ocrx_word' id='word_1_224' title='bbox 551 3131 690 3220; x_wconf 81' lang='lat' dir='ltr'>indeque</span> <span class='ocrx_word' id='word_1_225' title='bbox 705 3130 856 3219; x_wconf 86' lang='lat' dir='ltr'>consequi</span> <span class='ocrx_word' id='word_1_226' title='bbox 866 3130 1032 3218; x_wconf 79' lang='lat' dir='ltr'>objicient,</span> <span class='ocrx_word' id='word_1_227' title='bbox 1044 3139 1081 3192; x_wconf 87' lang='lat' dir='ltr'>ut</span> <span class='ocrx_word' id='word_1_228' title='bbox 1094 3129 1146 3193; x_wconf 87' lang='lat' dir='ltr'>in-</span> 
     </span>
     <span class='ocr_line' id='line_1_29' title="bbox 123 3237 1142 3330; baseline -0.012 -16"><span class='ocrx_word' id='word_1_229' title='bbox 123 3259 232 3314; x_wconf 85' lang='lat' dir='ltr'>sontes</span> <span class='ocrx_word' id='word_1_230' title='bbox 254 3245 316 3310; x_wconf 88' lang='lat' dir='ltr'>sint</span> <span class='ocrx_word' id='word_1_231' title='bbox 331 3242 474 3309; x_wconf 89' lang='lat' dir='ltr'>homines</span> <span class='ocrx_word' id='word_1_232' title='bbox 498 3241 682 3330; x_wconf 87' lang='lat' dir='ltr'>omnesqui</span> <span class='ocrx_word' id='word_1_233' title='bbox 704 3253 777 3308; x_wconf 82' lang='lat' dir='ltr'>ante</span> <span class='ocrx_word' id='word_1_234' title='bbox 797 3238 876 3306; x_wconf 87' lang='lat' dir='ltr'>iliud</span> <span class='ocrx_word' id='word_1_235' title='bbox 891 3249 1018 3326; x_wconf 83' lang='lat' dir='ltr'>tempus</span> <span class='ocrx_word' id='word_1_236' title='bbox 1038 3237 1142 3311; x_wconf 72' lang='lat' dir='ltr'>iceret</span> 
     </span>
     <span class='ocr_line' id='line_1_30' title="bbox 121 3341 1147 3437; baseline -0.015 -13"><span class='ocrx_word' id='word_1_237' title='bbox 121 3353 332 3423; x_wconf 77' lang='lat' dir='ltr'>dubitationis</span> <span class='ocrx_word' id='word_1_238' title='bbox 346 3349 535 3417; x_wconf 85' lang='lat' dir='ltr'>solutionem</span> <span class='ocrx_word' id='word_1_239' title='bbox 553 3349 790 3437; x_wconf 80' lang='lat' dir='ltr'>occupabimus.</span> <span class='ocrx_word' id='word_1_240' title='bbox 810 3341 977 3412; x_wconf 83' lang='lat' dir='ltr'>Christum</span> <span class='ocrx_word' id='word_1_241' title='bbox 989 3344 1147 3434; x_wconf 77' lang='lat' dir='ltr'>primoge-</span> 
     </span>
     <span class='ocr_line' id='line_1_31' title="bbox 122 3452 1146 3542; baseline -0.014 -10"><span class='ocrx_word' id='word_1_242' title='bbox 122 3465 229 3532; x_wconf 87' lang='lat' dir='ltr'>nitum</span> <span class='ocrx_word' id='word_1_243' title='bbox 249 3461 308 3531; x_wconf 91' lang='lat' dir='ltr'>Dei</span> <span class='ocrx_word' id='word_1_244' title='bbox 334 3481 403 3526; x_wconf 87' lang='lat' dir='ltr'>esse</span> <span class='ocrx_word' id='word_1_245' title='bbox 422 3481 463 3525; x_wconf 82' lang='lat' dir='ltr'>oc</span> <span class='ocrx_word' id='word_1_246' title='bbox 483 3458 637 3523; x_wconf 77' lang='lat' dir='ltr'>rationem</span> <span class='ocrx_word' id='word_1_247' title='bbox 654 3455 740 3521; x_wconf 80' lang='lat' dir='ltr'>iiiam</span> <span class='ocrx_word' id='word_1_248' title='bbox 761 3456 852 3542; x_wconf 88' lang='lat' dir='ltr'>cujus</span> <span class='ocrx_word' id='word_1_249' title='bbox 871 3475 966 3518; x_wconf 86' lang='lat' dir='ltr'>omne</span> <span class='ocrx_word' id='word_1_250' title='bbox 983 3452 1146 3520; x_wconf 88' lang='lat' dir='ltr'>homiuum</span> 
     </span>
     <span class='ocr_line' id='line_1_32' title="bbox 123 3559 1148 3664; baseline -0.012 -25"><span class='ocrx_word' id='word_1_251' title='bbox 123 3597 223 3664; x_wconf 75' lang='lat' dir='ltr'>genus</span> <span class='ocrx_word' id='word_1_252' title='bbox 236 3571 396 3662; x_wconf 78' lang='lat' dir='ltr'>particeps</span> <span class='ocrx_word' id='word_1_253' title='bbox 417 3579 478 3644; x_wconf 87' lang='lat' dir='ltr'>cst,</span> <span class='ocrx_word' id='word_1_254' title='bbox 494 3565 726 3656; x_wconf 41' lang='lat' dir='ltr'>didicimustct,</span> <span class='ocrx_word' id='word_1_255' title='bbox 743 3586 842 3652; x_wconf 58' lang='lat' dir='ltr'>supro,</span> <span class='ocrx_word' id='word_1_256' title='bbox 855 3559 1088 3646; x_wconf 63' lang='lat' dir='ltr'>decistpvimos.</span> <span class='ocrx_word' id='word_1_257' title='bbox 1105 3563 1148 3628; x_wconf 84' lang='lat' dir='ltr'>Et</span> 
     </span>
     <span class='ocr_line' id='line_1_33' title="bbox 126 3671 1147 3774; baseline -0.009 -23"><span class='ocrx_word' id='word_1_258' title='bbox 126 3684 178 3774; x_wconf 85' lang='lat' dir='ltr'>qui</span> <span class='ocrx_word' id='word_1_259' title='bbox 204 3707 281 3751; x_wconf 89' lang='lat' dir='ltr'>cum</span> <span class='ocrx_word' id='word_1_260' title='bbox 300 3682 428 3750; x_wconf 79' lang='lat' dir='ltr'>ratione</span> <span class='ocrx_word' id='word_1_261' title='bbox 447 3677 606 3753; x_wconf 84' lang='lat' dir='ltr'>vixerunt,</span> <span class='ocrx_word' id='word_1_262' title='bbox 628 3674 800 3744; x_wconf 75' lang='lat' dir='ltr'>chtistimt-</span> <span class='ocrx_word' id='word_1_263' title='bbox 813 3683 903 3750; x_wconf 80' lang='lat' dir='ltr'>suut,</span> <span class='ocrx_word' id='word_1_264' title='bbox 922 3672 1042 3760; x_wconf 70' lang='lat' dir='ltr'>etiamsi</span> <span class='ocrx_word' id='word_1_265' title='bbox 1061 3671 1147 3742; x_wconf 72' lang='lat' dir='ltr'>athei</span> 
     </span>
     <span class='ocr_line' id='line_1_34' title="bbox 158 3769 1084 3882; baseline -0.008 -18"><span class='ocrx_word' id='word_1_266' title='bbox 158 3811 243 3864; x_wconf 65' lang='grc' dir='ltr'>*Μ</span> <span class='ocrx_word' id='word_1_267' title='bbox 256 3827 307 3872; x_wconf 80' lang='lat' dir='ltr'>crs,</span> <span class='ocrx_word' id='word_1_268' title='bbox 321 3825 342 3859; x_wconf 88' lang='lat' dir='ltr'>t.</span> <span class='ocrx_word' id='word_1_269' title='bbox 354 3805 680 3882; x_wconf 23' lang='lat' dir='ltr'>--28oprt,t,t.u,⁴etso.⁸</span> <span class='ocrx_word' id='word_1_270' title='bbox 993 3789 997 3798; x_wconf 69' lang='grc'><em>’</em></span> <span class='ocrx_word' id='word_1_271' title='bbox 1033 3773 1035 3776; x_wconf 26' lang='lat'>¹</span> <span class='ocrx_word' id='word_1_272' title='bbox 1080 3769 1084 3777; x_wconf 91' lang='lat'>.</span> 
     </span>
    </p>
   </div>
   <div class='ocr_carea' id='block_1_3' title="bbox 0 0 1354 4626">
    <p class='ocr_par' dir='ltr' id='par_1_4' title="bbox 0 0 1354 4626">
     <span class='ocr_line' id='line_1_35' title="bbox 0 0 1354 4626; baseline 0 0"><span class='ocrx_word' id='word_1_273' title='bbox 0 0 1354 4626; x_wconf 95' lang='lat' dir='ltr'> </span> 
     </span>
    </p>
   </div>
  </div>
 </body>
</html>
