2640 4622
234 267 468 318 urauoeus'cuu
492 269 654 316 resecatis
676 269 790 314 muso.
962 251 1024 316 585

24 393 58 446 et
74 381 166 467 rejici
181 403 198 446 a
219 379 338 446 Scribis
353 392 386 446 et
402 377 578 454 Pharisaeis,
594 389 626 444 et
645 375 801 466 crucifigi,
817 389 850 443 at
867 378 957 443 tertia
974 369 1025 444 die

24 487 221 578 resurgere².
237 490 299 554 »Et
308 487 410 554 David
419 487 564 552 futurum
574 486 668 552 fuisse
679 497 753 552 anta
764 485 862 552 solem
874 498 908 551 ct
917 486 1026 552 lunam

24 597 195 672 raedicevit,
213 606 249 661 ut
263 619 301 660 ax
323 607 413 660 utero
434 594 610 660 secundum
629 594 728 659 Patris
744 593 938 662 voluntatem
953 617 1027 666 nas-

24 717 140 781 eretur,
157 728 306 793 eumque,
322 727 398 770 cum
413 703 556 770 Christus
571 704 623 778 sit,
647 703 749 771 Deum
765 705 882 771 fartam
897 718 932 772 et
949 705 1028 772 ado·
1062 727 1065 732 ·

24 815 139 878 indum
154 835 222 880 esse
234 813 416 910 yieciaravit.
569 889 572 896 Ι

43 921 207 990 LXXVII.
227 924 268 990 At
279 923 406 1011 Trypho
419 946 427 987 τ
442 923 597 1012 Equidem
609 925 665 990 tibi
681 925 832 991 assentior
842 927 914 992 satis
925 914 1026 998 inesse

24 1041 48 1093 it
68 1052 107 1096 oc
127 1031 221 1095 tantis
244 1031 416 1096 rationibus
437 1031 477 1095 ad
498 1033 754 1119 persuadendum
776 1035 944 1107 momenti;
971 1035 1028 1102 sad
1106 1017 1110 1026 ⁴

24 1139 81 1202 :ias
97 1137 191 1204 velim
206 1162 257 1204 me
272 1165 290 1205 a
305 1151 337 1204 ta
350 1139 544 1229 Scripturam
557 1139 655 1215 iilam,
672 1163 768 1227 quam
779 1166 861 1231 saepe
876 1144 1026 1209 demons-

24 1259 159 1312 aturum
175 1247 331 1338 pollicitus
345 1272 391 1324 es,
404 1271 578 1338 reposcere.
593 1249 658 1315 Fac
674 1251 769 1338 igitur
784 1273 855 1315 eam
870 1253 960 1317 nohis
976 1275 1027 1317 ex-

24 1357 122 1431 odias,
140 1369 175 1422 ut
190 1358 348 1423 videamus
364 1380 504 1445 quonam
518 1370 612 1446 pacto
624 1359 656 1422 in
669 1369 807 1424 vestrum
823 1358 914 1424 iilum
925 1359 1029 1425 Chris-

24 1489 68 1530 rm
84 1465 204 1532 dictam
218 1489 285 1532 essa
300 1466 505 1532 demonstres.
524 1465 587 1531 Nos
602 1465 687 1531 euim
707 1465 740 1531 in
757 1465 926 1532 Ezechiam
946 1487 1028 1554 prae-

24 1576 178 1640 untiatam
194 1575 288 1641 scisse
303 1577 446 1642 dicimus.

45 1682 131 1748 Tum
152 1707 210 1772 ego
232 1709 240 1750 τ
259 1683 300 1748 Ut
314 1687 415 1761 vobis,
439 1685 582 1772 inquam,
598 1685 734 1759 videtur,
757 1685 799 1749 ita
820 1684 943 1750 faciam.
966 1683 1029 1750 Sed

24 1792 80 1857 tihi
97 1793 184 1880 prius
205 1793 384 1857 demonstra
400 1795 440 1858 dc
454 1793 588 1859 Ezechia
604 1795 724 1859 dictum
740 1817 819 1869 esse,
836 1817 923 1870 aum,
939 1805 1030 1859 ante-

27 1923 100 1964 uam
111 1913 234 1987 patrem
249 1913 303 1965 aut
315 1913 448 1966 matrem
463 1925 576 1967 vocare
590 1915 706 1976 nosset,
721 1903 869 1967 virtutem
883 1902 1029 1968 Damasci

26 2020 38 2071 t
55 2006 154 2095 spolia
174 2007 322 2074 Samariae
341 2031 448 2074 caram
465 2033 538 2098 rege
554 2009 753 2097 Assyriorum
768 2011 897 2098 cepisse.
921 2009 1030 2096 Neque

25 2117 93 2179 nim
109 2117 196 2181 vohis
211 2117 416 2192 concedetur,
433 2130 468 2181 ut
483 2129 586 2182 vestro
602 2119 756 2183 arbitratu
775 2117 858 2183 hanc
874 2118 1030 2205 interpre-

24 2224 159 2288 ationem
184 2225 333 2300 afferatis,
360 2226 528 2292 Ezechiam
553 2227 701 2291 adversus
723 2227 914 2292 Damascum
940 2237 972 2290 et
997 2227 1030 2291 iu

24 2325 147 2398 {amaria
171 2355 279 2400 coram
304 2358 376 2423 rege
403 2336 603 2422 Assyriorum
624 2333 745 2401 bellum
769 2335 909 2424 gessisse.
937 2335 1029 2410 Nam,

24 2443 220 2530 rpriusquam
240 2467 319 2532 puer
333 2443 417 2509 norit
435 2468 546 2510 vocare
561 2455 683 2532 patrem
702 2457 757 2509 aut
772 2455 906 2510 matram
916 2443 965 2520 ’,ιι
981 2445 1031 2510 in·

24 2552 76 2638 [uit
88 2552 288 2638 propheticus
302 2575 418 2628 sermo,
430 2580 443 2648 r
453 2554 556 2644 capiet
567 2554 714 2618 virtutem
726 2551 871 2620 Damasci
887 2566 919 2618 et
935 2551 1032 2640 spolia

36 2657 184 2724 Samariae
204 2681 311 2744 coram
329 2683 402 2750 rege
421 2661 660 2748 Assyriorum.»
682 2661 762 2727 Nam
783 2662 808 2726 si
828 2660 1033 2750 propheticus
1050 2697 1053 2705 ⁴

25 2766 135 2853 piritus
154 2791 229 2860 cum
248 2768 463 2834 additamento
482 2793 547 2833 non
566 2770 704 2844 dixisset,
726 2768 930 2856 «Antequam
950 2769 1035 2832 norit

36 2899 113 2963 puer
132 2899 245 2942 vocare
265 2889 388 2963 petrem
407 2887 462 2940 aut
481 2890 628 2951 matram,
648 2877 783 2965 accipiet
803 2877 951 2942 virtutem
969 2877 1033 2941 Da-

37 2985 134 3048 masci
152 2996 184 3047 et
200 2981 297 3071 spolia
314 2983 477 3056 Samariam
492 3012 505 3044 r
520 2985 576 3048 sed
596 2995 732 3058 tantum,
750 2997 805 3049 aet
819 2986 919 3072 pariet
933 2983 1034 3070 fliium

38 3103 69 3152 et
89 3091 191 3178 capiet
211 3092 360 3156 virtutem
381 3091 526 3156 Damasci
548 3103 580 3155 at
601 3089 698 3178 spolia
720 3091 885 3166 Samariae:
900 3123 912 3155 r
928 3095 1034 3158 dicere

24 3197 179 3260 soteratis:
200 3196 282 3274 Quia
294 3197 435 3263 futurum
450 3201 666 3286 praenoscebat
678 3200 762 3265 Deus
776 3212 810 3265 ut
824 3201 893 3268 haec
907 3215 1034 3290 caperet

24 3305 174 3382 Ezechias,
197 3307 317 3372 idcirco
333 3307 484 3394 predixit.
508 3309 599 3374 Nunc
614 3321 721 3374 autem
741 3335 814 3376 cum
831 3311 895 3377 hac
910 3311 1035 3375 addita-

24 3429 119 3480 uento
139 3415 216 3482 dicit
237 3415 424 3505 prophetia:
452 3418 653 3506 «Antequam
676 3421 759 3486 norit
779 3444 858 3508 puer
878 3420 1035 3510 appellare

24 3537 161 3613 *patrem
183 3538 238 3590 aut
258 3511 406 3601 matrem,
427 3529 529 3616 capiet
547 3529 696 3594 virtutem
718 3531 864 3597 Damasci
887 3542 919 3596 et
937 3531 1034 3621 spolia

24 3667 27 3692 ι
43 3635 197 3700 Samariae.
213 3665 225 3698 s
241 3635 289 3703 Ac
307 3659 361 3701 vos
378 3637 519 3724 quidem,
540 3639 590 3704 cui
609 3640 642 3704 id
657 3664 795 3727 unquam
811 3643 894 3730 apud
908 3643 1034 3710 Judaeos

24 3745 189 3833 :ontigerit,
211 3746 429 3812 demonstrare
450 3749 609 3814 neminem
630 3753 781 3838 potestis:
802 3775 859 3818 nos
878 3765 982 3818 autem
1001 3753 1035 3819 in

48 3872 54 3903 ¹
67 3873 122 3921 httc.
135 3890 169 3932 rx,
181 3892 220 3924 ar.
234 3875 361 3925 Amat
376 3876 464 3934 erud.
509 3901 515 3912 ·

100 3983 119 4021 1.
722 4021 728 4034 ,
820 3968 858 4030 25
