2772 4620
269 241 333 324 814
567 263 677 308 sineri
700 263 819 306 rasrrru
842 255 993 306 uasrrms

268 391 382 438 snunc
393 381 588 444 convertere,
606 368 751 444 Domine,
769 369 840 454 quia
856 367 990 454 populus
1002 375 1077 426 tuus
1089 379 1230 424 omues
1246 383 1333 424 nos:
1365 332 1366 379 ¹

268 508 282 541 s
296 481 403 544 civitas
411 478 508 542 sancti
520 478 567 541 tui
579 477 659 540 sacta
670 487 718 540 est
729 475 850 540 deserta
862 498 869 538 :
881 473 957 538 Sion
966 472 1054 559 quasi
1065 466 1232 533 solitudo
1247 467 1332 530 sacta

267 597 343 650 »est
362 607 369 648 ι
392 582 566 648 Jerusalem
584 583 617 646 in
632 579 886 645 maledictionem
905 603 913 641 :
931 579 1055 651 domus,
1082 586 1180 638 sanct
1189 575 1327 635 uarium

269 703 449 764 snosmum,
468 701 500 754 et
519 688 628 776 gloria,
646 686 697 753 cui
712 687 941 751 benedixerunt
955 695 1060 770 patres
1082 681 1216 750 nostri,
1245 679 1323 741 sacta

270 808 345 860 sest
360 797 423 882 igni
438 797 601 859 combusto
617 816 625 857 ε
639 802 671 858 et
686 813 795 856 omnes
811 790 951 878 gloriosae
966 799 1075 876 gentes
1091 785 1201 850 simul
1224 786 1322 848 irrue

270 932 285 964 s
300 912 383 966 runt.
402 903 442 966 Et
457 924 550 988 super
568 901 616 965 his
630 899 815 972 sustinuisti,
832 897 977 969 Domine,
990 905 1022 959 et
1036 893 1188 965 tacuisti,
1211 904 1251 956 et
1264 893 1321 956 tru-

272 1009 421 1074 »miliasti
439 1031 496 1073 nos
511 1007 657 1073 valde¹.»
741 1089 744 1095 Ι
1097 1079 1105 1090 .

317 1113 364 1179 Ao
378 1113 508 1202 Trypho
525 1136 532 1178 ε
552 1114 638 1191 Quid
653 1115 798 1202 estquod
817 1103 883 1179 uisi
896 1115 1053 1180 neminem
1071 1128 1236 1179 nostrum
1253 1113 1317 1179 hae-
1364 1039 1366 1186 i

274 1221 405 1287 ruditate
420 1223 591 1308 quidquam
606 1233 810 1309 accepturum
826 1247 892 1288 esse
905 1224 938 1288 iu
956 1235 1200 1289 montesancto
1214 1224 1298 1289 Dei?

318 1327 436 1394 XXVI.
450 1329 488 1391 Et
500 1351 575 1416 ego:
591 1328 661 1392 Non
673 1329 735 1393 hoc
747 1329 819 1394 dico
832 1352 840 1392 :
855 1350 976 1404 verum,
990 1331 1043 1416 qui
1057 1331 1238 1395 Christum
1251 1355 1316 1418 per-
1364 1273 1366 1385 i

275 1437 398 1523 sequuti
411 1445 522 1500 suntet
533 1447 777 1524 persequuntur,
787 1447 880 1523 atque
891 1438 1192 1524 poenitentiamnou
1200 1449 1311 1526 agunt.

275 1543 393 1609 nullam
405 1545 528 1630 capient
541 1545 572 1608 in
584 1555 691 1609 monte
704 1555 812 1610 sancto
823 1545 1049 1609 haereditatem.
1065 1545 1195 1611 Gentes
1207 1559 1312 1610 autem
1365 1517 1366 1582 i

277 1674 346 1738 quae
360 1649 493 1716 inillam
506 1651 696 1717 crediderint
707 1660 739 1716 et
753 1652 970 1739 poenitcntinm
982 1654 1105 1740 egerint
1121 1677 1140 1716 a
1152 1656 1310 1741 peccatis.

276 1762 349 1849 ipsae
367 1761 582 1827 haereditatem
600 1762 762 1826 habebunt
780 1783 853 1826 cum
868 1761 1057 1826 Patriarchis
1073 1775 1105 1826 et
1123 1761 1309 1850 Prophetis,
1365 1750 1366 1782 ¹

277 1880 309 1933 et
320 1869 409 1954 justis
421 1869 611 1955 quicumque
622 1891 639 1930 a
652 1867 773 1932 Jacoho
784 1866 927 1954 prognati
940 1877 1025 1941 sunt,
1038 1865 1163 1931 etiamsi
1177 1871 1310 1933 sabbata

277 1998 342 2040 non
358 1987 493 2049 servent,
510 1997 611 2061 neque
631 1974 912 2047 circumcidantur,
929 1997 1031 2061 neque
1054 1975 1120 2038 dies
1137 1975 1242 2041 festos
1260 2000 1307 2041 ce·
1365 1984 1366 2007 ¹

278 2079 410 2146 lebreat.
430 2081 568 2144 Omnino
592 2092 732 2146 sanctam
748 2081 806 2144 Dei
822 2079 1037 2145 haereditatem
1053 2081 1204 2148 adibunt.
1226 2083 1308 2148 Dens

279 2188 363 2251 onim
377 2210 434 2274 per
449 2187 571 2250 Esaiam
586 2188 626 2250 ita
644 2187 784 2273 loquitur
799 2211 805 2250 :
827 2189 916 2276 «Ego
930 2187 1086 2252 Dominus
1097 2189 1185 2254 Deus
1200 2193 1308 2256 vocari
1365 2227 1366 2294 q

280 2319 292 2353 s
305 2304 336 2357 te
347 2293 379 2356 in
390 2293 507 2378 justitia
523 2295 538 2356 τ’
546 2306 577 2356 et
593 2296 707 2358 tenebo
720 2295 879 2359 dexteram
892 2307 991 2370 tuam,
1004 2308 1036 2358 et
1047 2296 1241 2362 confortabo
1255 2311 1303 2360 to:

280 2412 337 2463 set
353 2398 424 2463 dedi
440 2410 471 2463 te
486 2400 518 2464 in
534 2411 755 2465 testamentum
771 2402 905 2487 generis,
922 2402 953 2465 in
970 2401 1075 2467 lucem
1091 2405 1250 2490 gentium,
1268 2407 1305 2469 ad

280 2537 293 2568 ι
308 2507 513 2596 aperiendum
527 2508 636 2573 oculos
651 2532 822 2584 cecorum,
837 2491 877 2574 ad
893 2509 1097 2577 educendum
1112 2512 1151 2576 dc
1172 2514 1303 2580 vinculis

281 2644 294 2677 s
310 2615 442 2690 vinctos,
460 2628 491 2680 et
513 2615 552 2680 de
568 2615 663 2681 domo
684 2618 819 2682 carceris
840 2618 984 2682 sedentes
1001 2619 1033 2683 in
1048 2619 1213 2683 tenebris¹.
1238 2625 1304 2686 »Et
1365 2692 1366 2717 q

281 2723 396 2788 iterum
418 2746 425 2785 :
445 2723 585 2787 «Levate
606 2725 729 2810 signum
751 2725 933 2809 ingentes:
961 2747 1035 2788 ecee
1051 2726 1132 2788 enim
1146 2727 1302 2790 Dominus
1365 2728 1366 2733 ’

284 2830 383 2896 »fecit
398 2831 539 2894 auditum
555 2830 709 2917 usquead
732 2843 908 2893 extremum
931 2843 1033 2895 terrm.
1056 2831 1150 2894 Dicite
1171 2829 1298 2895 filiabus

284 2937 387 3002 »Sion
405 2959 413 2999 :
431 2939 514 3002 Ecce
530 2938 586 3001 tibi
602 2935 736 3001 salvator
751 2937 848 3010 venit,
868 2935 987 3000 hahens
1006 2935 1177 3000 mercedem
1191 2959 1296 3014 suam,
1365 2926 1366 2941 ¹

284 3056 437 3132 »etopus
457 3067 473 3106 a
495 3045 643 3108 faciesne
660 3066 668 3106 :
688 3055 720 3107 et
739 3042 863 3108 vocabit
884 3065 959 3106 eum
973 3043 1123 3132 populum
1144 3055 1297 3119 sanctum,

285 3152 510 3239 »redemptum
522 3174 539 3215 a
550 3152 696 3215 Domino.
712 3150 761 3214 Tu
775 3163 881 3215 autem
895 3151 1054 3216 vocaberis
1067 3153 1210 3238 requisita
1224 3155 1297 3218 ciri-

286 3272 373 3334 stas,
392 3272 424 3324 et
442 3282 505 3323 uon
527 3258 685 3324 derelicta.
705 3259 782 3336 Quis
804 3269 852 3323 est
874 3260 930 3324 iste
954 3261 1006 3346 qui
1028 3261 1112 3324 venit
1129 3261 1168 3324 de
1187 3261 1294 3338 Edom,

286 3368 411 3440 »rubor
425 3366 559 3431 vestium
578 3367 646 3452 ejus
664 3367 701 3430 de
718 3365 837 3430 Bosori’
858 3367 916 3430 iste
932 3366 1085 3431 formosus
1101 3368 1133 3432 in
1148 3367 1235 3442 stola,
1250 3393 1296 3434 as·

288 3503 301 3536 s
316 3476 453 3540 cendens
468 3473 619 3538 violenter
635 3497 710 3539 cum
725 3474 929 3539 fortitudine?
944 3473 1010 3562 Ego
1026 3472 1138 3562 loquor
1155 3477 1294 3562 justitiam

289 3594 347 3647 »et
362 3584 516 3670 judicium
535 3583 686 3649 salutaris.
707 3585 814 3663 Quare
834 3586 928 3648 rubra
948 3573 1021 3648 sunt
1039 3585 1219 3648 vestimenta
1236 3599 1293 3658 tua,

291 3703 349 3754 »et
362 3693 543 3758 indumenta
560 3705 613 3757 tue
634 3691 761 3758 velutin
781 3691 930 3759 torculari
945 3691 1077 3767 calcato,
1095 3715 1162 3757 uve
1180 3692 1294 3760 calcata

324 3812 333 3846 ¹
344 3813 407 3862 Esai.
420 3831 487 3873 arur,
498 3816 520 3863 5.
532 3844 561 3853 -
574 3815 585 3849 ²
598 3816 663 3864 Esai.
674 3833 733 3874 ιιιι,
745 3817 768 3864 6.
