2630 4614
232 211 273 274 56
634 239 846 286 srurrscosu
864 288 867 293 ,

230 361 293 424 quo
310 351 344 406 ut
358 341 441 430 ipsos
454 340 552 410 libros
561 345 730 434 ,sdfflsutcu
745 369 857 412 eorum
867 343 1051 435 expendetis
1063 338 1205 412 oruculs.
1216 353 1253 402 ut

231 463 438 518 consentanee
451 451 490 518 do
505 476 597 522 ceusu
613 456 761 544 injurium
776 480 794 521 ιι
807 455 898 523 uobis
908 451 1110 544 propuisctis.

274 555 318 624 X.
335 557 417 624 Setis
437 561 531 649 igitur
545 564 794 631 demonstratum
811 588 830 631 s
854 585 905 630 mo
919 575 967 630 est
985 561 1099 628 utbeos
1120 581 1183 624 mos
1195 579 1251 623 uss

232 687 312 740 osse.
327 666 382 752 qui
398 690 497 736 uuum
512 671 685 760 ingenitum
698 685 731 738 et
745 684 899 738 aetoruum
914 683 1060 738 tenemus
1074 669 1198 742 Deum,
1210 668 1252 732 iu

235 773 388 840 visibilem
409 788 441 840 et
461 777 696 866 impassibilem,
712 781 766 869 qui
783 802 844 846 uec
865 778 934 867 cupi
952 791 1010 842 eut
1028 776 1252 865 comprehendi

235 895 351 971 potest,
370 886 424 973 qui
446 885 511 952 sole
534 901 640 956 moute
660 901 693 956 et
714 890 836 956 rationo
853 887 1071 978 coguosoitur,
1089 908 1131 951 uc
1147 884 1213 950 lues
1226 896 1254 948 d

235 989 482 1078 pulchritudine,
498 1005 530 1059 et
544 996 705 1083 spirituus
718 996 855 1084 potestis
869 1018 933 1062 nou
942 991 1116 1060 enarrabili
1131 993 1254 1059 circum

237 1101 328 1166 dutus
341 1115 401 1178 est,
414 1125 507 1191 aquo
519 1103 654 1191 denique
664 1105 769 1170 omniu
781 1127 838 1193 per
848 1103 945 1192 ipsius
955 1101 1104 1170 Verbum
1112 1111 1150 1167 et
1161 1115 1251 1168 erute

237 1223 270 1276 et
285 1223 393 1278 ornatu
409 1226 494 1288 suut,
513 1226 547 1278 et
565 1226 799 1280 conservantur.
820 1213 1028 1302 Agnoscimus
1047 1211 1145 1276 euin
1160 1222 1193 1275 et
1206 1211 1254 1276 lisi

239 1319 365 1387 Filium.
386 1321 455 1389 Nec
469 1322 635 1410 quisquam
649 1321 817 1390 ridiculum
831 1322 986 1390 existimet
1002 1343 1101 1386 susum
1116 1320 1188 1386 Des
1198 1341 1254 1383 esse

240 1426 366 1494 Filium.
382 1427 493 1517 Neque
512 1429 609 1504 euim,
631 1440 666 1495 ut
683 1441 783 1518 postue
796 1427 989 1503 iubulsntur,
1005 1427 1063 1515 qui
1083 1425 1188 1493 nihilo
1198 1449 1253 1492 rse-

241 1535 333 1602 iiores
348 1536 529 1602 homiuibus
552 1537 707 1602 inducunt
727 1537 815 1611 deos,
837 1537 880 1601 itu
900 1537 942 1600 do
955 1536 1025 1602 Deo
1047 1547 1084 1602 et
1102 1535 1197 1600 Putre
1211 1547 1253 1598 sot

242 1643 282 1708 do
293 1643 372 1709 Filio
382 1644 545 1710 sentimus.
560 1643 625 1710 Sed
636 1655 683 1710 cst
694 1643 791 1710 Filius
802 1644 859 1712 Dei
870 1641 1013 1710 Verbum
1027 1643 1136 1708 Putris
1152 1645 1185 1708 iu
1200 1643 1250 1708 ider

243 1763 275 1817 et
294 1751 508 1842 operationc¹3
526 1752 567 1817 sb
586 1775 624 1818 eo
639 1753 724 1818 enim
738 1765 771 1818 ct
788 1775 846 1840 per
865 1775 939 1818 oum
953 1751 1037 1816 beu
1052 1753 1182 1826 omnis.
1195 1774 1250 1818 m

242 1860 335 1926 Peter
347 1873 383 1928 et
396 1860 493 1928 Filius
509 1884 608 1928 uuum
622 1861 694 1926 sint.
715 1861 796 1926 Cum
810 1873 916 1926 sutem
926 1860 1021 1926 Peter
1031 1861 1078 1926 sit
1087 1861 1122 1926 iu
1135 1859 1250 1934 fibert

243 1967 343 2035 Filius
357 1970 390 2035 iu
401 1969 505 2045 Putre,
518 1970 637 2036 unitate
648 1982 681 2036 et
695 1970 810 2036 virtuts
822 1970 960 2058 spiritus,
977 1991 1073 2036 meus
1088 1985 1122 2036 et
1133 1970 1251 2037 vuum

244 2077 343 2143 Putris
358 2088 404 2143 est
415 2077 512 2144 Filius
524 2079 592 2144 Dei.
608 2078 704 2157 Quod
715 2079 740 2144 si
752 2079 840 2144 robis
850 2101 908 2166 pro
919 2101 1046 2144 summu
1059 2093 1160 2146 vestu
1170 2077 1250 2144 iutui-

245 2184 372 2274 ligentis
385 2187 541 2274 inquirere
552 2187 676 2260 subest,
691 2185 768 2273 quid
783 2185 842 2252 sibi
853 2184 927 2252 velit
938 2184 1060 2260 Filium
1080 2189 1169 2254 dicum
1180 2188 1243 2250 bre·

247 2295 326 2358 viter
337 2295 471 2383 primum
493 2317 559 2360 csse
582 2294 681 2360 Putris
700 2295 895 2383 progeniem,
917 2317 981 2360 uon
1005 2297 1093 2382 quod
1107 2297 1200 2362 besu
1211 2294 1246 2358 sit

252 2403 308 2488 (ub
324 2414 442 2468 aetcruo
460 2403 544 2470 cuim
558 2405 644 2470 Deus
659 2397 795 2472 habebut
806 2405 840 2470 iu
855 2429 888 2470 se
902 2405 970 2494 ipso
983 2404 1144 2480 Verbum.
1156 2417 1252 2494 utpote

249 2514 288 2578 ub
301 2522 417 2578 aeterno
429 2512 618 2599 rationulis),
629 2512 686 2578 sed
696 2512 782 2600 quod
792 2511 960 2601 prodierit²
972 2523 1008 2578 ut
1020 2515 1170 2580 omnium
1179 2527 1253 2578 mste

248 2619 373 2689 riulium
386 2643 505 2696 rerum,
519 2645 588 2708 quse
598 2621 696 2686 iustsr
706 2619 847 2686 informis
859 2631 979 2686 usturae
989 2634 1023 2686 et
1043 2621 1161 2686 inertis
1174 2633 1253 2688 tum,

249 2731 390 2820 portibus
407 2730 611 2796 crassioribus
627 2727 804 2794 commixtis
820 2751 894 2795 oum
909 2727 1098 2804 levioribus,
1113 2730 1258 2816 jucebsut

251 2841 321 2906 ideu
335 2855 367 2907 ot
381 2854 469 2908 setus
489 2839 580 2906 foret
607 2839 682 2904 Haec
701 2851 828 2904 sanctus
850 2839 914 2925 ipso
936 2837 1076 2926 Spiritus
1095 2839 1258 2904 confirmet

284 3028 294 3062 ¹
307 3029 419 3078 Petosiris
429 3047 460 3080 cx
472 3029 520 3080 illis
533 3029 625 3089 serbis,
642 3029 666 3076 iss
679 3027 730 3078 idco
741 3037 764 3075 st
779 3029 920 3092 opsmtiosss,
936 3030 1068 3078 immerito
1083 3041 1196 3080 accusat
1209 3033 1262 3078 urbe

253 3121 370 3170 naporum
382 3105 449 3170 quod
461 3105 573 3156 Verbum
582 3121 641 3154 cum
649 3103 722 3154 Putre
730 3119 810 3168 usque
820 3104 850 3152 sd
858 3099 947 3152 mundi
955 3105 1115 3154 creationem
1126 3107 1256 3156 confrnds'

253 3196 312 3228 nuru
324 3179 404 3228 dictas
419 3195 492 3229 voees
508 3179 678 3246 Athenagoras
693 3179 747 3244 ipse
760 3179 879 3244 explicet,
893 3187 919 3228 et
930 3178 1042 3228 ostendis
1057 3180 1110 3230 ner
1123 3181 1220 3231 Futu-
1229 3199 1265 3228 sss

255 3255 366 3306 Verbum
383 3255 462 3304 Putris
477 3257 503 3302 in
513 3257 569 3304 ides
580 3265 606 3304 et
618 3251 773 3319 operatione,
786 3257 844 3318 quis
860 3255 998 3303 seeundum
1011 3255 1100 3320 ipsum
1110 3267 1139 3306 et
1149 3274 1198 3322 per
1205 3261 1265 3322 ipses

254 3332 338 3380 omnis
350 3339 434 3380 creatu
444 3339 521 3378 sunt:
534 3330 647 3393 adeoque
660 3329 769 3379 declarat
780 3327 890 3377 Verbum
901 3343 955 3378 esse
968 3343 1107 3392 personum
1119 3331 1195 3380 Patri
1205 3349 1261 3394 :qu

254 3407 315 3468 tem,
325 3415 412 3472 utpote
425 3423 480 3470 quur.
491 3421 578 3455 omues
589 3405 669 3456 Putris
681 3404 749 3454 idess
760 3404 896 3468 possideat,
912 3412 939 3452 et
949 3419 1021 3468 nque
1033 3419 1065 3454 sc
1079 3405 1162 3456 Pater
1171 3411 1267 3470 omnip*

256 3490 312 3528 tous
322 3483 365 3529 sit.

288 3553 345 3603 ‘Er
356 3553 398 3604 illo
412 3553 498 3616 verbo,
511 3553 634 3617 prodierit,
647 3553 717 3603 nullo
729 3553 805 3603 modo
817 3553 902 3602 inferri
914 3559 1007 3617 potest,
1019 3555 1091 3617 quod
1100 3553 1222 3606 Verbum
1235 3567 1268 3602 sur

256 3625 407 3688 productum
419 3626 495 3676 tueris
506 3643 564 3674 cum
576 3625 686 3674 mundus
698 3634 796 3674 creatus
806 3634 857 3682 ests
878 3640 935 3672 rum
948 3625 1123 3690 sususgoru
1132 3627 1198 3678 iden
1206 3645 1272 3676 our„-

258 3715 301 3760 per
314 3699 405 3748 Filium
421 3708 507 3749 crustu
521 3717 575 3750 esse
583 3701 656 3760 dicit,
669 3701 727 3764 quis
738 3699 813 3748 Peter
822 3708 847 3748 ct
859 3698 935 3746 Filius
946 3714 1025 3746 uuum
1036 3708 1115 3748 sunt:
1132 3705 1196 3766 quia
1208 3716 1271 3750 surr

256 3778 362 3833 utroque
374 3781 411 3818 est
423 3773 540 3822 divinitus
554 3790 607 3836 qum
622 3774 673 3835 jam
687 3782 747 3822 ante
760 3771 849 3820 mundi
861 3771 1015 3820 creationem
1027 3779 1094 3818 erut.
1112 3772 1187 3822 Hinc
1198 3790 1243 3820 uos
1256 3799 1260 3809 ι

257 3853 311 3892 ιιιιιι
325 3845 435 3893 Verbum
453 3849 603 3908 productum
616 3863 678 3904 csse,
695 3846 738 3894 sed
756 3845 885 3910 prodiisse,
901 3854 929 3894 ut
942 3845 999 3893 ides
1018 3853 1044 3893 et
1057 3845 1167 3896 effectio
1180 3847 1239 3896 sorus
1251 3866 1260 3890 ι
