2492 4632
536 349 538 353 ι
621 299 734 344 SlNd'l'l
758 301 870 346 REM!
894 303 955 346 ntn.
981 302 1012 344 111

305 420 395 482 cent;
409 407 668 498 pradicationem
681 429 756 472 vero
766 405 917 474 Ecclesia
929 409 1054 497 antiqu
1062 423 1181 484 namu,

302 518 466 608 aequaliter
476 527 744 609 perseverantem,
760 529 793 582 et
810 519 1023 584 testimonium
1032 520 1181 584 haimuoal

298 630 402 720 phetis
420 640 453 694 et
468 629 508 692 ab
529 625 699 716 Apostolis,
717 638 749 692 ot
766 629 806 692 ab
824 629 974 696 omnihus
989 627 1181 718 discipulisque

303 738 436 804 modum
453 736 648 804 ostendImus
667 759 725 826 per
739 735 839 813 initia,
859 749 893 803 et
910 737 1181 812 medietatesetlnen

298 871 356 936 per
367 847 546 910 universam
555 844 615 910 Dei
627 843 877 933 dispositionem,
889 857 923 910 et
933 869 1005 912 eam
1015 869 1073 934 que
1081 845 1181 910 securlu

298 953 398 1020 intem
409 952 547 1020 hominis
558 963 606 1018 est
618 952 742 1020 solitam
753 954 985 1040 operationem,
996 979 1060 1044 que
1067 954 1133 1018 estin
1142 951 1181 1014 lde

297 1073 359 1134 tra;
374 1083 469 1149 quam
485 1071 667 1149 perceptam
679 1060 718 1124 ab
729 1057 872 1126 Ecclesia
884 1061 1085 1134 custodimus,
1094 1071 1117 1122 et
1127 1079 1181 1144 quos

296 1193 385 1260 pera
400 1168 519 1257 Spiritu
543 1169 614 1244 Dei,
638 1169 726 1255 quasi
750 1169 783 1236 in
801 1192 872 1234 raso
894 1172 983 1237 bono
1003 1166 1181 1254 eximiumque

296 1279 474 1368 depositum
494 1279 715 1368 juvenescens,
737 1291 769 1346 ct
787 1281 994 1367 juvenescere
1012 1279 1110 1344 faciens
1124 1279 1181 1364 ipen

295 1389 328 1454 in
346 1412 409 1478 quo
427 1399 485 1454 est.
511 1389 581 1454 Hoc
597 1387 684 1452 onim
702 1385 851 1454 Eoetesiae
871 1389 1030 1456 creditum
1047 1400 1088 1453 est
1102 1387 1142 1452 nu
1154 1403 1181 1446 ιιι

294 1495 564 1584 quemadmodum
587 1493 628 1560 ad
650 1494 887 1583 inspirationem
908 1495 1106 1585 plasmationi,
1123 1491 1181 1556 adiu

295 1607 402 1674 omnia
415 1608 558 1672 membru
575 1605 781 1694 percipientiu
791 1605 1014 1675 vivilicenmr:
1031 1606 1134 1695 etineo
1144 1602 1181 1685 dp

293 1730 341 1785 est
360 1713 607 1784 communicatio
627 1713 758 1792 Christi,
777 1715 889 1792 idest,
911 1716 1047 1806 Spiritus
1067 1723 1181 1780 sanetum

292 1822 525 1915 incorruptelae,
546 1835 579 1891 et
598 1822 797 1890 confirmatio
815 1823 890 1890 lidei
909 1838 1040 1902 nostre,
1056 1835 1085 1888 et
1099 1817 1181 1886 sutas

291 1937 386 2004 sionis
408 1934 449 2001 od
469 1933 583 2002 Deum.
610 1933 671 2001 «ln
691 1932 832 2002 Ecclesia
855 1935 956 2014 enim,
981 1936 1087 2024 inquit,
1105 1923 1181 2020 polilt

291 2078 304 2111 ι
319 2043 499 2138 Apostolos,
511 2044 697 2134 Prophetas,
714 2043 895 2122 doctores¹,
907 2075 921 2110 ι
935 2060 970 2112 ct
981 2034 1181 2112 uuistuom

291 2159 507 2248 operationem
532 2156 697 2245 Spiritus:
723 2157 814 2244 cujus
837 2180 901 2224 non
926 2170 1004 2224 sunt
1023 2153 1176 2245 participet·

290 2270 345 2358 qni
361 2291 425 2334 non
443 2278 576 2334 currunt
595 2266 636 2333 ad
651 2265 840 2346 Ecclesiam,
862 2268 918 2334 sed
935 2269 1110 2356 semctipsos
1121 2262 1166 2326 nt

289 2380 366 2454 vitu,
377 2399 435 2467 per
445 2377 635 2442 sententiam
648 2375 766 2442 malum
780 2389 813 2442 ct
829 2379 1046 2467 operationem
1061 2373 1159 2466 pessiffit

289 2487 375 2556 enim
390 2483 544 2561 Ecclesia,
561 2485 605 2552 ibi
619 2497 652 2550 et
664 2483 799 2574 Spiritus
813 2486 886 2559 Dei:
905 2499 939 2554 et
951 2490 1006 2554 uhi
1021 2479 1158 2575 Spiritusl

288 2594 443 2673 Ecclesia,
454 2607 488 2660 et
497 2593 600 2660 omnis
612 2593 711 2682 gratia
726 2617 734 2657 ε
749 2592 883 2682 Spiritus
895 2607 1005 2664 cutem
1016 2595 1124 2661 veritas
1134 2587 1181 2664 (ΙΨ

288 2721 337 2778 ter
352 2707 407 2796 qui
422 2728 487 2772 non
502 2703 693 2793 participant
704 2725 792 2778 cum,
807 2725 938 2791 nequeo
951 2699 1178 2772 mammittsur*

288 2820 429 2884 triuotur
442 2817 476 2881 in
487 2814 597 2889 vitam,
610 2835 713 2900 neque
725 2813 904 2901 percipiunt
919 2813 960 2878 de
972 2835 1099 2903 corpore
1106 2807 1176 2873 Chri·

287 2928 454 2996 cedentem
475 2922 698 2990 nitidissimum
720 2919 859 2996 fontem
888 2920 944 2988 sed
963 2921 1109 2990 effodiunt
1126 2913 1181 2976 sil*

286 3037 417 3105 detritos
442 3033 482 3099 de
505 3030 594 3098 lossis
615 3029 784 3106 terronis²,
806 3042 839 3096 et
865 3029 904 3096 de
923 3054 1016 3099 omno
1037 3011 1181 3122 putidualss'l⁴

286 3169 414 3238 aquam,
432 3141 617 3232 effugientes
637 3139 734 3207 fidem
749 3139 911 3219 Ecclesiae,
931 3166 972 3210 nc
993 3131 1181 3210 aeduorum

286 3259 405 3326 cientes
419 3274 494 3320 vero
509 3251 674 3342 Spiritum,
691 3261 727 3316 ut
741 3274 806 3318 non
817 3251 1012 3320 erudiantur.

329 3365 465 3434 Alienati
488 3386 562 3430 roro
584 3386 601 3428 o
624 3361 767 3438 veritate,
787 3362 880 3452 digne
899 3362 931 3430 in
950 3364 1038 3430 omni
1055 3349 1181 3426 solutullll

287 3501 371 3553 rora,
385 3474 530 3542 ssuctuati
544 3473 584 3540 ob
599 3497 651 3549 eo,
667 3471 757 3538 aliter
767 3485 863 3561 atque
875 3471 966 3540 aliter
980 3499 1036 3564 per
1045 3449 1181 3555 ῑιιιψῡῑθάθῇ

284 3595 358 3660 dem
373 3589 554 3664 sentiontes,
574 3599 607 3653 et
622 3609 785 3675 nunqnam
800 3588 989 3656 sententiam
1003 3558 1181 3678 stabilittffllffll

282 3715 345 3772 test
362 3701 507 3789 sophistae
522 3699 689 3764 verborum
704 3697 804 3788 mogis
820 3694 959 3764 volentes
974 3722 1040 3766 esse
1050 3707 1122 3782 qaam
1131 3675 1181 3748 llll

282 3808 430 3874 veritatis.
449 3808 520 3874 Non
539 3808 624 3874 enim
642 3818 716 3872 sunt
733 3807 854 3874 fundati
875 3831 970 3898 super
987 3827 1074 3876 unam
1085 3789 1181 3888 petunt

314 3934 323 3968 ¹
337 3951 346 3981 ι
361 3935 419 3984 Cor.
432 3951 477 3991 ιιι,
489 3935 527 3984 ι8.
539 3963 571 3976 ·-·
581 3934 692 3985 ²ierem.
706 3953 733 3994 n,
747 3935 782 3985 ri.
