2688 4626
292 281 354 332 210
588 284 702 329 sanct!
724 282 845 336 ssss'l'llll
867 285 1020 328 Udb'l'ssis

368 397 500 460 Fecisse?
510 399 538 454 Is
548 395 580 452 iu
590 413 676 472 quem
689 393 832 454 transfero
842 393 956 472 eulpam
969 393 1040 452 deus

370 505 492 562 Servare
507 515 543 556 an
557 505 642 575 aptus
656 513 715 552 non
728 493 805 552 erit?

294 631 383 697 ldem
397 627 431 694 in
446 621 617 714 Hippolyto
631 645 640 687 a

338 750 345 764 ’
363 749 443 831 'Sed,
458 765 491 814 ut
507 771 561 833 par
574 762 662 823 esset,
677 749 739 808 baee
755 749 797 808 dii
808 769 867 809 non
879 749 1018 827 judicant.

294 889 335 954 Et
348 888 381 954 in
395 884 478 953 Jone
492 907 500 948 z

373 1015 431 1076 Sed
442 1013 496 1072 ista
508 1031 585 1070 curae
596 1008 667 1089 quid
679 1009 750 1068 mibi
763 1021 806 1068 est
816 1008 972 1068 Erechthei
1030 1037 1036 1046 ·

371 1115 467 1176 Nata?
478 1109 550 1168 nihil
562 1109 599 1168 ad
613 1129 659 1169 me
670 1111 814 1188 pertinet:
825 1108 874 1168 sed
887 1111 981 1168 aureis

373 1207 565 1268 Lustrationis
577 1205 614 1264 ad
629 1205 725 1264 locum
738 1205 848 1264 vadens
860 1205 977 1282 scyphis

371 1305 438 1363 Vim
451 1302 568 1362 fundam
579 1321 729 1381 aquarum.
743 1301 977 1362 commonendus
989 1316 1019 1360 at
1030 1302 1099 1360 mihi

371 1401 506 1462 Phoebus.
522 1400 601 1476 Quid
613 1401 685 1478 egit,
696 1401 823 1479 virgines
832 1402 862 1459 vi
873 1402 1086 1480 comprimens?

374 1503 561 1579 Prodensque
571 1513 669 1572 natos,
681 1500 841 1558 clanculum
853 1503 884 1558 iu
895 1502 988 1560 lucem
1001 1503 1106 1574 editos,

371 1607 406 1661 ln
419 1611 530 1660 morte:
543 1598 593 1656 sed
606 1609 637 1655 tu
648 1596 726 1656 haurd
738 1599 878 1677 negligas,
891 1600 941 1657 sed
951 1601 1020 1660 dum
1032 1615 1127 1680 potes,

375 1705 492 1762 Sectare
503 1711 597 1769 reeta3
609 1717 735 1778 namque
746 1699 770 1756 si
783 1699 948 1759 mortalium

374 1798 529 1880 improbus
540 1799 595 1857 erit
607 1798 686 1875 quis,
700 1797 825 1876 puniunt
834 1798 917 1857 illum
929 1799 979 1856 dii.

373 1909 478 1965 Nonne
488 1919 558 1980 ergo
569 1900 700 1978 iniquum
713 1911 769 1972 est,
777 1901 846 1977 jura
857 1901 906 1980 qui
919 1901 1089 1960 mortalibus

375 2001 521 2073 scribitis,
534 2010 567 2056 ut
579 1997 637 2076 ipsi
647 2017 706 2055 non
717 1998 824 2056 vacetis
835 1997 978 2057 crimine?

375 2101 462 2176 Quod
473 2101 497 2158 si
509 2095 586 2155 haud
599 2097 718 2170 adestis,
730 2116 794 2174 quae
805 2109 960 2176 supersunt
971 2098 1097 2177 eloquar.
1127 2167 1132 2176 ,

375 2199 492 2262 Dabitis
503 2196 671 2257 bominibus
682 2195 784 2275 perfidi
795 2217 894 2275 poenas
906 2201 1019 2277 stupri,

372 2303 540 2376 Neptunus,
551 2307 580 2355 et
591 2306 623 2352 tu
634 2307 663 2352 et
673 2296 788 2374 Jupiter
800 2296 900 2373 polum
911 2317 1032 2376 regens:

373 2401 525 2473 Eruutque
538 2413 628 2454 vacua
639 2393 760 2472 templa,
773 2392 843 2453 dum
857 2396 935 2454 luitis
946 2397 1049 2455 soelus.

372 2493 536 2555 Prudentiae
549 2513 616 2551 nam
627 2493 735 2552 blanda
746 2493 816 2552 dum
827 2497 1012 2573 praeponitis,

374 2594 479 2656 Facitis
490 2591 598 2670 inique.
610 2591 696 2651 Haud
704 2591 766 2668 jam
777 2594 900 2672 amplius
912 2595 955 2652 sas
967 2607 1010 2653 est
1021 2595 1110 2654 malos

373 2692 513 2754 Homines
527 2709 644 2764 vocare,
655 2689 680 2748 si
691 2690 778 2749 deum
789 2693 957 2768 exprimunt
966 2695 1045 2753 bona

373 2787 534 2860 Imitand03
545 2798 574 2845 at
584 2786 649 2845 illos
659 2786 706 2846 die
717 2786 808 2848 malos
819 2791 869 2867 qui
880 2810 934 2850 uos
944 2792 1059 2851 docent.

295 2927 336 2990 Et
348 2925 380 2990 in
391 2918 570 2988 Archelao:
677 2959 681 2962 -

372 3055 451 3108 Dant
465 3067 540 3127 saepe
553 3046 659 3120 verba,
672 3059 754 3122 nate,
767 3047 798 3108 di
812 3049 991 3110 mortalibus.

285 3173 336 3239 -Et
346 3173 380 3239 in
390 3168 637 3259 Bellerophonte
649 3195 657 3234 :

373 3302 404 3364 Si
417 3314 503 3380 turpe
517 3301 588 3380 quid
601 3301 631 3359 di
644 3301 778 3376 iecerint,
790 3323 849 3361 uon
862 3317 928 3361 sunt
942 3304 990 3362 dii.

294 3426 335 3490 Et
346 3445 455 3490 rursus
468 3421 502 3488 iu
514 3420 627 3486 eodem
641 3445 649 3485 ε

373 3559 426 3612 Est
437 3550 488 3630 qui
499 3569 560 3609 esse
571 3550 661 3608 fidens
672 3549 749 3608 dicat
759 3551 789 3610 in
801 3552 872 3610 coelo
885 3553 972 3624 deos;

373 3653 413 3709 Hi
423 3670 556 3729 prorsus,
565 3650 600 3734 'bi
612 3650 689 3710 baud
701 3663 785 3710 suut:
802 3673 864 3712 esse
876 3654 927 3712 sed
939 3657 1040 3734 siquis
1051 3653 1137 3724 dicat,

373 3751 419 3804 Ne
430 3747 525 3824 prisca
534 3747 637 3808 stultus
647 3747 697 3807 ille
709 3750 784 3810 dicta
796 3752 936 3828 proferat.
960 3797 963 3804 .

373 3846 508 3922 Spectate
519 3865 580 3904 rem
592 3848 697 3926 ipsam,
712 3869 765 3908 nec
776 3852 847 3912 meis
861 3852 1029 3910 sententiam
