2640 4622
243 291 392 336 nunooos
414 289 475 340 cnu
497 287 660 336 unrrnonu
681 287 795 336 sunno.
967 265 1031 342 405

26 417 68 460 m
90 393 239 462 invenire
252 407 286 462 et
297 395 417 462 discere
433 393 610 469 studeront,
622 415 687 462 non
698 393 767 460 sine
783 389 892 459 labore
906 389 942 456 id
953 413 1035 456 osse-

15 516 191 568 necentur.

37 609 95 676 llli
109 623 221 676 autem
236 610 404 682 dixerunt:
420 610 470 676 De
482 610 547 680 boe
558 631 632 676 sane
646 609 728 674 inter
738 629 796 674 nos
807 607 967 676 convenit.

40 713 135 780 Audi
147 715 256 802 igitur,
266 713 408 800 iuquam,
421 714 498 802 quid
509 725 667 800 sequatur.
678 712 778 782 Moses
789 714 875 780 cuim
885 733 1039 801 appareu-

15 843 70 884 ·m
86 819 179 886 illam
194 821 296 888 crucis
316 821 555 888 detestationem
573 821 707 908 primus,
731 820 826 908 signis
845 842 915 908 que
933 822 974 885 ab
997 842 1036 886 co

17 953 157 1020 <pressa
172 943 259 1006 sunt.
276 929 454 998 declaravit.

50 1041 211 1118 Quaenam
222 1039 301 1105 ista?
312 1039 413 1128 inquit
424 1037 485 1106 illc.

50 1145 138 1212 Cum
152 1144 302 1234 populus,
321 1148 462 1234 inquam,
477 1167 551 1212 cum
565 1143 697 1212 Amalec
710 1141 831 1212 bellum
846 1155 980 1230 gereret,
998 1164 1037 1210 ec

21 1273 102 1318 avae
126 1251 224 1328 filius,
244 1253 298 1340 qui
317 1253 409 1323 lesus
431 1253 671 1342 cognominatus
693 1264 753 1328 est,
776 1251 895 1340 primus
909 1263 991 1318 meet
1005 1252 1038 1318 in

20 1361 90 1434 zio,
105 1359 208 1427 lllosos
223 1361 290 1448 ipse
300 1359 403 1426 Deum
414 1363 538 1436 orabot;
551 1361 697 1426 manibus
709 1360 870 1445 utrimque
880 1359 1035 1428 estensis:

10 1450 54 1531 31·
69 1479 227 1535 autumet
246 1467 352 1536 Aaron
367 1491 419 1534 aas
441 1481 509 1535 toto
524 1470 576 1538 die
591 1470 801 1544 sustinebant,
817 1490 858 1533 no
872 1489 912 1532 eo
926 1466 1040 1534 taneto

20 1577 263 1643 omitterentur.
283 1575 316 1647 si
333 1578 510 1664 quidecim
525 1579 565 1644 rle
579 1577 643 1646 hoc
654 1577 742 1664 signo
755 1575 1040 1664 crucemimitante

1 1673 2 1678 ἵ
23 1685 188 1758 amiserat,
203 1683 339 1773 populun
354 1687 552 1760 vincebatur,
568 1697 605 1750 ut
619 1683 651 1750 in
666 1683 759 1750 blosio
780 1683 873 1750 libris·
884 1685 1040 1772 scriptum

22 1791 76 1858 ÷t¹
100 1792 241 1858 :sivero
257 1791 290 1858 in
312 1792 375 1858 hoe
396 1792 457 1856 situ
476 1792 694 1882 permanebat.
711 1791 832 1858 tamdiu
854 1791 1041 1860 vincebatur
1087 1803 1089 1810 ’

1 1891 2 1899 '
23 1895 159 1971 .molec;
178 1898 280 1986 etqui
297 1898 415 1964 viribus
433 1900 614 1986 prestabat,
634 1921 691 1986 per
711 1919 841 1964 crucem
858 1901 1036 1986 praestabat.

23 2007 127 2091 loque
147 2006 233 2072 onim
247 2018 412 2094 propterea
434 2003 569 2093 populus
584 2005 743 2080 vincebat,
766 2006 853 2092 quod
874 2006 975 2072 llooes
997 2008 1040 2074 iu

28 2125 212 2190 recaretur,
228 2114 284 2180 sed
299 2114 372 2201 quin
386 2135 460 2180 cum
478 2137 595 2180 nomen
606 2114 683 2180 «lesu
698 2125 779 2180 esset
793 2115 826 2180 in
843 2115 943 2203 prima
959 2117 1040 2192 acic,

5 2225 83 2308 'ose
98 2221 202 2286 crucis
220 2221 346 2309 siguum
363 2221 541 2288 exhibebat.
562 2222 641 2301 Quis
661 2222 746 2288 enim
760 2235 900 2292 vestrum
918 2225 1040 2313 ignoret

25 2352 49 2394 a
68 2329 203 2394 maxime
217 2351 312 2417 preco
331 2330 434 2394 Deum
448 2327 581 2417 placari,
593 2353 663 2417 quoe
674 2350 749 2398 cum
762 2330 881 2418 ejulatu
894 2342 926 2398 ot
940 2331 1042 2421 lacry-

1 2445 2 2452 ’
27 2438 88 2512 ris,
101 2460 138 2504 ae
152 2460 253 2525 prono
265 2459 397 2526 corporo
408 2447 462 2503 aut
473 2437 561 2504 [lenio
572 2439 703 2526 genibus
713 2438 880 2506 funditur?
890 2441 941 2507 Ad
952 2443 1040 2510 huno

1 2546 123 2608 ¹'utem
138 2546 269 2612 modum
284 2544 433 2633 inlepide
454 2545 565 2614 sedens
581 2567 643 2612 nec
664 2547 730 2634 ipse
747 2560 868 2637 postea,
886 2573 946 2616 nec
961 2549 1040 2614 alius

23 2651 181 2738 ¹uinquam
197 2652 306 2718 oravit.
324 2653 427 2718 llnbct
442 2652 538 2718 etiam
553 2651 632 2740 lapis
647 2653 921 2741 significationem,
938 2669 973 2722 ut
987 2681 1040 2724 os-

1 2761 3 2772 '
20 2760 114 2835 endi,
132 2759 257 2826 Christo
273 2761 523 2828 convenientem.

58 2867 144 2936 XCI.
160 2867 263 2956 Atque
273 2870 369 2936 etism
384 2867 444 2934 alia
455 2870 540 2936 Deus
552 2871 673 2936 ratione
684 2893 741 2958 por
752 2871 873 2938 Mosam
884 2873 948 2938 vim
959 2896 1042 2961 mys-

2 2975 3 3000 ³
22 2978 87 3042 orii
103 2978 204 3044 crucis
216 2978 371 3050 indicans,
388 2976 465 3042 dicit
478 2979 511 3042 in
526 2978 748 3045 benedictione
764 3002 825 3066 qua
837 2979 976 3068 losepho
988 2984 1041 3048 be-

18 3083 136 3162 aedicit
148 3105 156 3144 ε
176 3109 189 3142 a
204 3083 465 3150 Abenedictione
475 3083 604 3148 Domini
613 3095 697 3149 terra
710 3086 792 3172 ojus;
808 3090 847 3152 cb
859 3088 944 3155 boris
955 3090 1041 3167 coefl,

1 3213 25 3250 ἰ
45 3202 81 3256 ct
96 3213 177 3266 rore,
192 3202 224 3254 ot
238 3193 277 3260 ab
293 3194 406 3278 abysso
420 3191 556 3258 sontium
573 3192 722 3260 deorsum
736 3207 768 3260 et
782 3219 935 3284 aquarum
950 3224 1042 3288 pura-

1 3322 26 3360 ‘a
46 3321 140 3364 rum:
161 3299 300 3387 germina
317 3298 389 3366 solis
405 3302 618 3368 conversionis
636 3327 643 3367 ι
661 3315 693 3368 et
708 3326 726 3370 a
744 3305 934 3374 coitionibus
951 3333 1042 3376 men-

15 3439 26 3468 „
45 3409 142 3483 sium,
156 3419 188 3472 ct
203 3429 221 3470 a
236 3407 353 3472 vertice
369 3408 537 3484 montium,
553 3419 585 3475 et
604 3433 622 3474 a
642 3413 759 3478 vertice
777 3411 918 3489 collium,
934 3429 967 3480 et
980 3417 1044 3485 llu-

14 3549 27 3576 »
44 3517 167 3584 minum
190 3514 392 3605 perennium,
415 3527 447 3581 ct
468 3515 632 3582 fruetuum
648 3529 740 3584 terrae
760 3517 988 3609 plenitudinis:
1010 3535 1043 3588 et

17 3653 29 3682 n
48 3635 177 3710 accepta
193 3623 222 3687 ei
243 3623 295 3710 qui
312 3622 395 3687 visus
410 3635 457 3687 est
473 3623 506 3687 in
521 3625 614 3700 rubo,
631 3626 756 3694 veniant
772 3651 867 3718 sopor
881 3643 976 3719 caput
990 3633 1043 3698 Jo-

17 3759 30 3790 a
47 3730 170 3816 sephet
186 3731 347 3798 verticem.
366 3729 473 3800 Gloria
488 3743 616 3800 evectus
635 3734 716 3800 inter
736 3736 845 3805 iratres
860 3763 868 3806 s
885 3741 1042 3830 primoge-

2 3862 5 3871 ’
54 3853 151 3905 ¹E10d.
164 3873 239 3907 usu.

816 3952 864 4013 ab.
