2688 4626
265 265 325 308 202
561 265 674 312 saner!
697 265 816 309 ttts'rtrtt
840 263 996 309 martura

262 401 275 436 1
291 393 387 460 quam
401 363 513 440 eorum
528 397 599 461 quae
616 375 741 448 dicunt,
757 373 977 462 intelligentes.
993 371 1075 436 »llic
1090 367 1308 436 manilestcet

261 493 370 571 aperto
384 482 425 546 nd
439 480 567 570 Sibyllae
582 483 712 571 respicit
725 503 844 549 versus.
859 482 933 570 lpse
946 481 1046 553 enim,
1062 501 1137 544 non
1157 490 1196 542 ut
1212 491 1306 565 poeta
1338 480 1339 550 l

258 601 331 678 post
345 590 460 678 scripta
476 589 630 666 carmina,
648 586 832 656 fucultatem
847 586 987 654 babebat
1001 585 1212 652 emendandi
1229 597 1259 650 et
1272 584 1302 648 11

258 697 380 774 mandi,
398 698 431 763 in
443 697 491 764 bis
502 699 679 787 praesertim
693 721 765 786 quea
775 698 817 762 ad
828 707 1011 764 accuratam
1024 715 1251 760 numerorum
1264 689 1301 754 le

258 830 330 896 gem
346 808 527 895 pertinent:
550 808 606 876 sed
627 808 661 874 iu
682 809 750 896 ipso
767 805 890 873 afflatus
905 803 1041 870 articulo
1061 804 1152 868 vatis
1177 825 1299 866 munere
1338 797 1339 882 l

258 919 467 1006 fungebatur;
483 940 522 985 ac
536 920 700 986 desinente
711 919 819 984 alllntu
834 917 999 982 desinebat
1013 915 1187 980 dictorum
1200 933 1299 976 recor-
1338 925 1339 940 ¹

259 1026 355 1091 datio.
382 1027 486 1115 Atque
501 1028 572 1094 baec
591 1050 666 1093 sane
687 1025 790 1092 extitit
807 1047 914 1100 causa,
935 1045 994 1090 cur
1018 1045 1088 1088 111
1112 1043 1230 1086 omnes
1246 1043 1299 1083 nu·
1338 1037 1339 1050 ¹

259 1135 338 1201 meri
354 1157 503 1200 versuum
523 1135 652 1223 Sibylla·
667 1147 878 1202 servarentur.
901 1131 938 1198 ld
956 1132 1059 1206 enim,
1086 1153 1168 1196 cum
1190 1130 1223 1194 in
1244 1127 1297 1193 bac

259 1244 339 1309 urbe
362 1265 516 1319 essemus,
538 1267 556 1310 a
577 1243 821 1332 perductoribus
843 1241 1028 1315 didicimus,
1049 1240 1109 1326 qui
1130 1251 1162 1304 et
1181 1236 1295 1302 locria

260 1353 374 1440 quibus
390 1354 621 1421 vaticinabatur
636 1355 727 1420 nobis
739 1361 968 1425 monstrarunt,
986 1361 1018 1414 et
1031 1347 1184 1414 loculum
1195 1369 1293 1434 quem

259 1459 333 1526 dam
354 1482 394 1524 ex
417 1483 479 1526 sere
495 1471 729 1535 constructum,
745 1461 778 1525 in
798 1481 861 1547 quo
884 1458 954 1545 ejus
972 1453 1130 1541 reliquias
1151 1455 1293 1519 assensuri

259 1567 421 1634 dicebaut.
440 1565 523 1634 lllud
537 1568 633 1634 etiam
651 1568 735 1634 inter
753 1566 826 1642 alia,
844 1577 880 1630 11
899 1588 917 1629 1
932 1563 1114 1650 majoribus
1131 1573 1289 1649 acceptum

258 1677 442 1752 narrabant,
458 1699 512 1742 eos
525 1678 580 1764 qui
591 1689 669 1742 tunc
680 1674 808 1742 oracula
823 1673 1037 1761 excipiebant,
1055 1695 1138 1737 cum
1149 1669 1289 1736 illitterati

256 1795 374 1858 essent,
398 1805 481 1872 saepe
502 1784 543 1848 ab
561 1796 709 1850 accurata
733 1781 941 1848 numerorum
956 1780 1182 1845 observatione
1200 1779 1282 1842 aber-
1339 1805 1340 1856 1

257 1911 359 1966 111111
380 1901 474 1978 atque
485 1891 519 1956 id
530 1914 633 1958 causae
644 1913 712 1956 esse
724 1891 885 1966 dicebant,
898 1911 956 1954 cur
968 1911 1127 1953 numerus
1140 1882 1283 1952 nonnullis
1339 1943 1340 1964 q

258 1997 399 2063 versibus
414 1998 516 2063 desit:
535 1999 652 2087 quippe
667 2021 742 2064 cum
757 1997 836 2086 ipsa,
852 2007 1020 2085 postquam
1032 1997 1138 2062 teneri
1153 1993 1286 2062 111111111

257 2105 405 2181 desierat,
429 2106 508 2172 nihil
532 2131 645 2174 eorum
666 2130 735 2195 quae
765 2107 886 2172 dixerat
906 2106 1144 2183 recordaretur,
1172 2101 1286 2169 librarii

257 2225 364 2278 autem
379 2215 420 2279 cb
437 2215 628 2303 imperitiam
640 2217 680 2282 ab
692 2227 839 2290 accurata
851 2237 1063 2282 numerorum
1074 2211 1285 2278 observatione

257 2323 464 2388 aberrassent.
489 2324 561 2403 Qua
582 2324 623 2390 de
642 2347 737 2392 causa
763 2323 927 2390 Platonem
950 2324 990 2389 ad
1013 2321 1133 2412 Sibyllae
1150 2317 1279 2386 oracula

257 2430 478 2518 respicientem
494 2431 579 2499 idem
594 2432 634 2498 de
645 2433 768 2498 vatibus
779 2433 1000 2520 pronuntiasse
1012 2432 1121 2520 liquet.
1132 2429 1185 2496 Sic
1196 2429 1284 2494 enim

257 2540 320 2604 ait:
339 2565 352 2602 1
369 2540 450 2606 Cum
464 2565 615 2630 prospere
630 2543 855 2618 vaticinantur,
870 2541 971 2608 multa
986 2554 1020 2608 11
1041 2563 1156 2630 magna
1177 2537 1283 2606 diceu-

256 2661 343 2725 »tes,
359 2673 419 2716 nec
435 2651 607 2739 quidquam
622 2673 734 2716 eorum
748 2675 818 2740 quae
834 2651 945 2716 dicunt
959 2648 1212 2738 intelligentes.»

297 2757 481 2827 XXXVlll.
504 2758 568 2826 Sed
583 2760 657 2848 quia
679 2761 791 2827 necin
811 2759 945 2849 poeticis
964 2759 1121 2834 numeris,
1139 2781 1159 2822 1
1174 2755 1281 2830 Graeci,
1340 2769 1341 2790 .

254 2887 326 2930 vera
343 2866 451 2956 religio
466 2868 524 2934 1111
539 2881 599 2944 est,
616 2891 677 2934 nec
690 2870 723 2934 in
735 2892 785 2946 ea,
803 2892 873 2956 quae
888 2869 974 2958 apud
989 2891 1044 2936 ros
1060 2869 1095 2934 in
1109 2868 1215 2955 pretio
1228 2878 1282 2938 cst,

253 2974 448 3048 eruditionet
469 2976 584 3042 omissa
600 2976 749 3066 deinceps
769 2999 979 3044 numerorum
993 2986 1027 3042 et
1041 2976 1217 3042 verborum
1232 2999 1282 3038 ex-

253 3081 365 3170 quisita
388 3082 521 3158 ratione,
538 3083 617 3150 citra
633 3084 845 3150 contentionis
865 3085 1006 3150 studium
1029 3083 1108 3172 quid
1128 3109 1149 3150 1
1168 3081 1284 3170 Sibylla

253 3190 377 3257 dicutur
402 3191 653 3267 animadvertite,
676 3205 709 3258 et
729 3205 845 3280 quanta
866 3193 956 3259 vobis
978 3189 1114 3256 allatura
1137 3193 1179 3258 sit
1204 3193 1285 3256 bona

253 3299 434 3389 perspicite,
450 3298 581 3367 clareat
596 3313 703 3391 aperte
718 3299 1285 3368 81111111111111111111(1111111111-

253 3419 382 3474 ventum
398 3407 629 3496 prenuntiabat
651 3409 706 3496 qui
722 3395 852 3476 1111111
870 3409 929 3476 Dei
944 3407 1101 3483 Verbum,
1118 3410 1238 3474 virtute
1255 3419 1285 3472 et

253 3517 393 3602 potentia
407 3517 447 3588 ab
462 3541 501 3586 11
512 3517 733 3606 inseparabile,
747 3517 909 3594 hominem
920 3519 962 3584 ad
973 3518 1147 3608 imaginem
1159 3530 1191 3582 et
1202 3517 1283 3582 simi-

253 3622 419 3690 litudinem
430 3627 488 3694 Dei
500 3640 643 3698 creatum
654 3652 829 3706 assumens,
844 3630 1003 3696 revocavit
1014 3630 1107 3695 nobis
1119 3629 1154 3694 in
1166 3649 1284 3696 memo

253 3731 332 3796 riam
357 3733 535 3821 priscorum
549 3749 717 3826 parentum
733 3736 929 3826 religionem,
952 3727 1019 3826 qua¹
1037 3734 1148 3804 relicta
1172 3757 1283 3801 eorum

252 3842 383 3929 posteri,
403 3842 500 3912 invidi
523 3845 673 3914 demonis
692 3847 820 3918 monitis
839 3860 872 3912 ct
892 3847 1048 3921 doctrina,
1070 3846 1111 3911 ad
1130 3845 1208 3912 deos
1230 3843 1281 3931 qui
