2630 4614
344 309 384 355 so
713 306 845 368 usuratu
870 311 980 354 assum

341 419 525 490 nesnrrlhm
539 420 657 488 habeut
669 441 810 496 caruem,
828 421 884 488 sed
902 418 1035 512 spiritalis
1046 420 1224 507 estraiscuupsp.

340 545 375 600 ut
390 533 468 621 ignis
482 544 514 598 et
528 530 618 596 aeris.
637 529 678 596 iis
692 540 797 594 autem
808 527 882 594 solis
894 529 947 618 qui
961 527 1064 616 Spiritu
1075 529 1118 594 boi
1131 531 1225 592 rouuuit

341 653 425 718 sunt,
435 637 524 706 facilc
532 637 630 702 videri
641 647 772 726 possunt
782 635 877 702 etiem
889 635 1055 702 daemonum
1062 657 1166 723 corpore
1174 639 1224 699 aaa

338 773 412 816 vero
427 769 639 836 nequaquam,
656 747 762 820 idest,
778 745 943 834 psychicis.
960 745 1033 812 Nam
1042 745 1222 834 prestantiusbi

337 857 450 922 seriore
464 852 688 943 comprehendi
702 875 767 918 uon
781 863 893 941 potest.
907 853 1065 943 Propterea
1074 875 1130 940 ergo
1140 852 1225 916 danaae

338 974 448 1030 natura
463 962 654 1053 poenitcutiae
665 960 771 1028 locum
786 985 849 1028 non
864 961 971 1028 babet.
984 961 1059 1028 Sunt
1069 961 1135 1026 enim
1142 961 1227 1024 maur

336 1071 485 1160 nequitiae
499 1069 628 1157 quidam
638 1066 829 1156 splendores.
844 1065 972 1132 Materia
987 1065 1226 1132 autemsuinaniue

337 1182 470 1246 vitutcm
489 1177 630 1266 redigere
645 1173 765 1242 voluit:
783 1196 821 1240 ac
836 1174 1010 1242 secundum
1025 1173 1136 1240 liberum
1146 1171 1226 1236 arbitria

337 1292 387 1358 isti
402 1288 529 1378 quidem
547 1286 631 1376 leges
649 1287 759 1352 mortis
777 1284 957 1352 hominibus
976 1284 1157 1351 tradiderunt:
1169 1281 1227 1345 bouia

335 1423 409 1467 vcro
421 1407 492 1488 post
503 1393 744 1462 immortalitatis
758 1396 913 1483 jacturam
924 1407 1025 1462 morte
1034 1417 1085 1482 par
1093 1392 1227 1458 fidsuohar

334 1519 470 1576 mortem
481 1515 721 1594 superaverunt,
738 1525 775 1570 ac
788 1525 846 1591 per
859 1499 1228 1591 poeniteutismrocatioricr

333 1639 419 1684 cessa
435 1613 610 1681 secundum
627 1611 715 1678 hunc
730 1634 909 1678 sermonem
922 1634 956 1676 :a
972 1610 1117 1691 Quoniam
1130 1605 1228 1697 putum

333 1726 398 1792 »ab
414 1721 532 1811 angelis
547 1721 705 1788 imminuti
718 1719 821 1786 sunt¹.
840 1748 853 1782 s
867 1720 974 1786 Potest
988 1731 1089 1786 autem
1097 1713 1226 1806 quisqu'urit¹

331 1845 379 1902 est
393 1856 501 1900 rursus
513 1832 652 1908 vincere,
663 1832 689 1896 si
701 1831 810 1896 mortis
822 1853 948 1898 causum
963 1831 1109 1920 repudiet
1121 1828 1221 1906 Qucum·

332 1931 398 2010 tem
413 1940 464 2008 illa
487 1942 527 2006 sit
542 1939 634 2006 facile
650 1940 829 2028 perspicere
850 1952 994 2028 possunt,
1011 1941 1065 2026 qui
1084 1931 1224 2004 immorata

333 2051 571 2139 concupiscunt.

374 2156 460 2224 XVI.
471 2157 637 2223 Daemones
648 2169 757 2224 autem
768 2157 822 2245 qui
833 2158 1015 2224 homiuibus
1026 2156 1229 2245 imperantur

330 2261 496 2334 bominum
507 2268 629 2332 animae.
646 2267 720 2346 Quo
732 2269 817 2334 caim
827 2279 920 2356 pacto
928 2268 1074 2336 efficaces
1085 2269 1227 2350 satrapum

329 2387 394 2441 tem
404 2375 542 2440 suerint?
555 2375 619 2440 Nisi
630 2374 712 2440 forte
723 2375 831 2451 homo,
844 2375 995 2463 quamdiu
1007 2378 1093 2452 vivit,
1103 2359 1223 2462 insipietitt

328 2483 449 2551 validus
459 2495 507 2548 est
518 2505 525 2546 :
536 2493 680 2548 mortuus
691 2481 868 2550 efficaciore
879 2482 1019 2550 creditur
1029 2477 1231 2574 prodituspata·

328 2590 393 2656 Sed
401 2613 454 2656 res
468 2592 511 2656 ita
523 2614 556 2657 se
568 2613 633 2658 nou
648 2591 757 2667 habet,
774 2603 811 2656 ut
825 2589 899 2658 alibi
915 2592 1233 2664 demonstravimus

220 2771 225 2780 ,
328 2698 455 2768 difficile
470 2713 517 2766 est
535 2700 715 2768 existimate
729 2701 868 2768 animam
883 2701 1106 2778 immortalem,
1123 2709 1234 2790 queant

325 2809 476 2876 membris
498 2807 681 2896 impeditur,
704 2808 911 2896 sagaciorem,
934 2833 1009 2878 cum
1035 2835 1075 2878 ex
1095 2835 1130 2878 eo
1148 2807 1238 2893 mpetu

324 2915 402 2982 iieri.
421 2915 587 2982 Daemones
597 2915 696 2991 enim,
710 2915 787 2980 dum
801 2939 860 3005 pro
875 2939 930 2983 sua
942 2921 1082 3007 nequitia
1094 2921 1123 2988 iu
1136 2903 1236 2985 homim-vd

324 3023 531 3099 bacchantur,
545 3024 693 3090 deorsum
705 3035 869 3113 vergentes
885 3048 996 3092 eorum
1007 3029 1126 3094 animos
1136 3013 1239 3094 satsat

286 3191 287 3194 ,
322 3126 443 3194 lacibus
471 3127 755 3195 machinationibus
777 3143 971 3218 pervertunt,
992 3157 1057 3222 quo
1076 3135 1167 3202 miuus
1182 3121 1244 3192 adut

323 3235 477 3303 emiorum
487 3237 564 3325 erigi
575 3237 704 3324 possint.
721 3237 785 3302 Sed
795 3261 857 3306 neo
866 3263 903 3306 ca
914 3263 972 3306 nos
983 3239 1082 3308 latent
1096 3265 1157 3332 qua
1167 3224 1246 3306 inam

320 3359 412 3419 sums
431 3355 463 3412 et
484 3345 588 3412 diviua
611 3345 703 3411 facile
716 3369 734 3410 a
749 3349 840 3412 uobis
856 3350 1082 3438 comprehendi
1097 3341 1244 3440 poenitat

320 3452 385 3529 illa,
399 3477 469 3543 quae
480 3455 600 3520 animos
612 3451 804 3529 immortales
815 3453 901 3532 iacit,
914 3457 955 3522 ad
966 3481 1023 3524 nos
1036 3457 1191 3526 necesarii.
1202 3445 1249 3515 aasz<

319 3553 1246 3651 turautemetapsychicisdaemoucs,acseseuonnauquan't

321 3667 444 3736 minum
455 3670 615 3760 adspectui
627 3671 791 3743 euhibcutt
808 3670 854 3738 vel
866 3685 900 3740 ut
911 3672 1028 3764 aliquid
1037 3699 1102 3744 esse
1110 3673 1249 3744 existiment

321 3772 486 3842 ueletiam
513 3777 632 3868 aliquid
654 3792 804 3867 tauquam
827 3780 959 3851 inimicis
985 3798 1117 3854 noceant
1135 3745 1249 3849 saiand

353 3903 362 3938 ¹
374 3903 438 3955 Paul.
452 3921 505 3964 vrrs,
514 3905 540 3964 4.
