2688 4626
386 294 540 339 seonoors
564 293 670 338 rurus.
980 275 1040 359 a57

18 409 84 474 rina
101 406 225 472 virtute.
239 398 342 470 Prima
353 415 463 468 autem
478 401 663 469 secundum·
672 399 842 470 Parentum
853 402 996 468 omnium
1010 415 1043 468 et

14 517 182 582 Dominum
198 514 295 584 virtus
310 513 348 601 et'¹
363 511 461 586 lilius,
473 509 622 578 Verbum
639 521 703 582 ests
721 509 808 597 quod
822 509 984 599 quomodo
1001 510 1047 576 in-

14 635 177 690 carnatum
197 621 293 688 homo
314 619 437 708 factum
458 617 511 693 sit,
537 616 687 704 deinceps
707 615 858 682 dicemus.
889 615 1049 698 Quemad-

13 730 146 797 modum
163 731 252 796 enim
271 751 340 794 une
359 727 547 816 sanguinem
566 747 630 790 non
648 723 746 791 bomo
764 725 851 800 lecit,
871 723 928 791 sed
943 725 1044 801 lienes

14 841 54 905 ita
71 851 105 904 et
118 837 314 928 hic-sanguis
330 833 568 925 significabatur
581 855 645 897 non
661 853 701 896 ex
717 830 861 899 humano
878 835 1045 923 sangnine,

12 948 70 1014 sed
85 971 126 1013 ex
140 948 256 1018 virtute
274 947 343 1022 Dei,
362 959 396 1012 ut
411 945 478 1034 jam
494 943 641 1017 diximus,
660 941 795 1010 futurus.
816 942 921 1030 Atque
938 944 1045 1010 Esaias

11 1053 93 1122 alius
109 1055 265 1144 propheta
281 1054 391 1120 eadem
409 1051 512 1119 verbis
530 1049 659 1117 diversis
679 1049 852 1139 predicens
869 1043 923 1118 sic'
934 1051 1041 1118 latur:

20 1161 176 1228 «Orietnr
186 1159 275 1228 stella
287 1160 452 1237 axlacob,
465 1172 497 1225 et
507 1157 596 1225 llose
611 1157 719 1225 radice
734 1158 822 1226 lesse
832 1161 995 1237 ascendet,
1011 1174 1044 1228 et
1067 1213 1070 1218 .

14 1301 25 1332 ι
40 1273 72 1338 in
86 1271 255 1336 brachium
270 1270 339 1359 ejus
355 1283 466 1360 gentes
482 1269 657 1359 sperabunt
667 1268 689 1333 ¹.
705 1297 719 1332 s
734 1267 833 1336 Stella
848 1293 924 1336 sane
938 1269 1042 1338 lucida

14 1390 119 1444 exorta
129 1389 188 1455 est,
201 1389 236 1442 et
250 1376 308 1443 llos
320 1377 464 1444 ascendit
474 1397 493 1442 a
503 1376 611 1443 radice
626 1374 715 1444 Jesse
726 1376 782 1443 hic
793 1377 1045 1446 Christro‘ltam

14 1511 52 1551 ex
66 1487 183 1576 virgine
198 1487 328 1552 seminis
343 1486 470 1562 Jacobi,
493 1486 548 1575 qui
563 1484 656 1553 Judae
679 1497 770 1574 puter
785 1469 889 1552 extitit
911 1487 1046 1573 (ludam

15 1607 116 1661 autem
135 1596 325 1662 Judaecrum
334 1606 460 1684 patrem
471 1617 541 1660 esse
563 1593 796 1684 ostendimus),
819 1617 879 1684 per
897 1596 1048 1663 virtutem

14 1704 69 1768 Dei
88 1706 213 1792 genitus
229 1715 288 1770 est.
315 1704 362 1771 Ac
380 1703 471 1770 lesse
489 1701 622 1792 quidem
639 1725 775 1792 proavus
795 1702 914 1769 Christi
933 1727 1050 1772 secun-

15 1813 88 1878 dum
104 1812 276 1882 oraculum
287 1812 362 1882 suits
381 1811 496 1880 Jacobi
510 1822 619 1877 autem
633 1824 667 1884 et
677 1809 697 1876 J
700 1811 768 1878 udae
780 1809 863 1878 filius
875 1815 1050 1880 secundum

14 1923 138 2012 generis
153 1923 403 1990 successionem.
611 1907 615 1915 ⁵

59 2031 220 2097 XXXlll.
241 2031 314 2096 Jam
329 2054 405 2096 vero
421 2030 691 2119 quemadmodum
706 2055 745 2097 ex
759 2031 878 2120 virgine
894 2033 1051 2100 oriturum

14 2139 180 2227 conceptis
201 2137 309 2203 verbis
330 2137 439 2204 Esaias
458 2138 650 2226 praedixerit,
672 2139 791 2205 audite.
811 2140 866 2207 Sic
883 2155 989 2210 autem
1006 2145 1053 2210 lo-

13 2259 132 2334 quutus
143 2260 213 2313 est:
236 2249 343 2314 «Ecce
357 2247 443 2336 virgo
455 2249 487 2314 in
503 2261 594 2314 utero
609 2248 753 2325 habebit,
769 2261 802 2314 et
817 2251 918 2338 pariet
933 2252 1046 2331 lilium,

15 2369 72 2422 »et
97 2357 206 2424 dicent
231 2380 329 2446 super
350 2358 480 2424 nomine
502 2358 584 2446 ejus,
610 2357 784 2424 Nobiscum
804 2359 890 2427 Deus
899 2359 921 2426 ².
936 2392 950 2425 ι
968 2365 1047 2444 Quae

14 2468 98 2532 enim
110 2466 314 2534 incredibilia
330 2478 421 2533 erunt
436 2477 469 2532 et
483 2465 553 2532 lieri
569 2489 634 2534 non
650 2491 744 2557 posse
761 2467 944 2537 hominibus
960 2474 1050 2540 vide-

14 2579 142 2654 bantur,
158 2601 195 2644 ea
206 2579 295 2644 Deus
306 2599 365 2667 per
378 2576 533 2666 Spiritum
547 2577 773 2666 propheticum
783 2577 888 2644 lutura
899 2603 1051 2669 praennn-

15 2688 112 2765 tiarit,
125 2701 160 2755 ut
176 2709 256 2757 cum
269 2689 461 2762 evenissent,
474 2685 553 2752 fides
569 2686 614 2751 eis
629 2709 694 2752 non
710 2687 930 2776 derogaretur,
946 2692 1003 2757 sed
1013 2713 1053 2756 ex

16 2820 52 2862 eo
66 2798 150 2884 quod
161 2807 272 2866 essent
283 2795 449 2886 predicta,
461 2793 679 2860 crederentur.
699 2793 746 2859 Ne
762 2789 816 2881 'spui
832 2808 941 2860 autem
952 2796 1056 2883 prola-

18 2919 78 2972 tam
91 2906 296 2997 prophetiam
306 2905 412 2971 minus
423 2902 648 2991 intelligentes,
660 2901 774 2968 eadem
790 2904 883 2968 nobis
901 2904 1055 2991 objiciant

17 3039 83 3103 quse
95 3019 213 3108 poetis,
222 3001 338 3083 dorem
350 3015 529 3080 dicentibus
542 3010 583 3076 ad
590 3009 741 3076 mulieres
752 3011 797 3076 rei
809 3035 952 3080 venereae
960 3039 1054 3086 causa

16 3129 203 3201 ventitasse,
217 3125 411 3212 objecimuss
430 3124 527 3188 verba
538 3120 706 3208 explanare
718 3131 887 3188 tentemus.
907 3122 1056 3218 llludigi.

18 3249 85 3311 tur,
103 3233 190 3298 Eece
204 3232 303 3318 uirgo
317 3233 355 3296 in
369 3249 461 3298 utero
475 3229 617 3305 habebit,
637 3227 795 3319 significat
804 3234 924 3322 ubsque
935 3257 1057 3305 concu-

18 3345 89 3412 bitu
112 3351 355 3430 concepturam.
378 3341 460 3407 Nam
480 3341 506 3406 si
526 3337 726 3428 cumulique
745 3343 973 3420 consuevisset,
993 3369 1057 3413 non

22 3457 85 3542 jum
100 3465 188 3520 esset
205 3451 304 3540 virgo.
320 3449 385 3518 Sed
393 3450 493 3516 virtus
506 3451 565 3515 Dei
581 3449 805 3539 superveniens
820 3453 934 3541 virgini
948 3455 1058 3524 obum-

23 3561 123 3628 bravit
133 3583 223 3636 eam,
236 3557 375 3647 lecitque
388 3566 424 3622 ut
434 3567 516 3630 tum,
529 3578 602 3621 cum
613 3569 696 3622 esset
705 3557 806 3646 virgo,
818 3573 1003 3648 praegnnret.
1017 3564 1056 3631 Et

24 3672 75 3758 qui
87 3684 167 3738 tunc
182 3668 338 3758 adipsum
354 3665 510 3754 virginem
525 3664 638 3730 missus
653 3675 701 3730 est
716 3659 844 3754 angelus
859 3666 929 3744 Dei,
946 3669 990 3736 sio
1005 3670 1054 3742 lae-

26 3793 91 3848 tum
109 3781 139 3848 ei
156 3779 307 3854 nuntium
326 3774 454 3843 attulit:
473 3776 582 3846 «Ecce
600 3773 758 3865 concipies
775 3775 808 3844 in
824 3789 914 3848 utero
931 3803 969 3848 ex
986 3781 1055 3873 Spi-

56 3911 64 3943 ¹
76 3909 142 3960 Esai.
156 3927 192 3971 m,
207 3925 227 3958 ι.
239 3937 270 3948 -
281 3905 293 3943 ²
304 3907 372 3958 linai.
383 3922 430 3969 vu,
444 3906 481 3966 14.
