2772 4610
325 199 388 262 558
624 227 737 270 sinum
760 225 880 272 rrsruu
903 229 1061 272 uxurxrus

369 325 452 390 Tum
468 325 540 392 iIIe:
562 329 587 392 F
590 352 639 404 ac,
656 331 770 418 inquit,
787 344 822 396 ut
838 333 895 398 tihi
909 333 1055 404 videtum
1078 329 1153 396 mihi
1173 335 1245 396 onim
1261 357 1304 398 rm

325 446 466 522 optatam
481 435 586 504 socios.

367 543 477 610 LVIII.
496 547 537 610 Et
549 570 607 634 ego
619 549 681 613 dixi
695 572 702 612 z
723 549 902 638 Scripturas
912 550 1005 615 vobis
1017 549 1163 624 referam,
1177 571 1229 612 nec
1240 573 1304 636 appr-

327 665 432 724 ratum
453 656 625 720 vorborum
646 657 688 723 ad
710 657 808 723 soIam
831 670 932 724 artam
956 667 1118 723 ostentare
1137 655 1216 726 volo:
1239 679 1305 742 usqu

324 763 410 825 mrim
425 761 502 826 mihi
519 775 566 828 est
581 765 737 852 ejusmodi
752 765 897 842 facultas,
918 767 974 831 sad
996 777 1121 830 tautum
1135 760 1222 852 gratia
1234 765 1305 827 nihii

326 871 393 936 Dco
408 892 571 948 concessa,
595 885 630 938 ut
644 875 713 961 ojus
729 875 909 963 Scripturas
927 873 1121 962 intelligam
1144 874 1226 960 cujus
1237 875 1304 959 grstia

327 1002 438 1045 omncs
453 977 608 1049 adhortor
623 994 658 1046 ut
673 984 769 1071 gratia
781 996 812 1048 ct
824 983 951 1072 copioso
964 983 1140 1072 participes
1149 980 1228 1054 daut,
1240 1003 1268 1042 ne
1279 981 1306 1042 rd

328 1087 388 1152 hac
406 1087 445 1152 dc
461 1111 555 1154 causa
573 1091 769 1184 condompor
783 1092 816 1156 in
832 1092 951 1180 judicio
964 1091 1054 1178 quod
1066 1089 1307 1156 creatornuiurso-

328 1199 491 1264 rumDous
502 1201 738 1287 pchominum
745 1225 854 1267 mcum
861 1202 972 1268 Josum
982 1199 1148 1268 Christum
1156 1198 1305 1263 factumest

373 1305 432 1370 Hic
443 1304 574 1395 Trypho
587 1330 594 1370 ε
611 1308 711 1397 Digne
724 1309 853 1397 quidem
861 1309 1013 1398 religione
1022 1308 1087 1372 hoc
1096 1307 1186 1371 etium
1195 1305 1266 1369 Inois:
1277 1305 1308 1366 ad

330 1415 407 1480 mihi
429 1415 676 1482 dissimulatione
694 1419 739 1482 uti
759 1419 886 1494 videris,
907 1441 983 1484 cum
1006 1429 1040 1482 to
1064 1413 1205 1480 orationis
1220 1411 1308 1476 artificio

329 1525 484 1592 distinctas
496 1525 679 1592 facultatem
694 1541 901 1615 assequutum
913 1552 1021 1617 negas.

373 1634 493 1700 Rursus
507 1659 590 1724 ego:
611 1637 785 1714 Quoniam,
807 1639 949 1726 iuquam,
971 1639 1044 1702 haec
1059 1637 1103 1700 ita
1121 1657 1153 1699 sc
1170 1633 1262 1697 habere
1273 1631 1307 1693 tibi

330 1745 490 1820 videntur,
507 1746 549 1808 ita
564 1768 639 1810 sanc
656 1747 794 1814 habeant
803 1773 812 1819 ;
827 1747 905 1812 mihi
920 1759 1031 1812 autom
1049 1765 1221 1832 persuasum
1232 1749 1266 1803 est
1277 1761 1307 1800 u

330 1876 488 1925 rannessa
508 1855 594 1940 quod
616 1855 765 1920 dixeram.
787 1856 851 1920 Sed
872 1867 906 1920 ut
929 1857 996 1943 jam
1021 1853 1155 1942 reliquas
1176 1849 1256 1938 potius
1273 1847 1306 1908 dr-

330 1964 574 2030 moustratioues
585 1986 768 2051 persequar,
781 1965 924 2029 animum
937 1962 1080 2029 advorte.

373 2073 531 2158 Loquarc,
549 2073 663 2158 inquit,
680 2070 741 2137 ilic.

375 2179 458 2246 Tum
472 2203 530 2268 ego
547 2204 555 2244 ε
572 2181 692 2246 Rursus
708 2205 725 2244 a
741 2180 840 2255 Mose,
857 2183 1002 2268 inquam,
1013 2182 1140 2253 fratros,
1154 2175 1306 2260 scriptumst!

331 2292 434 2375 ipsum
449 2287 552 2368 illum,
576 2291 629 2376 qui
644 2291 727 2356 visua
742 2291 932 2356 Patriorchis
950 2289 1039 2356 Deus
1061 2277 1305 2366 dimicaturum

331 2408 363 2462 ot
378 2397 551 2462 Dominum
564 2400 686 2474 vocari,
704 2411 739 2463 ut
755 2423 794 2463 cx
812 2401 861 2464 his
882 2399 979 2467 ctiam
999 2393 1191 2487 cognoscatis
1201 2411 1253 2454 aun
1267 2405 1307 2470 pt·

331 2505 413 2570 renti
429 2504 648 2570 universorum
664 2505 857 2580 ministrare:
873 2504 1144 2593 quomadmodum
1161 2503 1215 2588 jaun
1226 2491 1308 2564 astrui

331 2616 417 2690 catis,
434 2625 467 2679 ct
481 2627 663 2681 constanter
677 2615 821 2704 pluribus
838 2615 1035 2703 argumentis
1050 2629 1217 2702 persuasum
1228 2603 1307 2666 habeu-

331 2724 477 2814 purgetis.
493 2721 643 2789 Rasarcus
655 2723 751 2812 igitur
767 2747 825 2812 por
842 2712 962 2788 Mosam
979 2723 1108 2788 divinus
1124 2736 1211 2786 sermo
1224 2734 1251 2774 ea
1263 2726 1309 2792 qua

332 2835 491 2899 Iacobum
506 2831 642 2898 Abrahm
658 2843 806 2918 nepotem
821 2842 978 2918 spactant,
992 2831 1036 2894 ita
1054 2827 1195 2915 quuitur:
1207 2813 1309 2880 «ursac-

335 2954 430 3008 »tum
446 2953 506 3016 cst,
522 2938 651 3026 quando
668 2939 891 3025 concipIabant
905 2961 979 3002 oves
994 2939 1026 3002 in
1050 2950 1137 3002 utcro
1150 2923 1309 3012 ancipitum&

335 3064 394 3116 »ct
416 3051 479 3115 vidi
501 3073 553 3116 cas
573 3049 672 3115 oculis
689 3050 721 3114 in
741 3049 869 3114 somnis.
893 3047 932 3112 Et
947 3071 1025 3114 cccc
1043 3045 1123 3113 hirci
1138 3054 1166 3106 et
1179 3035 1266 3101 aristas
1277 3048 1310 3088 as·

334 3189 346 3221 »
363 3159 534 3226 ccndcntcs
550 3181 646 3245 super
656 3181 730 3222 oros
750 3169 782 3221 ot
798 3179 920 3243 capras,
934 3154 1073 3232 subalbi,
1086 3166 1117 3218 et
1127 3147 1240 3220 vadiet
1253 3136 1310 3200 ciur-

333 3304 345 3334 υ
360 3273 421 3338 ritii
434 3271 542 3360 sparsi.
556 3271 598 3335 Et
611 3269 688 3334 dixit
699 3268 778 3334 mihi
789 3266 918 3357 angelus
929 3267 988 3332 Dci
999 3289 1059 3355 por
1068 3276 1218 3330 somnum:
1230 3245 1307 3314 Iacob.

312 3461 314 3466 ,
332 3413 343 3444 n
358 3382 470 3448 Jacob.
489 3383 556 3469 Ego
566 3391 674 3444 nutem
689 3379 774 3444 dixi:
790 3379 876 3459 Quid
890 3391 951 3455 cst,
965 3375 1161 3444 Domiucict
1171 3363 1234 3432 dixit
1245 3383 1251 3420 :
1261 3355 1308 3418 us-

332 3523 344 3553 o
358 3494 428 3580 pico
441 3490 541 3558 oculis
552 3491 628 3565 tuis,
640 3503 673 3556 at
685 3491 756 3556 vido
767 3491 873 3556 hircos
885 3503 916 3554 at
928 3489 1042 3554 arictcs
1054 3480 1239 3552 ascendentes
1248 3481 1307 3549 stiffi

333 3631 344 3660 υ
359 3623 432 3666 oves
448 3614 481 3666 at
496 3621 619 3688 coprus,
637 3599 797 3670 subalbos,
815 3609 847 3660 ct
863 3599 977 3670 varios,
993 3609 1025 3662 ct
1048 3589 1195 3662 cineritios
1213 3593 1304 3665 sparsor·

333 3709 433 3775 »Vidi
456 3709 541 3774 onim
560 3729 770 3796 quaecumquc
794 3705 851 3770 tihi
866 3704 973 3769 Labao
993 3705 1077 3768 facit.
1097 3702 1160 3786 Epo
1172 3711 1231 3757 sum
1243 3683 1306 3748 Dttt

332 3848 344 3882 a
360 3811 560 3920 quipppurui
577 3819 633 3882 tibi
650 3818 680 3880 in
694 3815 764 3881 Ioco
777 3815 834 3879 Dci
849 3837 857 3877 r
873 3814 927 3880 ubi
945 3813 1058 3878 unxisti
1071 3807 1143 3876 mihi
1156 3800 1195 3874 ihi
1208 3789 1305 3860 tituInu.
