2616 4620
300 248 340 289 an
366 245 560 298 rcroarcuu,
585 247 644 290 ua.
671 246 717 314 ¹¹¹3
956 245 1010 310 ¹9¹

19 351 172 416 raesertim
185 371 245 418 nec
263 349 469 439 gladiatorum
484 349 574 416 ludos
587 340 730 438 abactam
748 344 838 416 nobis
853 347 957 426 liceat,
974 374 1014 416 ne

19 458 167 546 anticipes
181 471 213 524 ct
233 460 350 525 conscii
370 459 502 526 caedium
519 459 638 524 bamus.
661 458 769 546 Neque
790 458 885 523 etiam
903 470 1014 524 catera

19 566 180 652 rectacula
196 569 340 636 obeunda
357 580 442 644 sunt,
460 592 500 634 nc
517 567 695 657 polluantur
705 566 787 633 oculi
800 565 897 632 nostri
914 580 946 632 et
962 591 1015 634 aus

19 695 64 747 ss,
80 674 106 738 si
120 674 284 762 participes
299 697 409 740 comm
420 674 497 740 fiant
512 698 580 760 quse
593 673 657 739 illic
671 674 886 740 decantantur.
902 673 1016 762 Siquis

19 777 88 841 nim
110 778 149 842 dn
175 778 275 844 carnis
298 779 442 850 bumanae
462 777 555 868 epulo
574 776 724 866 loquitur,
743 777 806 844 illic
822 778 965 867 Thyestis
984 791 1016 846 et

19 883 93 947 'erei
106 883 161 950 lilii
172 898 334 959 vorantem
345 888 370 952 si
386 910 460 952 rere
475 887 516 952 de
528 885 695 960 adulterio,
707 884 785 952 illud
794 887 877 974 apud
888 911 940 952 ees
953 910 1016 953 noa

19 989 105 1056 olum
124 992 163 1058 da
182 992 360 1061 bominibus
379 994 433 1060 sed
450 995 544 1059 etism
557 995 600 1058 de
619 993 689 1067 diis,
709 1017 786 1081 quos
808 1017 921 1060 canora
939 1018 1016 1061 voce

19 1111 171 1166 ecantant
183 1123 246 1168 noo
258 1104 325 1168 sine
340 1104 468 1191 premio
483 1115 517 1168 at
531 1103 688 1177 mercede,
705 1103 822 1190 tragice
837 1104 1013 1170 exbibetuo

19 1206 117 1274 'rocul
131 1222 235 1274 autem
257 1212 338 1276 absit
357 1235 373 1276 a
391 1211 587 1286 Christianis,
606 1221 639 1275 ut
658 1211 694 1275 iis
717 1211 887 1297 quidquam
905 1211 1017 1299 hujus·

19 1314 90 1380 rodi
104 1313 206 1382 iacere
222 1317 406 1408 inumentem
420 1319 537 1391 renietr
551 1318 635 1406 apud
652 1338 731 1404 quos
741 1317 828 1382 adest
844 1329 1017 1406 temperan-

19 1425 58 1495 ἀ,
86 1423 274 1488 continentia
299 1423 422 1500 colitur,
450 1426 580 1490 unicum
604 1425 840 1490 matrimonium
864 1437 1016 1501 servatur,

19 1527 185 1598 estimenta
209 1531 396 1606 custoditur,
419 1532 568 1619 injustitia
595 1519 830 1606 exterminatur,
852 1545 1019 1620 peccatum

19 1637 152 1714 adicitur
163 1637 317 1715 evellitur,
329 1641 447 1727 justitia
458 1653 633 1716 exercetur,
645 1641 695 1706 lex
707 1642 903 1717 observatur,
916 1641 1019 1708 cultus

19 1743 61 1807 tei
77 1746 247 1831 peragitur,
259 1746 343 1814 Deus
358 1747 537 1813 coufitendo
553 1746 741 1822 celebretur,
757 1749 869 1812 veritas
879 1749 1020 1816 domina-

19 1873 69 1922 ur,
83 1851 179 1936 gratia
196 1852 345 1925 custodit,
357 1875 417 1941 pax
428 1855 615 1928 communit,
627 1865 770 1920 sanctum
782 1856 912 1921 verbum
924 1880 1019 1924 mauu

19 1959 105 2032 ‚ucit,
124 1959 273 2045 sapientia
289 1960 393 2035 docet,
406 1961 467 2024 vita
480 1961 597 2049 dirigit,
608 1962 692 2026 Deus
704 1975 822 2050 regnat.
838 1964 935 2051 igitur
946 1987 1019 2030 cum

19 2063 161 2129 ›ermulta
176 2065 347 2132 babeamus
362 2089 431 2153 quae
447 2067 485 2138 de
501 2068 647 2135 institutis
659 2067 771 2134 nostris
783 2079 815 2132 et
829 2068 886 2134 Dei
899 2093 937 2134 ac
948 2093 1022 2136 con·

19 2172 114 2238 litoris
131 2172 344 2240 universorum
366 2173 638 2261 justificationibus
659 2175 812 2250 dicamus,
832 2177 904 2242 satis
921 2176 1019 2242 inulta

19 2293 158 2344 [actenus
180 2282 270 2346 uobis
296 2282 437 2348 ridemur
458 2303 729 2356 commemorasse,
758 2293 793 2346 ut
815 2283 953 2348 animum
975 2285 1020 2350 rei

19 2388 228 2454 eruoscendae
243 2388 387 2476 adjiciam
401 2411 474 2454 cum
488 2389 659 2475 prasertim
673 2389 844 2453 etiamnum
860 2389 1020 2478 perlegere

19 2497 112 2569 iceat,
126 2507 161 2559 ut
171 2496 434 2582 quemadmodum
444 2496 594 2562 hactenus
606 2495 743 2565 discendi
755 2497 910 2562 studiosus
922 2498 1018 2576 luisti,

19 2615 45 2666 tn
66 2603 159 2668 etiam
175 2626 260 2670 nuno
277 2603 410 2678 libenter
424 2604 534 2676 discas.

48 2709 135 2776 XVI.
155 2709 234 2777 Volo
249 2725 355 2780 autem
370 2713 427 2778 tibi
441 2723 474 2778 et
491 2736 527 2776 ea
543 2735 612 2798 quae
627 2723 769 2800 spectant
786 2723 938 2800 tempora,
954 2713 1021 2778 Deo

19 2817 213 2893 on'cedente,
229 2821 403 2886 accuratius
421 2819 653 2891 demonstrem
676 2831 711 2882 nt
730 2817 881 2906 intelliges
896 2839 955 2885 nec
971 2840 1022 2884 re·

19 2936 134 2990 entem
150 2947 210 2992 nec
227 2925 400 2995 fabulosam
420 2949 487 2992 esse
510 2925 686 2991 doctrinam
699 2938 851 3000 nostram,
868 2927 922 2993 scd
940 2928 1023 2996 enti-

19 3031 152 3118 [uiorem
172 3043 204 3096 et
223 3034 374 3103 veriorem
396 3033 542 3100 omnibus
564 3033 662 3119 poetis
684 3056 722 3098 ac
744 3033 945 3120 scriptoribus
968 3037 1022 3122 qui

19 3151 129 3204 ncerta
144 3142 344 3228 scripserunt.
359 3142 419 3210 Alii
434 3143 519 3216 enim
534 3165 607 3208 cum
622 3143 775 3210 mundum
792 3145 962 3232 ingenitum
974 3145 1023 3210 di·

19 3259 132 3321 nrent,
146 3248 345 3318 ininfinitum
357 3251 522 3318 abierunt:
538 3249 590 3318 alii
600 3273 672 3318 cnm
687 3252 826 3340 genitum
838 3264 1022 3327 assererent,

19 3379 75 3422 am
91 3379 245 3422 annorum
261 3359 415 3444 myriades
431 3358 610 3450 quindecim
625 3367 657 3424 et
671 3359 727 3422 tria
741 3356 835 3422 millia
851 3381 943 3445 supra
958 3381 1027 3447 sep·

23 3465 149 3551 unginte
165 3465 301 3553 quinque
316 3489 414 3534 sanos
428 3465 582 3540 ellluxisse
597 3466 750 3532 dixerunt.
765 3465 868 3553 Atque
878 3465 947 3531 hnc
957 3466 1026 3554 qui·

19 3573 84 3636 lem
105 3571 215 3638 litteris
234 3573 392 3640 mandavit
409 3571 590 3663 Apollonius
609 3571 782 3661 AEgyptius.
803 3571 890 3638 Plato
905 3585 1022 3648 autem,

19 3678 65 3766 l¹¹l
81 3679 263 3747 Graecorum
278 3683 519 3771 sapientissimus
530 3682 653 3747 videtur
667 3681 771 3755 fuisse,
784 3693 914 3769 quantas
924 3681 957 3748 in
968 3705 1025 3748 nu·

19 3810 66 3873 gas
82 3789 253 3858 aberravit!
271 3789 349 3859 Nam
366 3791 398 3858 in
412 3791 481 3876 ejus
495 3788 576 3856 libro
591 3791 643 3876 qui
663 3790 819 3856 Civitates
832 3789 1024 3861 inscribitur,
