2646 4596
253 263 316 341 stt
548 281 660 328 ssucrr
680 279 800 324 ansano
822 279 976 328 uramus

251 385 426 458 enarrabile
444 375 561 458 batere
581 389 786 456 demonstrat
809 387 909 456 Nemo
926 389 1015 456 amm
1029 393 1084 454 est
1107 391 1185 478 qni,
1206 413 1284 458 cum

251 501 347 567 homo
362 524 400 567 ex
420 499 603 566 bominibus
618 499 671 574 sit,
689 519 787 586 gaesus
801 481 922 568 babeat
941 519 1005 564 non
1023 499 1218 566 enarrabile.
1246 503 1285 564 Et

252 609 337 698 quod
353 606 455 672 Moses
471 605 549 671 dixit
564 619 652 670 snam
668 600 756 670 illum
768 591 881 670 stolam
895 605 1099 695 insanguine
1115 629 1189 675 usae
1198 608 1282 674 lara

251 728 371 790 turum,
393 735 501 780 nonne
521 712 554 776 id
568 711 678 798 ipsum
693 723 742 776 ast
765 711 851 797 qued
867 729 949 798 sepe
965 715 1150 780 nosmonui
1167 737 1280 782 arcane

252 823 292 886 ab
307 843 344 886 eo
366 818 630 907 prmnuntiatumt
655 817 752 882 itaut
776 817 962 905 sanguinem
980 820 1113 906 quidem
1127 821 1160 886 ei
1179 823 1278 888 inesse

252 925 484 1014 significaverit,
501 924 556 988 sed
568 945 771 1010 naquaquam
787 945 827 987 ex
846 922 1046 997 bominibus3
1068 927 1279 1013 quamadmo

157 1031 159 1039 ’
252 1035 329 1098 dum
350 1055 419 1096 unse
439 1030 625 1118 sanguinem
640 1053 708 1096 nou
725 1028 821 1096 homo
836 1030 1015 1116 *generarit
1035 1031 1094 1096 sed
1113 1032 1224 1098 Deus?
1241 1035 1279 1099 Et

252 1141 337 1228 quod
351 1161 426 1209 earm
440 1134 546 1204 Esaias
561 1138 666 1226 magni
681 1135 803 1204 consilii
820 1136 977 1226 Angelum
987 1149 1096 1216 vocat,
1107 1162 1219 1208 uonna
1228 1165 1277 1208 aa·

253 1272 325 1314 rum
337 1271 406 1334 quat
422 1247 590 1314 dveniens
606 1247 747 1322 edocuit,
760 1245 946 1336 magistrum
957 1246 1050 1314 illum
1064 1259 1098 1312 et
1115 1249 1277 1316 doctorem

252 1353 395 1420 laturum
408 1355 662 1442 praenuntiabant
677 1353 787 1443 Magna
800 1355 888 1420 euim
903 1355 1004 1421 Patris
1019 1355 1152 1422 masilia
1161 1367 1234 1424 tum
1247 1358 1278 1422 in

252 1483 363 1527 omnes
378 1460 431 1546 qui
442 1460 502 1546 ipsi
511 1458 696 1546 placuerant
712 1471 745 1524 at
760 1458 906 1548 placituri
913 1473 1009 1526 erant
1028 1461 1190 1543 homines,
1210 1476 1276 1528 tum

252 1567 286 1635 in
301 1568 509 1633 desciscentes
518 1568 564 1632 ab
579 1568 648 1655 ejus
664 1567 824 1654 voluntate
838 1568 982 1636 homines
1000 1570 1166 1658 peniteret
1183 1593 1280 1660 anga-

252 1674 312 1749 los,
329 1673 411 1740 solus
423 1674 479 1740 bic
493 1686 600 1762 aperte
611 1675 839 1750 edocuissem
850 1675 893 1740 ita
905 1675 1025 1743 diceret
1038 1699 1047 1741 s
1067 1677 1228 1746 «Veniant
1240 1681 1277 1744 ab

253 1782 411 1848 »Oriente
429 1793 464 1847 et
483 1781 674 1856 Occidente,
699 1784 939 1848 etvreeumbent
961 1793 1037 1852 cuu'r
1052 1785 1228 1858 Abrabam,
1243 1799 1277 1850 et

254 1915 267 1952 s
282 1890 380 1964 Isaac,
397 1899 428 1953 et
440 1888 542 1954 Jacob
558 1889 591 1954 in
606 1911 703 1976 regno
719 1888 871 1954 cetorum
891 1913 899 1954 r
917 1889 974 1954 lilii
989 1903 1099 1956 autem
1113 1913 1206 1982 roffi
1218 1893 1277 1978 eji

254 2026 267 2058 ι
280 1996 403 2062 cientur
422 1995 456 2059 in
470 1995 615 2058 tenebras
630 1994 828 2060 exteriores¹.
843 2024 856 2057 a
868 1996 909 2060 Et
922 2019 930 2060 r
948 1994 1067 2064 «ttutti
1082 1997 1191 2064 dicant
1200 1998 1275 2064 mibi

254 2131 267 2164 a
280 2102 313 2166 in
328 2100 379 2166 illa
394 2101 445 2165 die
461 2123 468 2165 ι
482 2100 629 2172 Domine,
647 2099 795 2176 Domine,
811 2125 916 2168 nonne
935 2100 969 2166 in
984 2104 1116 2170 nomios
1133 2115 1191 2170 tuo
1211 2105 1277 2172 adi·

254 2238 266 2270 s
282 2232 351 2273 mus
366 2219 399 2272 et
409 2207 547 2272 bibimus
566 2217 598 2272 et
614 2206 870 2292 prophetavimus
885 2221 918 2273 et
932 2209 1088 2275 daemonia
1101 2211 1276 2299 ejecims?

253 2317 320 2379 »Et
336 2315 439 2378 dicam
458 2314 504 2378 eis
522 2338 530 2377 ε
549 2314 699 2378 discedite
721 2313 838 2378 ame².
858 2316 926 2380 »Et
940 2316 1009 2382 aliis
1031 2319 1141 2392 verbim
1154 2319 1277 2406 quibus

254 2422 397 2507 indiguos
412 2420 466 2506 &qai
477 2419 636 2484 salsentur
651 2420 916 2490 condemnaturus
930 2437 992 2500 ast,
1010 2417 1206 2490 didnmmse
1217 2427 1276 2490 de·

249 2528 382 2596 ‚duravit
399 2551 407 2590 :
421 2550 439 2586 a
454 2525 547 2591 Abite
561 2527 594 2590 in
610 2530 755 2594 tenebras
769 2529 950 2602 exteriores,
963 2552 1043 2615 quas
1052 2527 1170 2618 paravit
1178 2529 1276 2596 Pater

254 2636 404 2700 »Satanae
418 2645 449 2696 et
471 2631 587 2728 angelis
603 2633 689 2720 aisse
708 2645 768 2698 »et
786 2656 893 2700 rursus
914 2631 981 2700 aliis
997 2637 1101 2702 verbis
1118 2637 1182 2702 aits
1198 2639 1274 2704 «Do

254 2774 267 2805 ι
282 2742 368 2808 vobis
383 2751 572 2827 potestatem
589 2737 731 2805 calcandi
746 2763 840 2827 snper
853 2753 1028 2828 serpentes,
1046 2756 1086 2806 et.
1096 2743 1273 2834 scorpiones

255 2880 268 2912 ι
283 2862 316 2914 et
330 2845 563 2936 scolopendras,
581 2857 613 2909 ot
625 2868 722 2933 super
736 2867 864 2914 omnam
878 2848 1027 2916 virtutem
1042 2849 1163 2916 inimici
1170 2849 1194 2916 ⁸.
1210 2853 1272 2916 »Et

255 2978 341 3021 nunc
355 2955 409 3043 qui
424 2954 456 3020 in
468 2951 654 3020 crucifixum
669 2955 727 3017 sub
743 2951 855 3019 Pontio
869 2951 968 3022 Pilato
982 2955 1095 3024 Jesum
1105 2956 1270 3037 Doufflm

254 3075 398 3130 nostrum
414 3060 583 3134 credimus.
602 3059 754 3126 damonia
774 3059 878 3128 omnia
894 3073 926 3128 et
947 3061 1047 3129 malos
1066 3048 1271 3153 spirituu'ad-

254 3171 388 3261 jurando
411 3169 556 3256 potestati
570 3180 685 3232 ,nostros
703 3167 897 3254 subjicimus.
918 3169 1071 3247 Quamvis
1090 3173 1177 3242 euim
1193 3181 1270 3238 tacte

255 3303 311 3369 per
325 3277 495 3366 Prophetas
507 3277 711 3366 predicatum
720 3277 830 3344 fuisset
843 3277 1004 3344 Christum
1015 3303 1086 3347 esse
1096 3287 1267 3370 pessimum.

255 3413 293 3454 ac
306 3400 412 3477 postea
426 3386 572 3452 omnibus
584 3387 826 3474 imperaturum,
843 3387 875 3452 id
887 3399 993 3453 tamon
1004 3412 1023 3453 a
1035 3391 1163 3458 nemine
1178 3389 1268 3456 intel-

255 3499 306 3588 ligi
322 3509 455 3585 poterat,
475 3496 574 3560 donec
595 3495 661 3582 ipse
680 3493 841 3582 discipulis
859 3497 1012 3586 persuasit
1031 3497 1101 3565 hare
1123 3495 1269 3586 inserte

255 3608 333 3671 turis
348 3603 533 3670 nominate
547 3625 614 3668 esse
629 3601 807 3690 praedicata.
827 3601 990 3670 Clamabat
1001 3605 1088 3672 enim
1106 3616 1269 3692 antequam

257 3717 288 3778 in
303 3735 430 3779 crucem
445 3723 590 3800 ageretur
607 3735 615 3774 ε
635 3739 647 3772 a
667 3711 799 3800 Oportet
813 3712 838 3778 F
841 3711 928 3780 ilium
944 3714 1082 3782 hominis
1097 3711 1196 3782 multa
1212 3715 1270 3803 pati

288 3839 297 3872 ¹
309 3837 400 3886 Mattb.
416 3851 470 3895 rur,
486 3835 580 3884 11.-²
591 3836 680 3885 Mattb.
694 3851 740 3895 vn,
752 3851 790 3886 aas
800 3836 919 3887 abac.
932 3853 955 3898 a,
969 3854 1006 3901 ¹9·
