2630 4614
303 329 425 372 conans
450 325 570 371 cuncos
594 327 719 370 enarro.
980 300 1020 364 55

6 437 65 500 lios
84 459 157 524 ergo
177 437 208 500 in
230 434 498 523 comparationem
517 455 674 498 vocemus.
695 429 807 498 Nostra
828 431 914 495 enim
929 453 1021 519 repe-

5 547 118 610 riemus
134 568 198 610 non
212 543 314 610 solum
331 542 515 610 Graecorum
530 541 712 630 disciplinis,
728 541 783 606 sed
798 541 893 606 etiam
908 539 1024 606 littera-

5 677 75 718 rum
97 654 277 720 inventione
298 653 483 740 antiquiora.
499 650 606 717 Testes
628 663 733 717 autem
747 675 812 716 non
833 651 918 716 domi
934 674 1023 716 assu-

5 787 102 838 mam,
119 764 174 829 scd
195 765 298 852 potius
313 761 430 828 Graecis
452 774 521 828 utar
543 762 748 850 adjutoribus.
772 760 916 828 Alterum
938 761 1022 826 enim

5 873 170 948 insulsum,
187 873 259 962 quia
275 895 315 938 ne
330 872 559 938 admittendum
575 872 734 960 quidema
750 869 836 936 vobis
854 883 911 937 est.
933 870 1024 938 Alte-

5 1007 76 1048 rum
95 1007 168 1048 vero
185 981 367 1048 admirabile
382 981 570 1057 ostenditur,
587 983 612 1046 si
627 982 735 1046 vestris
750 982 912 1046 vobiscum
928 983 1023 1047 armis

5 1113 159 1179 pugnans,
176 1113 240 1155 non
256 1103 398 1179 suspecta
419 1090 538 1155 avobis
555 1101 738 1178 argumenta
753 1090 923 1154 desumam.
944 1091 1023 1157 Nam

5 1198 43 1262 de
59 1199 187 1263 Homeri
207 1197 306 1286 poesi,
327 1199 456 1284 ejusque
471 1219 596 1285 genere,
613 1207 645 1262 et
668 1191 809 1286 tempore
826 1222 888 1286 quo
903 1197 1022 1275 floruit,

5 1303 455 1395 favestigaruntantiquissimi,
466 1303 646 1392 Theagcnes
654 1305 866 1393 Rhegius,qui
875 1319 1024 1394 regnante

5 1419 62 1482 luit
76 1419 244 1506 Cambyse;
260 1417 482 1483 Stesimhrotus
492 1415 636 1492 Thasius,
651 1415 857 1483 Antimachus
870 1416 1026 1505 Colopho-

5 1528 87 1601 aius,
111 1527 289 1592 Herodotus
311 1525 574 1600 Halicarnasseus,
596 1538 628 1591 et
654 1526 822 1613 Dionysius
842 1526 1021 1614 Olynthius.

5 1637 77 1700 lost
94 1634 151 1700 hos
165 1635 309 1722 Ephorus
322 1634 481 1710 Cumaeus,
493 1633 676 1700 Philocoras
692 1635 902 1710 Atheniensis,
919 1635 1028 1724 hlegaf

5 1744 101 1811 :lides
122 1755 154 1808 et
176 1741 353 1808 Chamaeleo
374 1743 571 1830 Peripatetici
590 1764 598 1806 :
615 1740 728 1806 deinde
749 1743 943 1832 grammatici
962 1741 1026 1808 Ze-

5 1852 153 1925 rodotus,
170 1851 406 1937 Aristophanes,
419 1847 643 1924 Callimachus,
658 1849 778 1925 Crates,
791 1851 1025 1928 Eratosthenes,

5 1957 218 2030 Aristarchus,
239 1954 459 2043 Apollodorus.
485 1957 532 2020 Ex
556 1956 605 2020 his
628 1957 736 2022 Crates
758 1959 932 2024 Homerum
953 1971 1026 2025 ante

5 2062 246 2130 leraclidnrum
258 2063 395 2127 reditum
405 2062 547 2128 floruisse
558 2063 614 2140 ait,
626 2066 707 2130 intra
716 2089 814 2131 annos
825 2080 896 2156 post
906 2067 1026 2134 hellam

5 2174 359 2262 l'rojanumoctogintm
370 2173 682 2264 Eratosthenes,post
693 2200 811 2242 annum
818 2180 1024 2246 centesimum

5 2288 38 2351 kb
55 2283 114 2349 llio
127 2295 235 2372 capto:
250 2281 461 2358 Aristarchus,
474 2285 557 2350 circa
565 2283 710 2350 danicam
718 2287 947 2376 migrationem,
956 2315 1024 2377 quae

5 2405 73 2460 »ost
89 2391 202 2456 Troica
221 2393 309 2456 annis
328 2405 457 2457 centum
476 2404 507 2457 et
528 2393 733 2482 quadraginta
752 2397 896 2486 contigit;
922 2398 1025 2465 Philo-

5 2507 135 2578 :horus
151 2515 221 2592 post
238 2504 382 2570 -Jonicam
396 2502 627 2591 migrationem,
644 2503 805 2571 Archonte
820 2506 951 2588 Athenis
968 2510 1024 2576 Ar-

8 2615 134 2702 hippo,
146 2613 235 2678 annis
244 2624 314 2701 post
325 2599 417 2678 lliaca
430 2625 558 2679 centum
569 2625 601 2679 et
612 2616 785 2705 octoginta;
800 2615 1022 2705 Apollodorus,

8 2737 71 2790 ost
82 2721 229 2789 Jonicam
240 2721 468 2811 prosectionem
480 2723 568 2788 annis
581 2735 721 2799 centnm,
734 2725 835 2800 idest,
849 2737 920 2812 post
931 2725 1024 2794 Iliaca

10 2833 147 2900 ucentis
169 2846 201 2898 et
220 2832 433 2921 qnadraginta.
456 2832 594 2910 Quidam
617 2831 705 2897 illum
727 2846 800 2896 ante
823 2832 1025 2924 Olympiades

5 2947 115 3011 ixisse
130 2943 276 3008 dixerunt
287 2941 382 3007 ¹annis
399 2943 580 3032 nonaginta,
597 2943 702 3016 idest,
719 2954 790 3029 post
803 2941 933 3030 Trojam
950 2968 1026 3033 cap-

5 3077 67 3118 am
84 3051 233 3114 trecentis
248 3072 340 3137 supra
356 3049 467 3113 decem
481 3062 513 3112 et
527 3059 658 3136 septem.
674 3046 734 3113 Alii
745 3059 869 3136 tempus
882 3050 961 3115 inlra
974 3054 1025 3118 dc-

10 3169 141 3228 ucunt,
156 3166 188 3218 et
207 3155 380 3220 Homerum
397 3153 587 3220 Archilocho
606 3153 757 3242 aequalem
779 3155 871 3224 fuisse
892 3158 1023 3228 dicunt:

8 3262 113 3332 oruit
134 3272 240 3324 autem
264 3258 471 3325 Archilochus
494 3262 577 3327 circa
602 3259 822 3350 Olympiadem
844 3265 1024 3352 vigesimam

5 3373 131 3442 ertiam
148 3382 288 3457 tompore
305 3367 400 3456 Gygis
417 3368 508 3456 Lydi,
532 3370 621 3434 annis
639 3394 655 3434 a
674 3370 757 3436 bello
775 3368 914 3459 Trojano
937 3376 1027 3461 quia-

5 3481 115 3553 3ntis.
131 3479 236 3565 Atque
247 3479 314 3544 haec
324 3478 451 3565 quidem
463 3503 480 3544 a
492 3480 582 3544 nobis
594 3480 633 3544 de
644 3480 784 3570 praedicti
795 3494 908 3570 poetas,
921 3485 952 3548 id
964 3499 1022 3562 est,

8 3589 134 3662 omeri
153 3600 256 3662 aetate,
277 3612 314 3654 ac
332 3612 442 3653 eorum
467 3589 519 3676 qui
539 3589 578 3653 dc
596 3590 661 3678 ipso
680 3569 800 3677 loquuti
817 3603 889 3658 sunt
910 3593 1024 3660 dissen-

5 3725 103 3774 onc.
129 3700 201 3766 satis
223 3697 321 3764 multa
345 3699 392 3764 his
414 3700 468 3789 qui
489 3699 654 3790 diligenter
674 3702 859 3791 investigare
879 3720 1021 3791 possunt,

5 3827 73 3886 :ot
91 3810 229 3876 breviter
243 3822 275 3874 et
291 3809 514 3898 compendiose
533 3809 703 3875 dictasint.
724 3809 805 3875 Falsi
831 3813 914 3878 enim
935 3817 1022 3904 argui

5 3930 132 3996 ‚ssent
147 3932 179 3984 et
194 3942 263 4005 quae
275 3917 313 3984 de
329 3919 422 3984 rebus
434 3921 508 4008 ipsis
523 3918 667 3989 feruntur
678 3920 848 4009 opiniones.
865 3921 925 3989 Ubi
938 3925 1023 3989 anim

92 4051 128 4095 ιι.
854 4027 872 4091 ὅ
