2688 4626
397 247 437 290 tn
462 245 585 288 euneos
609 245 739 288 ouurto.
1026 229 1080 292 tiit

24 351 178 418 Venerio
194 351 417 423 meretricium
432 365 535 420 taceo.
555 351 663 440 Legite
678 351 763 426 tovi,
780 351 900 428 Graeoi,
915 352 1018 443 legem
1033 355 1091 419 nd-

24 483 153 527 tersus
166 485 224 528 ooo
239 460 337 530 tanin
353 461 409 550 qui
426 473 594 550 petentem
604 458 744 549 pulnont,
755 473 789 526 et
798 483 929 550 penem
940 461 1092 532 adulterio

33 583 232 660 rrogotnm,
245 583 279 646 et
296 571 518 661 paedioationis
531 570 771 658 turpitudinem.
783 570 906 638 Docete
922 572 1094 641 Minervam

24 693 68 744 ;·t
91 681 332 770 Dianamque
353 680 416 746 sint
438 678 611 748 mulierum
634 702 749 767 opertu
766 693 799 744 et
814 680 1007 768 Dionysum,
1026 705 1095 769 quae

24 789 109 854 tint
122 788 283 854 virorum.
299 788 386 868 Quid
398 789 563 876 majestate
574 785 678 874 eliqua
690 787 823 876 dignum
834 801 963 876 praestnt
979 787 1096 854 mulier

24 900 150 972 armis
167 911 278 966 ornata
290 899 304 964 i
315 899 391 988 quid
409 900 457 962 vir
472 897 523 964 illo
538 899 591 985 qui
607 897 751 985 cymbula
762 910 800 962 -ot
815 897 950 964 corollae
964 921 1003 964 eo
1017 921 1087 966 mo-

24 1009 187 1074 liebrem
209 1021 328 1074 vestem
353 1031 410 1096 pro
437 1029 495 1076 suo
518 1003 606 1071 cultu
632 1006 741 1082 hebet,
766 1019 799 1070 et
823 1029 898 1072 erum
919 1005 1093 1074 mulierum

24 1140 143 1206 grege
159 1117 248 1205 orgia
265 1101 426 1184 celebdotl

85 1225 147 1292 lll.
159 1225 244 1294 Nam
261 1226 468 1313 trivosperum
484 1222 643 1298 Alcidem,
659 1225 873 1290 certaminum
889 1224 1012 1291 elerum
1029 1225 1091 1292 du-

27 1358 131 1408 cem,
148 1332 236 1400 totis
250 1331 352 1404 filium
369 1356 378 1396 τ
398 1333 453 1422 qui
469 1331 588 1400 occidit
604 1330 745 1407 leonem,
761 1346 794 1398 et
811 1335 955 1422 capitum
970 1335 1091 1401 multo-

26 1468 120 1510 rum
136 1443 272 1532 hydram
286 1425 410 1518 streritt
430 1467 542 1511 verum
562 1444 657 1534 ioqui
677 1467 794 1534 nprum
809 1446 926 1510 robore
943 1446 1092 1536 infatiga-

28 1552 101 1618 bili
125 1552 299 1640 preditum
315 1553 411 1620 morti
425 1553 536 1625 dedit:
558 1552 614 1640 qui
638 1575 711 1622 oves
732 1553 903 1620 hominum
926 1557 1096 1624 voratrice

28 1658 156 1744 potuit
171 1654 313 1722 volantes
328 1658 519 1732 deturbaret
538 1658 594 1746 qui
612 1681 727 1724 eonem
744 1659 917 1748 tricipitem
935 1685 976 1727 ox
991 1660 1098 1728 inieris

29 1789 182 1830 sursum
199 1765 350 1839 obduxit3
368 1766 426 1852 qui
445 1766 556 1854 ttugtae
572 1763 711 1832 validum
728 1791 858 1832 murum
872 1791 1009 1858 purgare
1024 1782 1098 1836 ster

32 1876 189 1942 ceribus
214 1875 335 1964 potuit;
365 1877 420 1964 qui
448 1889 555 1942 tout-oe
581 1889 614 1940 et
633 1899 759 1945 cervom
785 1877 941 1944 interiecit
970 1881 1099 1946 nuribus

38 1990 170 2076 ignem
185 1985 353 2073 spirantes,
370 1997 402 2050 et
419 1985 560 2055 fructum
581 2007 713 2053 aureum
735 1987 860 2075 abipso
877 1999 992 2056 trunco
1010 2013 1098 2056 noce·

30 2096 117 2184 pits
128 2094 188 2182 qui
200 2105 380 2182 serpentem
395 2117 553 2162 venenum
567 2093 764 2181 jaculantem
775 2096 912 2163 coniecit
925 2099 974 2183 (et
989 2099 1096 2166 Aehe-

36 2205 141 2270 loum
158 2225 258 2289 quom
273 2203 314 2266 oh
330 2223 458 2271 oensem
475 2201 697 2278 occiderimus
709 2227 773 2272 non
785 2217 833 2270 est
849 2205 967 2282 dicere,
980 2221 1012 2272 et
1024 2208 1095 2274 hos-

39 2316 155 2402 pitum
172 2311 409 2381 interfectorem
419 2311 577 2400 Busirin);
590 2313 644 2401 qui
652 2325 777 2378 montes
792 2311 873 2378 saltu
885 2315 1046 2393 transiliit,
1059 2331 1095 2382 ut

46 2445 171 2510 aquam
180 2422 337 2510 occiperet
348 2445 419 2510 qum
433 2446 543 2492 vocem
558 2421 758 2490 articulatum
774 2424 902 2500 edehat,
915 2425 999 2491 siout
1010 2427 1093 2492 famo

51 2543 105 2596 est
123 2552 133 2596 ε
151 2529 204 2618 qui
219 2543 279 2598 tom
296 2529 534 2602 multamulta
551 2541 701 2622 tantoque
721 2533 826 2600 snoere
842 2535 960 2622 potuit,
982 2535 1008 2600 is
1022 2547 1095 2602 ton-

49 2659 153 2726 qunm
162 2635 325 2724 puerulus,
337 2661 431 2720 auree
443 2659 516 2712 sune
527 2661 698 2726 personare
709 2639 843 2726 strepitu
856 2639 1095 2726 cymbalorum,

46 2773 122 2838 quae
139 2748 236 2836 satyri
252 2747 434 2836 pulsabunt,
450 2771 573 2836 pessus,
592 2760 625 2813 ot
643 2747 770 2814 lominae
790 2771 901 2814 amore
917 2761 1095 2836 superatus,

44 2881 79 2922 se
100 2879 120 2922 u
132 2853 223 2944 Lyde
237 2855 361 2921 ridente
376 2856 409 2920 in
424 2855 605 2922 netesraedi
617 2854 799 2928 laetabatur:
815 2879 853 2921 no
865 2855 1010 2932 tondent,
1022 2879 1096 2924 oum

43 2965 205 3034 Nessenm
220 2965 363 3030 tunicum
382 2987 500 3036 enuere
515 2988 581 3034 non
597 2965 765 3052 potuisset,
777 2987 833 3030 eun
843 2966 943 3055 ipsius
959 2991 978 3032 a
992 2991 1026 3033 se
1040 2993 1096 3034 ex-

42 3083 177 3138 structa
192 3093 283 3158 pym,
300 3072 372 3136 vitae
387 3071 485 3136 finem
507 3073 626 3142 statuit.
645 3073 791 3162 Deponot
805 3074 997 3165 zelotypiam
1015 3076 1096 3144 Vul-

47 3205 173 3254 cantu,
188 3192 275 3246 etue
296 3181 433 3248 invident
448 3184 488 3257 si,
509 3207 584 3253 eom
602 3207 697 3253 senex
711 3197 744 3252 et
760 3184 892 3253 cloudue
908 3199 1005 3262 osset,
1022 3187 1095 3254 odio

48 3295 247 3366 haberetur,
267 3301 300 3354 ut
318 3290 401 3358 liare
422 3293 536 3360 chorus
556 3293 649 3371 soret,
672 3296 866 3384 qoijuvenis
884 3319 924 3362 no
941 3297 1099 3362 formosus

49 3417 132 3472 erat.
155 3399 263 3468 Vestri
279 3399 377 3489 igitur
392 3401 447 3478 dii,
460 3427 479 3468 o
490 3403 606 3480 Greci,
622 3429 685 3494 prae
701 3397 833 3472 libidine
847 3407 927 3472 tates
943 3429 1012 3472 esse
1027 3430 1100 3474 con-

53 3516 128 3582 victi
144 3525 241 3585 suut;
262 3511 360 3578 vestri
377 3523 483 3579 nutem
498 3513 622 3590 heroes,
637 3515 824 3592 effeminati,
848 3530 882 3582 ut
899 3517 1097 3588 declararunt

55 3641 163 3694 vestrae
185 3623 344 3700 historie,
366 3645 440 3712 quae
462 3623 622 3712 negotiis
644 3639 825 3714 argumento
843 3627 1094 3718 suppeditarunt,

59 3738 143 3804 Atrei
156 3733 298 3825 piaculo,
316 3732 466 3821 Thyeste
490 3733 692 3810 concubitus,
712 3747 745 3802 et
766 3735 988 3828 Pelopidarum
1004 3763 1091 3808 exse-

59 3845 171 3912 ernndu
187 3844 347 3916 looinnrm
363 3855 395 3910 et
411 3843 558 3912 Danaum
574 3844 691 3914 invidia
708 3845 887 3936 impellente
903 3851 1007 3916 euodes
1022 3877 1097 3940 por-

153 3977 174 4018 1.
880 3985 888 4023 t
904 3985 911 4022 ι
