2738 4632
267 239 329 316 25:
593 257 706 302 saner:
730 257 845 302 ranan:
869 259 929 302 ara.
958 259 968 302 r

266 365 438 455 aphram,
454 363 567 442 Poena.
583 363 661 430 «lesu
676 363 818 432 Nazario.
835 393 848 427 a
864 364 1014 446 Quorum
1032 365 1112 432 item
1132 367 1310 433 verborum

266 473 450 562 hujusmodi
472 484 520 538 est
542 472 782 560 interpretatio:
809 473 905 540 «Non
927 474 1035 540 divido
1058 474 1227 563 spiritum,
1252 500 1313 541 uae

267 607 364 659 soor,
380 605 441 649 nec
451 602 547 671 saper
558 579 720 648 ooelestem
732 581 895 659 virtutem,
912 605 983 671 quae
994 583 1221 650 misericordia
1237 609 1314 674 pra»-

269 695 360 760 »dita
380 704 452 760 est:
476 693 598 758 utinam
616 692 704 758 fruar
722 693 849 760 nornine
867 703 935 768 tuo,
956 692 1105 760 Salvator
1119 696 1302 762 veritatis.»

269 803 374 892 Atque
390 802 460 870 haec
479 801 610 890 quidem
624 802 791 891 profantur
805 802 861 891 qui
879 802 1026 870 initiant:
1044 805 1101 892 qui
1120 817 1236 870 autem
1253 807 1309 870 ini-

268 915 363 980 tiatus
378 925 440 990 est,
455 911 649 1002 respondet:
666 911 907 980 :confirmatus
921 925 956 979 et
966 913 1159 1002 redemptus
1174 937 1256 991 sum.
1272 939 1311 982 ac

269 1024 419 1092 :redimo
438 1023 577 1094 animam
595 1044 700 1088 meam
717 1023 758 1090 ab
779 1021 842 1090 hoc
862 1021 992 1099 saeonlo.
1013 1036 1045 1089 et
1066 1024 1224 1090 omnium
1244 1049 1310 1114 qua

270 1136 337 1200 »ab
351 1157 390 1200 eo
405 1143 492 1209 sunt,
508 1133 541 1198 in
556 1131 686 1199 nomine
700 1129 774 1206 leo,
790 1132 845 1220 qui
860 1131 997 1200 redemit
1010 1133 1157 1198 animam
1175 1137 1309 1200 snamin

270 1243 562 1332 »redemptionem
582 1240 614 1306 in
630 1240 758 1307 Christo
772 1240 909 1308 vivente.
925 1271 939 1304 a
957 1243 1006 1309 ilc
1019 1256 1132 1330 postea
1150 1244 1175 1309 ii
1191 1246 1251 1332 qni
1266 1244 1309 1310 ad

270 1365 344 1420 sunt
361 1352 411 1420 his
432 1349 538 1418 verbis
557 1360 716 1416 utuntur:
746 1349 835 1416 «Pax
856 1350 1006 1416 omnibus
1027 1373 1126 1440 super
1144 1375 1235 1441 quos
1257 1352 1305 1419 ho:

271 1485 416 1529 »nomen
438 1458 651 1549 requiescit.»
675 1457 758 1526 Tum
778 1471 888 1526 autem
908 1483 984 1525 eum
1006 1461 1060 1550 qui
1081 1461 1235 1528 initiatus
1256 1475 1306 1529 est

270 1570 475 1663 ppohalsamo
500 1570 668 1658 inungunt.
699 1569 770 1636 Hoc
795 1570 882 1636 enim
904 1573 1105 1660 unguemem
1132 1571 1308 1662 fragramm
1346 1559 1347 1636 l

271 1681 354 1750 illius
369 1703 438 1769 quse
453 1678 559 1746 omnia
574 1686 755 1766 exsuperat,
769 1690 884 1767 typum
899 1701 968 1746 esse
983 1681 1083 1746 aiunt.

316 1791 400 1858 Sunt
419 1789 516 1854 etiam
533 1807 574 1852 ex
593 1786 681 1876 ipsis,
703 1786 758 1876 qui
779 1809 834 1854 eos
857 1789 988 1877 quidem
1007 1788 1048 1854 ad
1067 1811 1195 1878 aquam
1216 1791 1309 1856 adde

272 1923 346 1970 cere
364 1915 634 1987 supervacaneum
653 1917 722 1962 esse
738 1895 862 1968 dicant:
884 1896 955 1963 oleo
973 1909 1081 1963 autem
1096 1911 1131 1964 et
1150 1922 1242 1989 aqua
1258 1925 1307 1965 um

239 2087 242 2094 ,
272 2008 443 2101 permistis.
469 2025 544 2071 cum
562 2004 695 2072 vocibus
713 2005 904 2092 quibusdam
925 2006 961 2072 iis
980 2029 1051 2096 qua
1069 2021 1147 2074 ante
1178 2033 1198 2074 a
1227 2013 1305 2076 notis

273 2125 531 2188 commemorata:
546 2125 633 2189 sunt,
649 2113 736 2180 haud
752 2113 969 2208 dissimilibus,
985 2117 1145 2182 incorum
1161 2143 1248 2208 quos
1263 2121 1305 2186 iri
1346 2207 1347 2216 ἵ

273 2228 366 2302 tiant,
388 2234 485 2311 eaput
505 2221 680 2310 injiciunt:
704 2221 799 2310 idque
820 2223 1074 2312 redemptionem
1094 2249 1172 2294 esse
1195 2229 1303 2295 volunt.
1346 2225 1347 2240 ¹

275 2337 379 2424 Atque
394 2332 453 2422 ipsi
468 2354 597 2422 quoque
611 2329 788 2399 balsamum
803 2333 968 2400 adhibent.
987 2333 1048 2402 Atii
1063 2357 1142 2402 vere
1160 2338 1229 2406 hac
1240 2361 1304 2403 om-

277 2445 327 2510 nia
343 2442 558 2532 improbantes
569 2463 608 2506 ac
620 2440 835 2529 repudiantes,
852 2442 1019 2510 ineffabilis
1034 2456 1066 2510 et
1079 2446 1252 2514 invisibilis
1261 2450 1314 2513 rir-

276 2555 353 2621 tutis
368 2552 554 2642 mysterium
566 2573 623 2639 per
635 2561 795 2616 creaturas
810 2551 1020 2642 inaspectum
1032 2555 1194 2632 cadentes,
1207 2559 1311 2622 interi

278 2667 389 2756 tuique
401 2663 564 2740 obnoxias,
577 2672 609 2728 et
619 2683 733 2728 eorum
742 2683 813 2750 que
824 2664 857 2730 in
868 2665 1093 2754 cogitationem
1104 2689 1166 2732 non
1178 2667 1306 2740 eadunt,
1346 2703 1347 2712 κ

279 2776 483 2866 corporisque
498 2771 635 2860 expertia
652 2781 740 2848 sunt.
758 2793 816 2861 per
833 2795 871 2838 ea
887 2795 957 2862 qua
976 2773 1139 2840 sensibilia
1153 2787 1190 2842 et
1205 2799 1308 2866 corpo

280 2909 334 2952 rea
350 2895 436 2960 sunt,
451 2877 667 2971 peragendum
680 2901 749 2949 esse
764 2891 904 2970 negant:
922 2883 1160 2974 perfectamque
1176 2888 1310 2973 redemp
1346 2835 1347 2906 l

281 2995 402 3063 tionem
422 2992 455 3056 in
476 2986 643 3055 ineffabilis
663 2987 890 3078 Magnitudinis
910 2992 1071 3080 agnitione
1092 2995 1238 3082 positam
1257 3017 1313 3062 aas:

281 3115 422 3174 censent.
447 3099 531 3180 Nam¹
553 3120 630 3166 cum
656 3109 688 3164 et
713 3099 857 3167 desectus
878 3113 912 3166 et
931 3104 1035 3191 passio
1057 3127 1097 3170 ex
1117 3105 1317 3194 ignoratione

282 3209 503 3305 profluxerint,
522 3205 677 3294 quidquid
695 3229 735 3274 ex
752 3208 951 3296 ignoratione
969 3225 1235 3302 coagmentatum
1257 3217 1321 3281 lue·

281 3326 337 3400 rit,
352 3345 411 3412 per
425 3317 639 3408 coguitionem
655 3315 768 3390 deleri:
789 3341 828 3384 ac
843 3321 976 3408 proinde
989 3323 1067 3388 nihil
1082 3320 1172 3391 aliud
1187 3349 1262 3392 csse
1277 3350 1325 3392 ce

282 3434 471 3527 gnitionem,
483 3449 580 3518 quam
594 3427 711 3496 interni
727 3429 864 3496 hominis
880 3432 1143 3522 redemptionem.
1164 3437 1237 3505 Nec
1252 3461 1325 3502 vero

284 3540 482 3634 corporalem
497 3539 580 3604 hane
595 3561 676 3615 esse,
695 3561 772 3606 cum
787 3547 904 3631 eorpus
919 3543 1060 3612 interitui
1076 3546 1116 3611 sit
1131 3547 1324 3624 obnoxium.

284 3677 345 3726 nec
359 3649 542 3726 animalem,
562 3671 637 3717 cum
653 3651 757 3718 anime
775 3675 816 3718 ex
831 3652 959 3720 defectu
978 3667 1046 3722 orta
1063 3655 1115 3732 sit,
1131 3658 1239 3748 sitque
1256 3671 1328 3724 tan-

284 3787 381 3858 quam
401 3761 529 3851 spiritus
549 3757 771 3826 domicilium:
795 3762 946 3849 quocirca
967 3762 1165 3852 spiritualem
1186 3789 1262 3832 esse
1284 3792 1329 3832 re

285 3875 501 3964 demptionem
515 3881 672 3958 oportere.
694 3869 755 3936 Per
775 3871 990 3960 cognitionem
1002 3874 1090 3941 enim
1105 3875 1276 3944 internum
1293 3899 1329 3942 ec
