2688 4626
228 171 288 268 168
523 197 636 240 saucrr
659 201 778 244 auarior
804 199 962 268 narraris
1038 211 1042 226 ·

224 300 415 388 principium
431 327 500 368 esse
516 304 603 370 dicit.
624 305 662 370 lli
683 331 792 374 ornnes
811 333 829 372 a
850 305 986 374 Thalete
1000 307 1067 372 orti
1083 327 1165 370 eam
1184 299 1289 392 pbilu

224 410 368 500 sophiam
395 414 577 501 persequuti
593 425 680 490 snut,
698 437 793 504 quam
809 416 868 504 ipsi
887 413 1073 480 naturalem
1091 421 1240 478 vocant.

269 522 322 588 IV.
341 521 462 588 Rursus
477 536 584 588 autem
599 527 638 590 ab
655 519 717 590 alio
734 527 838 615 capite
853 525 990 592 essonae
1000 521 1224 612 Pythagoras
1238 519 1287 585 Se

227 631 321 706 mins,
339 630 515 697 Mnesarchi
532 629 629 707 lilius,
641 633 795 723 principia
807 657 958 700 numeros
968 645 1084 711 vocat,
1096 653 1285 719 eommqrt

227 741 448 831 proportiones
470 755 504 806 et
523 756 716 818 concentus,
735 755 768 808 et
789 745 965 832 composita
982 765 1024 808 ex
1042 741 1201 831 utrisque
1222 739 1285 807 ele

230 863 351 928 menta,
368 863 437 918 turn
452 853 551 918 etiam
568 853 739 920 monadem
753 864 786 918 et
804 852 960 918 inlinitum
978 849 1141 938 dyadem.
1160 851 1284 940 Epicu-

228 985 282 1028 rus
297 961 510 1036 Atheniensis,
528 957 612 1027 filius
624 961 761 1040 Neoclis,
778 983 887 1028 rerum
897 963 1062 1052 principia
1078 984 1153 1027 esse
1167 959 1284 1026 statuis

228 1095 374 1160 corpora,
392 1093 463 1160 que
479 1073 600 1136 radone
614 1073 844 1162 percipiuntur,
857 1073 948 1140 vacui
967 1071 1121 1161 expertia
1138 1079 1168 1135 et
1182 1071 1279 1158 inge-

230 1181 309 1255 nito,
324 1203 458 1270 quaeque
470 1203 531 1246 nee
546 1182 707 1270 corrumpi
719 1205 779 1248 nec
794 1181 894 1271 lrungi
907 1191 1059 1270 possunt,
1072 1201 1140 1246 nec
1150 1201 1187 1244 ex
1199 1203 1276 1268 par-

232 1289 319 1356 tibus
331 1289 523 1356 conlormari
536 1304 591 1356 aut
602 1291 777 1366 immutari,
789 1313 827 1356 uc
838 1303 1008 1380 propterea
1023 1289 1158 1355 ratione
1173 1289 1273 1376 perci·

229 1399 372 1488 piantur.
390 1397 597 1488 Empedocles
615 1399 851 1488 Agrigentinus,
866 1397 1003 1464 Metonis
1017 1395 1123 1472 lilius,
1140 1409 1267 1484 quatuor

229 1509 400 1584 elementa,
417 1511 535 1598 ignem,
547 1531 667 1586 uorem,
681 1531 809 1597 aquam,
821 1520 952 1583 terram,
965 1507 1103 1595 vimque
1114 1503 1263 1594 duplicem
1333 1478 1335 1547 l

231 1623 454 1710 imperantem,
475 1618 647 1683 amicitiam
662 1627 694 1684 et
714 1615 918 1692 discordiam,
939 1639 1084 1704 quarum
1102 1613 1257 1680 atram

231 1730 377 1820 pulandi,
397 1727 493 1794 altera
516 1727 682 1815 separandi
701 1724 851 1794 facultate
871 1724 1012 1814 predita.
1031 1723 1159 1791 Videtis
1173 1723 1248 1810 putat

232 1839 506 1930 perturbationem
527 1859 639 1901 eorum
653 1837 707 1926 qui
723 1837 809 1924 apud
819 1859 874 1902 vos
888 1835 1048 1924 sapientes
1066 1833 1167 1900 habiti
1177 1841 1252 1904 snat,

233 1972 377 2038 quosque
388 1947 650 2040 vobismagistrps
662 1945 821 2035 religionis
832 1945 927 2010 luisse
939 1945 1060 2016 dicitiss
1073 1943 1144 2010 aliis
1157 1963 1260 2031 aqum

232 2056 377 2122 omnium
391 2053 583 2142 principium
598 2073 666 2118 esse
680 2052 973 2142 pronuntiantibus,
989 2050 1059 2116 aliis
1068 2075 1186 2128 aerem,
1199 2047 1261 2114 aliis
1334 2090 1335 2093 =

234 2167 354 2255 ignem,
375 2163 443 2229 aliis
460 2161 547 2228 aliud
563 2162 727 2251 quidpiam
742 2185 854 2226 eorum
875 2181 945 2250 quae
961 2161 1173 2249 prediximusr
1188 2181 1259 2224 om-
1334 2220 1335 2223 ,

235 2277 330 2340 nibus
345 2270 495 2338 vendibili
512 2270 649 2360 quadam
664 2271 806 2336 erutione
822 2269 864 2335 ud
877 2293 1003 2346 eorum,
1021 2291 1084 2360 qm
1095 2291 1153 2334 non
1167 2267 1249 2332 bene

129 2453 138 2472 .
234 2393 427 2456 statuerunt,
450 2380 727 2446 confirmationem
745 2379 923 2455 utentibus,
940 2403 979 2446 ac
1001 2391 1040 2458 ut
1059 2379 1174 2471 propria
1187 2377 1257 2466 opi-

235 2495 289 2558 nio
307 2491 505 2582 praestunta'or
525 2477 688 2565 videatur,
708 2491 912 2560 enitentibus.
931 2491 1008 2558 llaec
1027 2477 1149 2557 abillis
1169 2487 1254 2554 dies.

239 2601 411 2683 Quomodo
434 2591 531 2688 igitur
548 2599 597 2664 bis
616 2599 670 2687 qni
692 2597 827 2664 salutem
849 2599 980 2687 adipisci
1000 2600 1253 2688 copiosarum
1334 2603 1335 2612 ’

238 2713 278 2777 sit
293 2710 485 2783 existimare,
502 2731 522 2772 o
542 2707 658 2781 Graeci,
675 2729 708 2772 se
729 2726 837 2772 veram
851 2706 1036 2796 religionem
1053 2709 1094 2774 ab
1116 2708 1168 2774 his
1184 2726 1259 2797 puer·

237 2821 429 2911 perdiscere,
447 2817 501 2905 qui
521 2839 561 2882 ne
577 2812 636 2882 sibi
649 2816 723 2904 ipsis
735 2816 864 2906 quidem
879 2817 1071 2905 persuadere
1086 2827 1262 2906 potueruut,

237 2942 330 2995 utne
347 2928 430 2992 inter
446 2949 479 2991 se
489 2924 661 3016 litigarent,
674 2937 706 2989 et
722 2947 739 2988 a
756 2913 828 2992 suis¹
840 2925 975 3024 invicem
990 2927 1200 3015 opinionibus
1217 2925 1264 2990 dis

237 3037 340 3104 sidere
353 3034 546 3098 viderentur.

283 3143 320 3210 V.
344 3141 409 3208 Sed
423 3143 505 3207 sorte
520 3145 574 3230 qui
591 3146 632 3208 ab
649 3145 780 3232 antiquo
797 3143 850 3208 illo
870 3158 901 3208 et
919 3146 1096 3210 inveterato
1111 3147 1270 3213 discedam

237 3255 354 3324 'nolunt
369 3275 490 3326 errore,
507 3275 571 3318 nou
588 3255 628 3320 ab
652 3255 730 3331 istis,
748 3277 827 3342 quos
846 3254 1081 3330 recensuimus,
1098 3257 1271 3324 doctrinam

239 3365 398 3458 religionis
421 3387 488 3430 sese
509 3365 669 3453 accepisse
692 3365 816 3441 derunt,
840 3365 895 3430 sed
916 3388 933 3430 u
955 3364 1176 3434 celeberrimis
1193 3367 1273 3457 apud

237 3503 293 3544 eos
304 3489 336 3544 et
347 3476 583 3566 perfectissimae
595 3476 720 3542 virtutis
733 3477 916 3564 opinionem
930 3475 1051 3565 adeptis
1066 3475 1273 3570 philosophis,

239 3585 369 3652 Plutone
388 3597 421 3650 et
435 3583 615 3652 Aristotele.
634 3586 699 3651 Hos
714 3587 802 3652 enim
817 3584 990 3675 perlectam
1012 3595 1046 3650 et
1062 3607 1173 3653 verum
1192 3588 1274 3653 aiunt

239 3695 386 3762 didicisse
402 3693 596 3783 religionem.
613 3695 770 3783 Equidem
782 3696 885 3784 primo
896 3717 935 3762 ex
949 3693 1010 3771 bis,
1024 3695 1078 3782 qui
1095 3695 1139 3760 ita
1154 3697 1274 3766 dicunt.

239 3803 374 3870 libenter
390 3805 579 3890 quesierint,
597 3807 711 3894 quibus
729 3805 797 3872 illos
813 3805 969 3894 magistris
987 3827 1057 3871 usos
1069 3805 1141 3871 haec
1159 3829 1273 3896 cogno
