2648 4634
208 200 271 278 lot
525 220 638 266 sarcrs
660 219 774 266 sanum
797 219 859 262 nra.
886 217 918 260 ιν
1322 185 1323 266 l

252 327 306 396 lv.
324 327 395 396 lion
410 341 517 395 autem
532 328 671 396 fabulam
685 326 794 396 retulit
809 327 900 394 nohis
911 327 1056 416 pauperis
1065 336 1101 392 et
1115 321 1248 394 divitist

211 439 267 505 aed
281 439 419 529 primum
430 439 560 530 quidem
576 439 697 515 docuit,
713 438 875 506 neminem
884 449 1030 526 oportere
1045 433 1172 502 deliciis
1185 435 1251 506 uti,

211 571 327 638 neque,
348 550 381 617 in
400 547 602 618 sacularibus
622 548 862 617 oblectamentis
881 559 915 612 et
933 544 1041 612 multis
1061 543 1170 634 epulis
1194 543 1254 608 de-

211 671 331 747 gentes,
348 660 463 728 servire
478 659 541 726 suis
556 657 781 749 voluptatibus,
797 671 830 724 et
845 655 987 725 oblivisci
1002 655 1115 722 Deum
1134 680 1150 714 a
1166 653 1255 719 Erat

211 796 225 828 ι
240 769 338 845 enim,
356 768 469 858 inquit,
482 767 568 836 dives
582 769 637 856 qui
653 768 844 834 vestiebatur
858 785 1031 856 purpuram
1041 773 1074 830 et
1091 763 1251 850 byssum,

211 907 224 939 s
240 889 272 942 et
287 875 504 946 delectabatur
518 877 619 968 epulis
640 874 839 966 splendidis¹.
859 875 934 940 »De
949 873 1063 940 talibus
1083 884 1201 938 autem
1216 883 1254 936 et

209 1009 266 1076 per
280 986 404 1054 Esaiam
420 966 498 1055 dixit
513 987 647 1077 Spiritus
663 1010 672 1052 ι
690 985 801 1052 «Cum
817 983 958 1059 citharis,
975 995 1007 1050 et
1020 982 1202 1070 tympanis,
1215 993 1254 1045 et

211 1126 224 1158 ι
238 1095 405 1187 psalteriis,
420 1109 453 1163 et
475 1098 558 1164 tibiis
573 1098 682 1163 vinum
697 1096 811 1162 hibunt
827 1119 836 1159 ε
854 1115 949 1194 opera
964 1104 1070 1158 autem
1092 1092 1154 1158 Dei
1179 1115 1251 1157 non

212 1234 225 1268 s
242 1208 419 1284 intuentur,
430 1217 469 1271 et
482 1228 577 1296 opera
591 1228 747 1271 manuum
759 1205 830 1292 ejus
844 1226 909 1276 non
924 1200 1157 1268 considerant².
1174 1231 1190 1263 ι
1200 1201 1248 1268 Nc

212 1341 288 1407 ergo
308 1317 343 1383 in
364 1315 509 1384 eamdem
527 1337 655 1407 poenam
669 1337 744 1381 cum
758 1315 808 1381 his
823 1315 997 1390 veniamus,
1013 1312 1114 1379 finem
1127 1337 1245 1380 eorum

113 1427 115 1430 ’
211 1426 349 1494 ostendit
360 1426 529 1499 Dominum
540 1422 634 1491 simul
646 1423 826 1514 significans
842 1423 928 1511 quod
939 1423 1124 1489 obedientes
1140 1421 1242 1510 Moysi

213 1548 246 1602 et
260 1535 425 1626 Prophetis
436 1534 603 1603 crederent
614 1535 646 1601 in
657 1557 731 1600 eum
743 1555 839 1622 quem
854 1533 912 1622 ipsi
930 1531 1170 1621 praedicassent,
1185 1533 1240 1598 Dei

213 1643 343 1723 Filium,
360 1645 412 1734 qui
431 1644 600 1732 resurrexit
614 1667 633 1708 a
648 1643 794 1720 mortuis,
809 1655 843 1709 et
856 1643 952 1710 vitam
972 1642 1064 1709 nohis
1080 1642 1181 1709 donat
1187 1667 1198 1716 r
1211 1655 1241 1708 et

215 1755 409 1822 demonstrat
422 1777 462 1820 ex
475 1776 537 1819 una
553 1751 934 1828 substautineaseomnia,
946 1751 1051 1830 idest,
1064 1752 1238 1830 Abraham,
1322 1791 1323 1840 p

214 1877 247 1931 et
262 1865 415 1954 Moysen,
431 1877 464 1930 et
485 1863 669 1954 Prophetas,
691 1865 787 1930 etiarn
805 1865 915 1953 ipsum⁴
928 1863 1104 1930 Dominum
1119 1867 1174 1954 qui
1191 1889 1239 1930 re-
1322 1845 1323 1906 l

215 1974 349 2042 surrexit
368 1997 386 2040 a
408 1973 554 2050 mortuis,
570 1973 603 2040 in
623 1995 719 2062 quem
733 1983 766 2038 et
780 1973 914 2039 credunt
935 1971 1026 2038 multi
1042 1974 1098 2062 qui
1113 1987 1187 2040 suut
1201 1999 1236 2042 ex

217 2083 472 2160 circumcisione,
491 2085 545 2174 qui
560 2095 593 2148 et
605 2081 749 2172 Moysem
763 2093 795 2148 et
806 2081 980 2173 ¹Prophetas
1001 2084 1138 2152 audiunt
1156 2109 1235 2175 praa

216 2195 357 2265 dicantes
373 2195 541 2261 adventurn
555 2193 626 2260 Filii
646 2193 714 2261 Dei.
734 2194 798 2274 Qui
819 2207 925 2261 autem
946 2208 1113 2286 spernunt,
1131 2197 1168 2261 ab
1186 2196 1216 2262 al

214 2317 282 2369 tera
297 2303 470 2372 substantia
488 2327 543 2370 cos
558 2327 627 2370 ease
638 2303 761 2379 dicunt,
777 2327 879 2392 neque
897 2304 1138 2394 primogenitum
1150 2327 1227 2371 mor
1322 2287 1323 2304 ³

218 2427 346 2480 tuorum
362 2414 466 2481 sciunt
472 2439 482 2489 r
503 2416 673 2504 separatim
684 2414 846 2482 Christum
857 2413 1081 2506 intelligentes,
1092 2425 1233 2505 numam
1322 2471 1323 2480 ,

214 2521 440 2614 impassibilem
454 2536 720 2613 perseverantem,
738 2535 771 2590 et
786 2523 954 2612 separatim
968 2547 1044 2596 eum
1060 2525 1114 2614 qui
1131 2549 1236 2615 passus

216 2646 277 2711 est,
293 2633 414 2702 lesum.

260 2741 299 2810 V.
317 2743 390 2811 Non
404 2745 490 2812 enirn
510 2771 527 2812 a
548 2746 641 2814 Patre
655 2745 815 2837 accipiunt
828 2765 1018 2837 cognoscere
1032 2743 1165 2821 Filium,
1182 2767 1235 2812 nee

213 2875 231 2918 a
253 2849 337 2920 Filio
350 2853 482 2943 [discunt
500 2854 639 2932 Patrem,
660 2856 824 2922 manifesta
843 2868 877 2922 et
902 2857 970 2924 aine
991 2852 1229 2944 parabolicam

217 2959 333 3039 Deum,
356 2963 410 3052 qui
431 2974 480 3030 est
499 2987 585 3042 vera,
601 2965 745 3034 docente.
765 2991 778 3026 a
798 2964 857 3040 Ne,
879 2963 994 3052 inquit,
1016 2964 1234 3052 juraveritisia
1322 3051 1323 3060 ἵ

219 3099 232 3134 ι
247 3084 362 3152 totum,
376 3095 482 3164 noque
491 3075 524 3141 in
536 3073 665 3152 coelum,
682 3075 832 3164 quoniam
842 3075 976 3142 thronus
988 3083 1037 3140 eat
1047 3073 1106 3140 Dei
1118 3099 1129 3151 r
1141 3097 1235 3164 nequa
1322 3063 1323 3120 l

217 3181 280 3248 ain
300 3196 430 3263 terram,
454 3185 605 3274 quoniam
626 3185 799 3254 scabellum
820 3199 868 3252 est
887 3185 1006 3275 pedum
1029 3187 1119 3274 einer
1142 3208 1237 3275 neque

80 3345 81 3348 ,
218 3316 299 3382 sper
310 3292 517 3370 Hierusalem,
536 3297 684 3384 quoniam
700 3297 809 3364 civitas
823 3307 871 3364 est
885 3296 991 3386 magm
1004 3295 1130 3386 liegis¹.
1144 3297 1237 3363 allec

217 3401 303 3472 enim
318 3403 351 3469 in
365 3401 586 3471 fabricatorem
601 3403 766 3472 manifeste
777 3405 861 3474 dicta
873 3419 958 3484 suut,
970 3405 1238 3496 quamadmodum

217 3523 251 3577 et
267 3512 372 3579 Esaias
387 3513 431 3581 ait
446 3535 455 3578 ε
469 3541 482 3574 a
496 3513 620 3582 Coalum
633 3515 711 3582 mihi
727 3515 816 3582 sedes
830 3527 889 3594 est,
904 3528 988 3582 terra
1005 3515 1238 3606 suppedaneum

218 3650 231 3682 ι
247 3623 364 3711 pedum
379 3623 554 3692 meorum⁸.
572 3627 637 3692 »Et
650 3638 766 3715 praeter
778 3627 866 3694 hunc
879 3625 959 3694 alius
974 3649 1038 3694 non
1058 3638 1108 3694 est
1127 3627 1211 3694 Deus
1226 3647 1234 3690 ε

208 3743 362 3800 caeterum
376 3757 394 3800 a
409 3733 546 3802 Domino
564 3757 668 3825 neque
681 3736 767 3802 Deus
788 3759 891 3826 neque
913 3759 1044 3828 magnus
1065 3735 1134 3804 Rex
1147 3735 1232 3802 dice-

237 3859 319 3911 ίΙιιιο.
329 3879 379 3922 arr,
394 3879 429 3928 19.
441 3891 472 3903 —-
481 3863 492 3898 ²
502 3865 567 3914 llari.
578 3880 602 3926 v,
614 3879 652 3914 aa.
666 3891 697 3902 -
709 3863 719 3898 ⁸
731 3865 821 3915 Manu.
833 3883 856 3922 v,
869 3866 909 3926 bl,
921 3865 960 3916 3⁵.
974 3866 1024 3906 ..t
1036 3865 1101 3916 Etsi.
1119 3881 1183 3924 ura,
1197 3881 1217 3913 r.
