2640 4622
336 237 401 314 450
632 256 744 300 saaorr
768 257 886 300 rusruu
911 257 1058 298 ιιιιιτιιιι

336 374 399 437 tar,
417 359 521 426 aJesu
532 360 703 426 secundam
720 361 995 426 circumcisionem
1009 357 1106 424 cultris
1117 357 1247 445 adtrita

334 469 501 556 accepisse.

377 575 489 642 cxlv.
520 575 685 644 Interdum
707 578 792 642 enim
818 576 955 664 Spiritus
977 587 1098 642 sauctus
1117 575 1251 640 elicielu..

332 684 416 750 clare
430 682 549 773 aliquid
565 696 597 748 et
612 695 720 771 aperte
736 684 825 750 fieret
840 684 927 772 quod
942 684 1072 773 quidem
1086 681 1170 769 imago
1182 687 1251 744 ose}

330 795 415 859 turi:
433 793 593 858 interdum
608 805 715 862 autem
731 805 764 858 ot
779 815 940 859 sermones
957 781 1257 880 pronuntiaviteius

328 905 436 976 rebus,
456 902 497 966 ita
515 923 569 966 eos
585 900 794 988 pronuntians
812 902 901 987 quasi
920 903 986 989 jam
1010 912 1079 964 tum
1095 921 1139 962 res
1153 896 1247 960 uana·

326 1013 422 1074 etiam
433 1009 523 1074 lactae
536 1009 677 1074 luissent.
698 1009 803 1087 Quam
814 1022 914 1074 artem
926 1011 986 1074 nisi
1004 1008 1136 1095 legentes
1145 1005 1249 1090 perspici

326 1117 511 1206 prophetica
521 1118 630 1190 verba,
645 1127 678 1180 ut
689 1139 746 1204 par
755 1129 814 1191 est,
828 1118 951 1204 assequi
963 1137 1030 1180 aon
1042 1123 1180 1202 poterunt.
1190 1111 1239 1190 aa

324 1227 422 1315 gratia
443 1225 601 1314 proferam
619 1225 712 1288 verba
733 1223 878 1310 quandam
897 1224 1098 1311 prophetica,
1119 1229 1149 1282 at
1165 1236 1243 1302 quau

323 1334 540 1422 assequamini.
556 1332 638 1396 Cum
650 1332 727 1397 dicit
738 1355 795 1420 per
806 1332 947 1398 Esaiam:
966 1333 1062 1420 «lpse
1075 1343 1245 1415 tanquam

323 1473 335 1504 ι
350 1443 541 1508 occisionem
552 1441 667 1504 ductus
679 1452 739 1514 ost,
756 1453 789 1504 et
804 1439 889 1504 velut
900 1463 1003 1528 agnus
1016 1461 1123 1505 coram
1133 1436 1226 1500 torma

321 1551 363 1615 ita
384 1549 459 1615 dicit
482 1547 568 1635 quasi
591 1547 657 1634 jam
679 1559 882 1634 perageretur
904 1549 1020 1634 passio.
1047 1545 1157 1612 Rursus
1173 1563 1240 1606 aaut·

329 1655 493 1744 «Expandi
510 1675 621 1719 manus
635 1675 721 1716 meas
735 1651 776 1716 ad
789 1651 942 1740 populum
956 1676 1024 1720 noa
1041 1651 1245 1718 credeataurta'·

320 1791 332 1824 ι
347 1763 552 1827 [radicantem
562 1758 589 1832 ’ς
604 1787 617 1820 ι
638 1759 726 1833 item,
743 1758 898 1822 «Domine
910 1761 980 1846 quis
993 1757 1128 1826 credidit
1137 1753 1215 1820 audita
1222 1773 1241 1810 s»

319 1869 415 1934 »tro⁸
426 1869 464 1932 l»
480 1869 521 1931 ita
537 1867 605 1932 haec
618 1866 769 1930 dicuntur
779 1867 867 1954 quasi
883 1889 933 1932 res
944 1880 1108 1936 anteactas
1119 1863 1240 1930 uuatiratl

317 1981 413 2044 otiam
428 1977 639 2042 demonstravi
656 1999 737 2065 saepe
755 1977 916 2042 Christum
931 1981 971 2044 ab
988 2003 1029 2044 eo
1042 1979 1074 2044 in
1087 1971 1237 2042 similitalirt

319 2085 424 2172 pidem
446 2084 563 2157 vocari,
586 2094 618 2148 et
636 2105 693 2170 per
716 2081 922 2171 tropologiam
945 2085 1107 2155 iacobum
1128 2093 1154 2146 st
1169 2071 1237 2142 lot:

317 2193 436 2256 Rursus
459 2213 534 2256 cum
557 2190 655 2256 dicit:
679 2189 825 2256 «Videho
844 2190 940 2256 coelos
961 2205 1035 2258 taos
1058 2213 1147 2280 opere
1165 2183 1240 2270 digit-⁵

316 2328 328 2360 ι
344 2299 509 2371 tuorum⁴3
524 2326 537 2358 s
552 2299 609 2364 nisi
627 2301 758 2364 verbum
774 2301 842 2386 ejus
857 2299 1031 2388 intelligam
1047 2285 1235 2389 operatores

316 2399 465 2494 sipienter
481 2404 665 2494 intelligam,
688 2407 956 2493 quemadmodum
974 2407 1134 2497 magistris
1150 2387 1234 2474 venitl

313 2525 376 2590 cet,
392 2515 447 2603 qui
459 2537 571 2580 manus
586 2525 618 2578 et
629 2514 724 2602 pedes
739 2527 772 2578 et
788 2513 900 2602 digitos
914 2526 946 2580 et
961 2517 1103 2582 animam
1114 2503 1239 2578 butanlli

312 2620 454 2687 animalis
470 2623 636 2710 compositi
648 2621 828 2689 existimant
837 2633 1001 2710 parentem
1013 2625 1201 2690 universorum
1207 2603 1242 2666 ‘ll

312 2721 453 2816 genitum
468 2729 583 2802 Deum,
599 2737 632 2792 et
647 2727 767 2794 idcirco
782 2729 883 2794 visum
897 2753 964 2796 esse
980 2709 1243 2797 aammmoaaca

311 2837 556 2922 ipsumPatrem
575 2837 700 2902 docent.
723 2836 875 2903 Praeclare
893 2861 968 2926 crgo
988 2840 1021 2903 in
1041 2838 1130 2906 nohis
1144 2829 1242 2917 apittl

311 2946 419 3011 cultris
445 2947 574 3040 lapideis
598 2947 777 3014 circumcisi
796 2971 905 3014 sumus
923 2951 1064 3015 secunda
1083 2933 1240 3015 circoruc'altt

310 3053 411 3118 Prima
427 3057 513 3120 onim
529 3054 580 3120 illa
597 3069 697 3121 vestra
715 3057 798 3122 ferro
813 3043 939 3144 peracta
955 3069 1002 3123 est
1018 3070 1051 3123 et
1063 3051 1206 3146 peragitur:
1215 3037 1242 3097 δί’

308 3162 393 3226 enim
408 3164 505 3228 corde
518 3166 721 3250 permanetis.
737 3165 850 3231 Nostra
863 3177 968 3231 sutem
980 3161 1178 3232 circumcisio,
1186 3161 1246 3236 quaa

308 3271 412 3336 cunda
428 3293 561 3338 numero
577 3286 648 3361 post
662 3285 799 3339 vestram
814 3275 955 3340 instituta
969 3287 1028 3350 est,
1046 3299 1103 3364 per
1116 3262 1205 3355 lapides
1215 3269 1245 3312 ¹⁶¹²

306 3390 366 3452 tos,
384 3378 417 3442 id
432 3391 492 3454 est,
507 3402 566 3466 pcr
581 3401 742 3446 sermones
760 3380 983 3468 Apostolorum
1000 3380 1112 3448 summi
1127 3371 1191 3440 illius
1201 3377 1246 3440 ap

306 3482 378 3550 laris
400 3485 511 3575 lapidis
532 3499 565 3552 et
587 3489 654 3553 siae
676 3489 823 3554 manibus
844 3491 984 3565 abscissi.
1009 3479 1186 3556 circumcidit
1202 3459 1252 3596 mvl

306 3591 546 3659 simulacrorum
559 3595 646 3661 culta
659 3608 692 3661 et
706 3599 746 3663 ab
761 3597 847 3662 omni
862 3621 990 3685 prorsus
1001 3599 1152 3686 pravitate.
1169 3583 1252 3734 ΟΜΝ(

305 3700 399 3764 corda
411 3701 452 3765 ita
465 3715 538 3768 sunt
548 3705 699 3792 pravitate
711 3707 911 3781 circumcisa,
924 3720 959 3771 ut
975 3706 1036 3772 laeti
1048 3715 1166 3772 mortem
1175 3691 1242 3775 oppa

335 3819 343 3854 ¹
356 3821 417 3869 E⁸³¹3·
432 3839 483 3882 ΜΗ,
494 3842 515 3886 7·
528 3853 559 3862 -
570 3823 580 3857 ²
591 3827 655 3876 Esai.
669 3843 722 3888 ιιι,
737 3845 757 3876 a.
769 3827 818 3865 —³
829 3827 894 3878 Esai.
909 3846 959 3889 ιιιι,
972 3845 991 3876 ι.
1005 3829 1052 3867 ..t
1065 3825 1123 3879 Psal.
1132 3835 1174 3870 ιιιι,
1183 3815 1197 3868 l=
