2586 4642
439 311 561 355 coarat
586 311 736 356 annasse.
1040 279 1103 354 tet

13 413 46 476 si
73 415 147 500 qui
170 439 250 504 per
267 418 463 506 praeconium
479 416 703 506 Apostolorum
718 419 788 508 ejus
799 419 838 484 ab
855 417 986 485 Oriente
998 413 1101 484 etOc·
1178 445 1182 451 ·

17 521 173 590 sidente
194 527 374 594 credontes
389 527 421 594 in
437 551 526 604 eum,
548 550 623 594 eum
638 529 813 603 Abraham,
833 517 934 604 isaac,
956 541 988 594 et
1002 527 1102 596 Jacob

15 631 54 694 in
81 654 212 722 regno
242 633 398 702 caelorum
413 638 613 713 recumbent,
634 637 858 727 participantes
874 659 949 704 cum
968 637 1013 702 ois
1028 659 1104 724 epu·
1181 679 1188 694 ·

18 737 233 816 lation'em3
254 767 335 810 unus
346 757 379 810 et
391 745 476 811 idem
488 745 574 812 Deus
586 745 775 821 ostenditur,
792 745 846 834 qui
862 742 957 835 elegit
972 745 1102 833 quidem

19 845 276 930 Patriarchos,
291 852 425 919 visitavit
437 875 513 918 vero
524 851 691 942 populum,
705 853 824 920 Gentes
837 877 912 920 vero
923 854 1099 928 advocavit.

405 1059 558 1127 CAPUT
584 1059 773 1130 XXXVII.

55 1235 220 1296 Horm'nes
234 1237 333 1296 liberos
345 1259 415 1311 esse,
430 1253 456 1298 et
467 1239 590 1319 eligendi
590 1239 733 1322 facultate
743 1239 876 1318 praedatus
881 1263 895 1315 ;
912 1264 959 1302 nec
968 1243 1083 1318 protisde

176 1337 318 1412 quosdam
329 1351 431 1398 neura
444 1339 539 1414 bonas,
554 1339 691 1416 quosdam
703 1354 806 1399 nmero
818 1341 908 1430 malos
920 1363 986 1407 esse.

92 1505 121 1572 1.
145 1503 237 1572 lllud
252 1519 371 1586 autem,
389 1510 476 1598 quod
490 1511 533 1576 ait
550 1532 559 1576 r
581 1538 593 1572 ι
610 1510 744 1590 Quoties
759 1508 843 1577 volui
858 1507 1006 1598 colligere
1021 1505 1102 1572 lilios

45 1639 60 1673 s
79 1623 181 1689 tuos,
194 1624 226 1680 et
237 1614 384 1682 noluisti¹
396 1617 438 1681 l·
454 1630 591 1684 emerem
606 1617 711 1707 legem
724 1615 877 1683 libertatis
889 1614 1026 1681 hominis
1037 1636 1103 1682 ma-

46 1720 224 1789 nilestavit
242 1746 250 1789 ε
269 1724 341 1812 quia
357 1723 493 1792 liberum
508 1749 583 1793 eum
597 1727 683 1795 Deus
697 1725 773 1794 iecit
792 1727 831 1792 ab
854 1725 957 1800 initio,
980 1723 1103 1790 haben-

49 1843 124 1898 tem
143 1857 239 1900 suam
253 1845 456 1924 potestatem,
472 1837 553 1904 sicut
566 1850 599 1902 et
614 1859 705 1908 suam
721 1837 873 1910 animam,
890 1835 932 1901 ad
947 1832 1102 1900 utendum

53 1945 223 2012 sententia
238 1945 297 2012 Dei
314 1945 502 2024 voluntarie,
517 1959 550 2014 et
564 1971 629 2019 non
645 1958 826 2016 coaetuma
845 1947 924 2013 Deo.
942 1944 997 2010 Vis
1016 1943 1102 2008 enim

53 2075 72 2116 a
87 2053 165 2120 Deo
177 2078 242 2121 non
255 2054 303 2132 aa,
317 2056 373 2122 sed
384 2059 468 2124 bona
479 2057 633 2124 sententia
646 2055 735 2124 adest
748 2054 794 2123 illi
808 2077 943 2143 semper.
956 2054 996 2118 Et
1010 2073 1103 2140 prop·

58 2171 112 2226 ter
128 2161 196 2230 boc
212 2162 379 2230 eonsilium
394 2163 524 2253 quidem
538 2167 659 2232 bonum
675 2165 730 2232 dot
748 2164 908 2231 omnibns.
926 2160 1035 2228 Posuit
1049 2184 1103 2226 au-

60 2283 132 2336 tem
149 2272 182 2338 in
197 2272 326 2340 bomine
341 2286 531 2364 potestatem
546 2273 721 2351 electionis,
737 2271 1008 2364 quemadmodum
1024 2282 1056 2336 et
1070 2269 1103 2335 in

63 2379 197 2469 Angelis
213 2380 352 2468 (etenim
375 2380 487 2472 Angeli
509 2381 729 2474 rationabiles)
753 2381 825 2449 :uti
846 2381 879 2448 bi
898 2379 1028 2469 quidem
1048 2379 1102 2468 qui

62 2488 264 2567 obedissent,
279 2491 363 2578 jaste
377 2492 499 2558 bonum
514 2491 576 2558 sint
592 2492 801 2583 possidentes,
818 2491 927 2558 datum
941 2491 1069 2579 quidem
1085 2512 1103 2552 a

64 2597 324 2674 Demaenetum
340 2623 414 2664 vero
434 2602 474 2667 ab
496 2601 580 2690 ipsis.
606 2601 670 2682 Qui
691 2613 801 2666 autem
819 2623 884 2664 non
900 2599 1104 2674 obedierunt,

68 2709 153 2796 juste
166 2733 232 2790 non
247 2710 448 2778 invenientur
461 2714 702 2786 enm-bono,·et
717 2709 863 2774 meritam
883 2729 1012 2796 poenam
1030 2729 1105 2795 per-

69 2819 188 2908 cipient
206 2845 214 2887 s
232 2822 383 2909 quonium
397 2822 484 2888 Deus
498 2820 627 2906 quidem
643 2819 730 2884 dedit
745 2818 883 2907 benigne
897 2821 1033 2892 bonum,
1045 2817 1104 2906 ipsi

74 2953 149 2996 uero
163 2954 227 2995 uon
238 2931 458 2997 custodierunt
473 2929 639 3019 diligenter
653 2928 744 3005 illud,
757 2951 860 3017 neque
873 2929 1046 3018 pretiosum
1057 2951 1105 2992 ur-

77 3037 182 3102 bitrati
193 3049 280 3116 suut,
290 3038 346 3104 sed
357 3037 657 3128 supereminentiam
667 3038 817 3105 bonitatis
830 3048 1100 3128 contempserant.

77 3145 265 3236 Abjioientes
281 3146 376 3236 igitur
390 3148 525 3223 bonum,
542 3160 575 3236 qt
589 3147 677 3235 quasi
693 3159 890 3236 respuentes,
907 3147 1022 3214 merito
1038 3171 1104 3216 om-

79 3279 131 3320 nes
144 3257 260 3345 justum
276 3256 431 3344 judicium
447 3255 588 3322 incident
603 3256 674 3332 Ilei,
690 3257 961 3346 quemadmodum
977 3270 1010 3322 et
1022 3256 1104 3347 alpo-

82 3363 172 3448 stolns
188 3364 304 3432 Paulus
324 3365 356 3432 in
374 3390 411 3432 eu
431 3363 562 3455 epistole
578 3391 649 3455 qam
667 3377 715 3433 est
726 3367 767 3432 ed
782 3365 941 3433 Romanos
958 3367 1103 3435 testifica·

82 3487 194 3553 tuaest,
207 3475 370 3542 dioensita
384 3499 418 3542 :a
434 3475 483 3542 Aa
496 3475 618 3542 divitias
629 3476 778 3543 bonitatis
790 3477 872 3566 ejus,
884 3488 916 3542 et
931 3477 1103 3566 patientiae,

82 3597 136 3650 rot
155 3583 395 3674 longanimitatis
414 3585 608 3662 contemnis,
636 3586 784 3676 ignorans
806 3587 956 3674 quoniam
978 3589 1104 3653 bonitas

85 3694 159 3760 »Dei
172 3692 212 3758 ad
226 3694 444 3781 paenitentiam
460 3707 490 3759 te
506 3694 658 3762 adducit?
673 3695 859 3762 Secundum
882 3706 988 3763 autem
1013 3697 1102 3760 dari-

87 3803 176 3868 stiam
187 3814 274 3868 tuam
286 3815 317 3867 et
333 3823 388 3870 cor
400 3803 600 3892 impaenitens
617 3804 809 3872 thesaurizas
826 3805 1007 3893 tibimetipsi
1024 3806 1105 3870 iram

116 3927 213 3978 tttauh.
231 3945 302 3990 xnrrr,
312 3929 351 3994 57.
