<?xml version="1.0" encoding="UTF-8"?>
<!DOCTYPE html PUBLIC "-//W3C//DTD XHTML 1.0 Transitional//EN"
    "http://www.w3.org/TR/xhtml1/DTD/xhtml1-transitional.dtd">
<html xmlns="http://www.w3.org/1999/xhtml" xml:lang="en" lang="en">
 <head>
  <title>
</title>
<meta http-equiv="Content-Type" content="text/html;charset=utf-8" />
  <meta name='ocr-system' content='tesseract 3.04.00' />
  <meta name='ocr-capabilities' content='ocr_page ocr_carea ocr_par ocr_line ocrx_word'/>
</head>
<body>
  <div class='ocr_page' id='page_1' title='image "./collectioselect02guilgoog_0079.png"; bbox 0 0 2710 4662; ppageno 0'>
   <div class='ocr_carea' id='block_1_1' title="bbox 261 255 931 333">
    <p class='ocr_par' dir='ltr' id='par_1_1' title="bbox 261 255 931 333">
     <span class='ocr_line' id='line_1_1' title="bbox 261 255 931 333; baseline -0.006 -15"><span class='ocrx_word' id='word_1_1' title='bbox 261 255 303 333; x_wconf 74' lang='grc'><strong>64</strong></span> <span class='ocrx_word' id='word_1_2' title='bbox 620 269 732 316; x_wconf 74' lang='lat' dir='ltr'><strong>sineri</strong></span> <span class='ocrx_word' id='word_1_3' title='bbox 756 272 931 316; x_wconf 81' lang='lat' dir='ltr'><strong>canuusrrs</strong></span> 
     </span>
    </p>
   </div>
   <div class='ocr_carea' id='block_1_2' title="bbox 261 377 1294 794">
    <p class='ocr_par' dir='ltr' id='par_1_2' title="bbox 261 377 1294 794">
     <span class='ocr_line' id='line_1_2' title="bbox 261 377 1294 472; baseline 0.003 -26"><span class='ocrx_word' id='word_1_4' title='bbox 261 381 371 456; x_wconf 82' lang='lat' dir='ltr'><strong>decus,</strong></span> <span class='ocrx_word' id='word_1_5' title='bbox 388 378 637 448; x_wconf 79' lang='lat' dir='ltr'><strong>animadvertite.</strong></span> <span class='ocrx_word' id='word_1_6' title='bbox 657 377 775 467; x_wconf 84' lang='lat' dir='ltr'><strong>Turpia</strong></span> <span class='ocrx_word' id='word_1_7' title='bbox 788 389 874 453; x_wconf 87' lang='lat' dir='ltr'><strong>sunt,</strong></span> <span class='ocrx_word' id='word_1_8' title='bbox 889 379 1010 456; x_wconf 79' lang='lat' dir='ltr'><strong>dilecti,</strong></span> <span class='ocrx_word' id='word_1_9' title='bbox 1023 400 1062 446; x_wconf 87' lang='lat' dir='ltr'><strong>ae</strong></span> <span class='ocrx_word' id='word_1_10' title='bbox 1072 379 1169 447; x_wconf 84' lang='lat' dir='ltr'><strong>valde</strong></span> <span class='ocrx_word' id='word_1_11' title='bbox 1182 386 1294 472; x_wconf 84' lang='lat' dir='ltr'><strong>turpia.</strong></span> 
     </span>
     <span class='ocr_line' id='line_1_3' title="bbox 261 489 1293 578; baseline 0.001 -19"><span class='ocrx_word' id='word_1_12' title='bbox 261 504 294 559; x_wconf 86' lang='lat' dir='ltr'><strong>et</strong></span> <span class='ocrx_word' id='word_1_13' title='bbox 315 491 486 558; x_wconf 85' lang='lat' dir='ltr'><strong>christiana</strong></span> <span class='ocrx_word' id='word_1_14' title='bbox 507 489 746 556; x_wconf 84' lang='lat' dir='ltr'><strong>conversatione</strong></span> <span class='ocrx_word' id='word_1_15' title='bbox 767 489 915 578; x_wconf 81' lang='lat' dir='ltr'><strong>indigna,</strong></span> <span class='ocrx_word' id='word_1_16' title='bbox 939 490 1055 564; x_wconf 86' lang='lat' dir='ltr'><strong>audiri,</strong></span> <span class='ocrx_word' id='word_1_17' title='bbox 1080 491 1293 560; x_wconf 84' lang='lat' dir='ltr'><strong>firmissimam</strong></span> 
     </span>
     <span class='ocr_line' id='line_1_4' title="bbox 261 597 1292 687; baseline 0 -19"><span class='ocrx_word' id='word_1_18' title='bbox 261 615 294 668; x_wconf 87' lang='lat' dir='ltr'><strong>et</strong></span> <span class='ocrx_word' id='word_1_19' title='bbox 316 602 477 687; x_wconf 87' lang='lat' dir='ltr'><strong>antiquam</strong></span> <span class='ocrx_word' id='word_1_20' title='bbox 502 597 741 664; x_wconf 88' lang='lat' dir='ltr'><strong>Corinthiorum</strong></span> <span class='ocrx_word' id='word_1_21' title='bbox 759 597 941 673; x_wconf 88' lang='lat' dir='ltr'><strong>ecclesiam,</strong></span> <span class='ocrx_word' id='word_1_22' title='bbox 961 609 1093 687; x_wconf 88' lang='lat' dir='ltr'><strong>propter</strong></span> <span class='ocrx_word' id='word_1_23' title='bbox 1119 623 1228 666; x_wconf 90' lang='lat' dir='ltr'><strong>unum</strong></span> <span class='ocrx_word' id='word_1_24' title='bbox 1249 617 1292 668; x_wconf 86' lang='lat' dir='ltr'><strong>aut</strong></span> 
     </span>
     <span class='ocr_line' id='line_1_5' title="bbox 262 706 1289 794; baseline 0 -20"><span class='ocrx_word' id='word_1_25' title='bbox 262 708 396 774; x_wconf 82' lang='lat' dir='ltr'><strong>alterum</strong></span> <span class='ocrx_word' id='word_1_26' title='bbox 413 706 576 772; x_wconf 88' lang='lat' dir='ltr'><strong>hominem</strong></span> <span class='ocrx_word' id='word_1_27' title='bbox 592 717 701 771; x_wconf 86' lang='lat' dir='ltr'><strong>contra</strong></span> <span class='ocrx_word' id='word_1_28' title='bbox 722 709 926 794; x_wconf 84' lang='lat' dir='ltr'><strong>presbyteros</strong></span> <span class='ocrx_word' id='word_1_29' title='bbox 949 707 1139 773; x_wconf 80' lang='lat' dir='ltr'><strong>seditionem</strong></span> <span class='ocrx_word' id='word_1_30' title='bbox 1158 733 1289 776; x_wconf 81' lang='lat' dir='ltr'><strong>morere</strong></span> 
     </span>
    </p>
   </div>
   <div class='ocr_carea' id='block_1_3' title="bbox 235 813 1308 3700">
    <p class='ocr_par' dir='ltr' id='par_1_3' title="bbox 263 813 1292 1226">
     <span class='ocr_line' id='line_1_6' title="bbox 263 813 1292 905; baseline -0.001 -21"><span class='ocrx_word' id='word_1_31' title='bbox 263 819 367 905; x_wconf 80' lang='lat' dir='ltr'><strong>Atque</strong></span> <span class='ocrx_word' id='word_1_32' title='bbox 386 819 412 880; x_wconf 87' lang='lat' dir='ltr'><strong>is</strong></span> <span class='ocrx_word' id='word_1_33' title='bbox 431 837 542 880; x_wconf 86' lang='lat' dir='ltr'><strong>rumor</strong></span> <span class='ocrx_word' id='word_1_34' title='bbox 561 837 626 880; x_wconf 91' lang='lat' dir='ltr'><strong>uon</strong></span> <span class='ocrx_word' id='word_1_35' title='bbox 646 823 771 878; x_wconf 88' lang='lat' dir='ltr'><strong>tuntum</strong></span> <span class='ocrx_word' id='word_1_36' title='bbox 794 813 835 878; x_wconf 89' lang='lat' dir='ltr'><strong>ad</strong></span> <span class='ocrx_word' id='word_1_37' title='bbox 854 837 913 879; x_wconf 90' lang='lat' dir='ltr'><strong>nos</strong></span> <span class='ocrx_word' id='word_1_38' title='bbox 933 815 1098 903; x_wconf 87' lang='lat' dir='ltr'><strong>pervenit,</strong></span> <span class='ocrx_word' id='word_1_39' title='bbox 1117 817 1179 882; x_wconf 86' lang='lat' dir='ltr'><strong>sed</strong></span> <span class='ocrx_word' id='word_1_40' title='bbox 1194 817 1236 882; x_wconf 87' lang='lat' dir='ltr'><strong>ad</strong></span> <span class='ocrx_word' id='word_1_41' title='bbox 1250 843 1292 883; x_wconf 82' lang='lat' dir='ltr'><strong>eos</strong></span> 
     </span>
     <span class='ocr_line' id='line_1_7' title="bbox 263 919 1290 1010; baseline 0 -24"><span class='ocrx_word' id='word_1_42' title='bbox 263 945 388 1010; x_wconf 88' lang='lat' dir='ltr'><strong>quoque</strong></span> <span class='ocrx_word' id='word_1_43' title='bbox 399 922 481 1009; x_wconf 86' lang='lat' dir='ltr'><strong>quia</strong></span> <span class='ocrx_word' id='word_1_44' title='bbox 497 920 589 984; x_wconf 89' lang='lat' dir='ltr'><strong>nohis</strong></span> <span class='ocrx_word' id='word_1_45' title='bbox 601 919 694 984; x_wconf 85' lang='lat' dir='ltr'><strong>alieni</strong></span> <span class='ocrx_word' id='word_1_46' title='bbox 711 929 784 984; x_wconf 87' lang='lat' dir='ltr'><strong>sunt</strong></span> <span class='ocrx_word' id='word_1_47' title='bbox 798 921 907 984; x_wconf 85' lang='lat' dir='ltr'><strong>animo</strong></span> <span class='ocrx_word' id='word_1_48' title='bbox 918 931 950 985; x_wconf 90' lang='lat' dir='ltr'><strong>et</strong></span> <span class='ocrx_word' id='word_1_49' title='bbox 962 925 1119 988; x_wconf 85' lang='lat' dir='ltr'><strong>sententia</strong></span> <span class='ocrx_word' id='word_1_50' title='bbox 1129 923 1160 994; x_wconf 74' lang='lat'><strong>¹:</strong></span> <span class='ocrx_word' id='word_1_51' title='bbox 1177 925 1256 990; x_wconf 83' lang='lat' dir='ltr'><strong>adeo</strong></span> <span class='ocrx_word' id='word_1_52' title='bbox 1266 938 1290 987; x_wconf 86' lang='lat' dir='ltr'><strong>ut</strong></span> 
     </span>
     <span class='ocr_line' id='line_1_8' title="bbox 263 1027 1291 1120; baseline -0.002 -24"><span class='ocrx_word' id='word_1_53' title='bbox 263 1041 393 1120; x_wconf 84' lang='lat' dir='ltr'><strong>propter</strong></span> <span class='ocrx_word' id='word_1_54' title='bbox 403 1028 877 1116; x_wconf 78' lang='lat' dir='ltr'><strong>vestraminsipientiam,etiam</strong></span> <span class='ocrx_word' id='word_1_55' title='bbox 888 1027 1093 1116; x_wconf 68' lang='lat' dir='ltr'><strong>blasphemia</strong></span> <span class='ocrx_word' id='word_1_56' title='bbox 1111 1039 1146 1094; x_wconf 88' lang='lat' dir='ltr'><strong>et</strong></span> <span class='ocrx_word' id='word_1_57' title='bbox 1162 1033 1291 1096; x_wconf 80' lang='lat' dir='ltr'><strong>convicia</strong></span> 
     </span>
     <span class='ocr_line' id='line_1_9' title="bbox 264 1136 1287 1226; baseline -0.002 -22"><span class='ocrx_word' id='word_1_58' title='bbox 264 1137 383 1204; x_wconf 88' lang='lat' dir='ltr'><strong>nomini</strong></span> <span class='ocrx_word' id='word_1_59' title='bbox 396 1138 522 1202; x_wconf 82' lang='lat' dir='ltr'><strong>Domini</strong></span> <span class='ocrx_word' id='word_1_60' title='bbox 535 1136 722 1210; x_wconf 85' lang='lat' dir='ltr'><strong>inserantur,</strong></span> <span class='ocrx_word' id='word_1_61' title='bbox 736 1137 826 1202; x_wconf 83' lang='lat' dir='ltr'><strong>vohis</strong></span> <span class='ocrx_word' id='word_1_62' title='bbox 841 1147 948 1201; x_wconf 86' lang='lat' dir='ltr'><strong>autem</strong></span> <span class='ocrx_word' id='word_1_63' title='bbox 965 1137 1146 1226; x_wconf 84' lang='lat' dir='ltr'><strong>periculam</strong></span> <span class='ocrx_word' id='word_1_64' title='bbox 1163 1151 1287 1204; x_wconf 86' lang='lat' dir='ltr'><strong>creetur.</strong></span> 
     </span>
    </p>

    <p class='ocr_par' dir='ltr' id='par_1_4' title="bbox 235 1245 1306 2850">
     <span class='ocr_line' id='line_1_10' title="bbox 306 1245 1294 1334; baseline 0.003 -22"><span class='ocrx_word' id='word_1_65' title='bbox 306 1247 449 1312; x_wconf 86' lang='lat' dir='ltr'><strong>XLVlll.</strong></span> <span class='ocrx_word' id='word_1_66' title='bbox 469 1247 658 1313; x_wconf 78' lang='lat' dir='ltr'><strong>Auferamus</strong></span> <span class='ocrx_word' id='word_1_67' title='bbox 674 1245 770 1334; x_wconf 82' lang='lat' dir='ltr'><strong>igitur</strong></span> <span class='ocrx_word' id='word_1_68' title='bbox 789 1247 851 1312; x_wconf 85' lang='lat' dir='ltr'><strong>hoe</strong></span> <span class='ocrx_word' id='word_1_69' title='bbox 866 1245 1024 1323; x_wconf 78' lang='lat' dir='ltr'>celeriter,</span> <span class='ocrx_word' id='word_1_70' title='bbox 1038 1259 1071 1312; x_wconf 83' lang='lat' dir='ltr'><strong>et</strong></span> <span class='ocrx_word' id='word_1_71' title='bbox 1085 1247 1231 1314; x_wconf 88' lang='lat' dir='ltr'><strong>Domino</strong></span> <span class='ocrx_word' id='word_1_72' title='bbox 1248 1273 1294 1315; x_wconf 85' lang='lat' dir='ltr'><strong>au-</strong></span> 
     </span>
     <span class='ocr_line' id='line_1_11' title="bbox 264 1353 1289 1443; baseline -0.001 -21"><span class='ocrx_word' id='word_1_73' title='bbox 264 1356 420 1430; x_wconf 83' lang='lat' dir='ltr'><strong>cidumus,</strong></span> <span class='ocrx_word' id='word_1_74' title='bbox 433 1365 466 1420; x_wconf 85' lang='lat' dir='ltr'><strong>et</strong></span> <span class='ocrx_word' id='word_1_75' title='bbox 484 1353 670 1442; x_wconf 77' lang='lat' dir='ltr'><strong>plangamus</strong></span> <span class='ocrx_word' id='word_1_76' title='bbox 692 1363 819 1418; x_wconf 87' lang='lat' dir='ltr'><strong>orantes</strong></span> <span class='ocrx_word' id='word_1_77' title='bbox 845 1375 934 1429; x_wconf 88' lang='lat' dir='ltr'><strong>eum,</strong></span> <span class='ocrx_word' id='word_1_78' title='bbox 951 1365 987 1418; x_wconf 88' lang='lat' dir='ltr'><strong>ut</strong></span> <span class='ocrx_word' id='word_1_79' title='bbox 1008 1357 1170 1443; x_wconf 90' lang='lat' dir='ltr'><strong>propitius</strong></span> <span class='ocrx_word' id='word_1_80' title='bbox 1189 1357 1289 1430; x_wconf 83' lang='lat' dir='ltr'><strong>sactus,</strong></span> 
     </span>
     <span class='ocr_line' id='line_1_12' title="bbox 263 1461 1293 1547; baseline -0.002 -17"><span class='ocrx_word' id='word_1_81' title='bbox 263 1461 487 1530; x_wconf 80' lang='lat' dir='ltr'><strong>reconcilietur</strong></span> <span class='ocrx_word' id='word_1_82' title='bbox 508 1461 620 1535; x_wconf 87' lang='lat' dir='ltr'><strong>nohis,</strong></span> <span class='ocrx_word' id='word_1_83' title='bbox 637 1472 731 1547; x_wconf 87' lang='lat' dir='ltr'><strong>atque</strong></span> <span class='ocrx_word' id='word_1_84' title='bbox 751 1461 784 1524; x_wconf 93' lang='lat' dir='ltr'><strong>in</strong></span> <span class='ocrx_word' id='word_1_85' title='bbox 808 1461 958 1525; x_wconf 85' lang='lat' dir='ltr'><strong>decoram</strong></span> <span class='ocrx_word' id='word_1_86' title='bbox 976 1472 1008 1524; x_wconf 91' lang='lat' dir='ltr'><strong>et</strong></span> <span class='ocrx_word' id='word_1_87' title='bbox 1029 1475 1153 1527; x_wconf 86' lang='lat' dir='ltr'><strong>castam</strong></span> <span class='ocrx_word' id='word_1_88' title='bbox 1174 1463 1293 1528; x_wconf 78' lang='lat' dir='ltr'><strong>fraterni</strong></span> 
     </span>
     <span class='ocr_line' id='line_1_13' title="bbox 264 1569 1293 1660; baseline -0.003 -21"><span class='ocrx_word' id='word_1_89' title='bbox 264 1573 381 1639; x_wconf 85' lang='lat' dir='ltr'><strong>amoris</strong></span> <span class='ocrx_word' id='word_1_90' title='bbox 394 1573 477 1637; x_wconf 85' lang='lat' dir='ltr'><strong>viam</strong></span> <span class='ocrx_word' id='word_1_91' title='bbox 495 1593 552 1634; x_wconf 88' lang='lat' dir='ltr'><strong>nos</strong></span> <span class='ocrx_word' id='word_1_92' title='bbox 571 1571 703 1634; x_wconf 84' lang='lat' dir='ltr'><strong>redueat</strong></span> <span class='ocrx_word' id='word_1_93' title='bbox 719 1579 752 1632; x_wconf 85' lang='lat' dir='ltr'><strong>et</strong></span> <span class='ocrx_word' id='word_1_94' title='bbox 771 1570 926 1633; x_wconf 79' lang='lat' dir='ltr'><strong>restituat.</strong></span> <span class='ocrx_word' id='word_1_95' title='bbox 944 1569 1020 1634; x_wconf 86' lang='lat' dir='ltr'><strong>llaec</strong></span> <span class='ocrx_word' id='word_1_96' title='bbox 1039 1571 1128 1636; x_wconf 90' lang='lat' dir='ltr'><strong>enim</strong></span> <span class='ocrx_word' id='word_1_97' title='bbox 1144 1581 1197 1636; x_wconf 86' lang='lat' dir='ltr'><strong>est</strong></span> <span class='ocrx_word' id='word_1_98' title='bbox 1216 1586 1293 1660; x_wconf 83' lang='lat' dir='ltr'><strong>porta</strong></span> 
     </span>
     <span class='ocr_line' id='line_1_14' title="bbox 264 1674 1296 1766; baseline -0.006 -24"><span class='ocrx_word' id='word_1_99' title='bbox 264 1679 404 1766; x_wconf 68' lang='lat' dir='ltr'><strong>justitiae,</strong></span> <span class='ocrx_word' id='word_1_100' title='bbox 423 1676 465 1740; x_wconf 89' lang='lat' dir='ltr'><strong>ud</strong></span> <span class='ocrx_word' id='word_1_101' title='bbox 489 1677 586 1740; x_wconf 84' lang='lat' dir='ltr'><strong>vitam</strong></span> <span class='ocrx_word' id='word_1_102' title='bbox 614 1684 736 1761; x_wconf 69' lang='lat' dir='ltr'><strong>apertur</strong></span> <span class='ocrx_word' id='word_1_103' title='bbox 760 1676 842 1739; x_wconf 83' lang='lat' dir='ltr'><strong>sicut</strong></span> <span class='ocrx_word' id='word_1_104' title='bbox 867 1674 1020 1761; x_wconf 84' lang='lat' dir='ltr'><strong>seriptum</strong></span> <span class='ocrx_word' id='word_1_105' title='bbox 1044 1688 1119 1740; x_wconf 85' lang='lat' dir='ltr'><strong>est:</strong></span> <span class='ocrx_word' id='word_1_106' title='bbox 1147 1678 1296 1766; x_wconf 68' lang='lat' dir='ltr'><strong>«Aperite</strong></span> 
     </span>
     <span class='ocr_line' id='line_1_15' title="bbox 235 1777 1293 1873; baseline -0.002 -25"><span class='ocrx_word' id='word_1_107' title='bbox 235 1777 237 1782; x_wconf 42' lang='lat'><strong>¹</strong></span> <span class='ocrx_word' id='word_1_108' title='bbox 265 1786 368 1852; x_wconf 75' lang='lat' dir='ltr'><strong>»mihi</strong></span> <span class='ocrx_word' id='word_1_109' title='bbox 384 1795 490 1873; x_wconf 87' lang='lat' dir='ltr'><strong>portas</strong></span> <span class='ocrx_word' id='word_1_110' title='bbox 508 1782 648 1867; x_wconf 79' lang='lat' dir='ltr'><strong>justitiae3</strong></span> <span class='ocrx_word' id='word_1_111' title='bbox 667 1783 824 1868; x_wconf 78' lang='lat' dir='ltr'><strong>ingressus</strong></span> <span class='ocrx_word' id='word_1_112' title='bbox 836 1783 868 1846; x_wconf 93' lang='lat' dir='ltr'><strong>in</strong></span> <span class='ocrx_word' id='word_1_113' title='bbox 879 1805 945 1856; x_wconf 87' lang='lat' dir='ltr'><strong>eas,</strong></span> <span class='ocrx_word' id='word_1_114' title='bbox 958 1783 1140 1848; x_wconf 83' lang='lat' dir='ltr'><strong>confitebor</strong></span> <span class='ocrx_word' id='word_1_115' title='bbox 1151 1784 1293 1850; x_wconf 90' lang='lat' dir='ltr'><strong>Domino.</strong></span> 
     </span>
     <span class='ocr_line' id='line_1_16' title="bbox 265 1890 1294 1982; baseline 0.006 -27"><span class='ocrx_word' id='word_1_116' title='bbox 265 1896 368 1960; x_wconf 77' lang='lat' dir='ltr'><strong>»llaeo</strong></span> <span class='ocrx_word' id='word_1_117' title='bbox 382 1903 472 1980; x_wconf 86' lang='lat' dir='ltr'><strong>portu</strong></span> <span class='ocrx_word' id='word_1_118' title='bbox 489 1890 629 1964; x_wconf 82' lang='lat' dir='ltr'><strong>Domini,</strong></span> <span class='ocrx_word' id='word_1_119' title='bbox 646 1891 721 1976; x_wconf 88' lang='lat' dir='ltr'><strong>justi</strong></span> <span class='ocrx_word' id='word_1_120' title='bbox 736 1890 901 1956; x_wconf 91' lang='lat' dir='ltr'><strong>intrahunt</strong></span> <span class='ocrx_word' id='word_1_121' title='bbox 917 1891 949 1954; x_wconf 96' lang='lat' dir='ltr'><strong>in</strong></span> <span class='ocrx_word' id='word_1_122' title='bbox 971 1891 1073 1956; x_wconf 82' lang='lat' dir='ltr'><strong>eam&#39;.</strong></span> <span class='ocrx_word' id='word_1_123' title='bbox 1090 1921 1103 1954; x_wconf 75' lang='grc' dir='ltr'><strong><em>ι</em></strong></span> <span class='ocrx_word' id='word_1_124' title='bbox 1122 1893 1211 1960; x_wconf 87' lang='lat' dir='ltr'><strong>Cum</strong></span> <span class='ocrx_word' id='word_1_125' title='bbox 1230 1919 1294 1982; x_wconf 75' lang='lat' dir='ltr'><strong>ergo</strong></span> 
     </span>
     <span class='ocr_line' id='line_1_17' title="bbox 264 1985 1299 2088; baseline 0.001 -21"><span class='ocrx_word' id='word_1_126' title='bbox 264 2003 371 2068; x_wconf 61' lang='lat' dir='ltr'><strong>multae</strong></span> <span class='ocrx_word' id='word_1_127' title='bbox 389 2010 488 2088; x_wconf 74' lang='lat' dir='ltr'><strong>portm</strong></span> <span class='ocrx_word' id='word_1_128' title='bbox 507 2009 622 2086; x_wconf 67' lang='lat' dir='ltr'><strong>aperte</strong></span> <span class='ocrx_word' id='word_1_129' title='bbox 639 2000 719 2074; x_wconf 90' lang='lat' dir='ltr'><strong>sint,</strong></span> <span class='ocrx_word' id='word_1_130' title='bbox 738 1985 807 2085; x_wconf 74' lang='lat' dir='ltr'><strong>quie</strong></span> <span class='ocrx_word' id='word_1_131' title='bbox 824 2001 857 2064; x_wconf 93' lang='lat' dir='ltr'><strong>in</strong></span> <span class='ocrx_word' id='word_1_132' title='bbox 873 2000 991 2086; x_wconf 85' lang='lat' dir='ltr'><strong>justitia</strong></span> <span class='ocrx_word' id='word_1_133' title='bbox 1012 2013 1074 2076; x_wconf 87' lang='lat' dir='ltr'><strong>est,</strong></span> <span class='ocrx_word' id='word_1_134' title='bbox 1086 2002 1203 2068; x_wconf 86' lang='lat' dir='ltr'><strong>eadem</strong></span> <span class='ocrx_word' id='word_1_135' title='bbox 1223 2005 1299 2068; x_wconf 88' lang='lat' dir='ltr'><strong>etin</strong></span> 
     </span>
     <span class='ocr_line' id='line_1_18' title="bbox 265 2107 1305 2195; baseline -0.002 -19"><span class='ocrx_word' id='word_1_136' title='bbox 265 2111 392 2176; x_wconf 82' lang='lat' dir='ltr'><strong>Christo</strong></span> <span class='ocrx_word' id='word_1_137' title='bbox 412 2117 473 2179; x_wconf 68' lang='grc' dir='ltr'><strong>θεὶς</strong></span> <span class='ocrx_word' id='word_1_138' title='bbox 498 2107 530 2170; x_wconf 92' lang='lat' dir='ltr'><strong>in</strong></span> <span class='ocrx_word' id='word_1_139' title='bbox 554 2129 649 2194; x_wconf 90' lang='lat' dir='ltr'><strong>quam</strong></span> <span class='ocrx_word' id='word_1_140' title='bbox 677 2107 761 2172; x_wconf 87' lang='lat' dir='ltr'><strong>heati</strong></span> <span class='ocrx_word' id='word_1_141' title='bbox 783 2131 894 2173; x_wconf 82' lang='lat' dir='ltr'><strong>omnes</strong></span> <span class='ocrx_word' id='word_1_142' title='bbox 921 2107 975 2195; x_wconf 91' lang='lat' dir='ltr'><strong>qui</strong></span> <span class='ocrx_word' id='word_1_143' title='bbox 1002 2109 1163 2185; x_wconf 88' lang='lat' dir='ltr'><strong>intrarint,</strong></span> <span class='ocrx_word' id='word_1_144' title='bbox 1185 2123 1221 2176; x_wconf 88' lang='lat' dir='ltr'><strong>et</strong></span> <span class='ocrx_word' id='word_1_145' title='bbox 1244 2113 1305 2177; x_wconf 90' lang='lat' dir='ltr'><strong>iter</strong></span> 
     </span>
     <span class='ocr_line' id='line_1_19' title="bbox 265 2211 1306 2302; baseline 0.003 -22"><span class='ocrx_word' id='word_1_146' title='bbox 265 2235 357 2280; x_wconf 84' lang='lat' dir='ltr'><strong>suum</strong></span> <span class='ocrx_word' id='word_1_147' title='bbox 379 2213 411 2276; x_wconf 94' lang='lat' dir='ltr'><strong>in</strong></span> <span class='ocrx_word' id='word_1_148' title='bbox 433 2211 599 2276; x_wconf 77' lang='lat' dir='ltr'><strong>sanctitate</strong></span> <span class='ocrx_word' id='word_1_149' title='bbox 615 2234 653 2276; x_wconf 86' lang='lat' dir='ltr'><strong>ae</strong></span> <span class='ocrx_word' id='word_1_150' title='bbox 667 2213 785 2299; x_wconf 84' lang='lat' dir='ltr'><strong>justitia</strong></span> <span class='ocrx_word' id='word_1_151' title='bbox 803 2213 987 2289; x_wconf 64' lang='lat' dir='ltr'><strong>dissenserint,</strong></span> <span class='ocrx_word' id='word_1_152' title='bbox 1001 2215 1101 2279; x_wconf 88' lang='lat' dir='ltr'><strong>omnia</strong></span> <span class='ocrx_word' id='word_1_153' title='bbox 1119 2216 1306 2302; x_wconf 89' lang='lat' dir='ltr'><strong>impertur-</strong></span> 
     </span>
     <span class='ocr_line' id='line_1_20' title="bbox 246 2319 1301 2412; baseline 0.001 -25"><span class='ocrx_word' id='word_1_154' title='bbox 246 2407 247 2412; x_wconf 8' lang='grc' dir='ltr'>η</span> <span class='ocrx_word' id='word_1_155' title='bbox 264 2326 337 2388; x_wconf 88' lang='lat' dir='ltr'><strong>hate</strong></span> <span class='ocrx_word' id='word_1_156' title='bbox 349 2331 544 2409; x_wconf 75' lang='lat' dir='ltr'><strong>peragentes.</strong></span> <span class='ocrx_word' id='word_1_157' title='bbox 564 2319 612 2384; x_wconf 88' lang='lat' dir='ltr'><strong>Sit</strong></span> <span class='ocrx_word' id='word_1_158' title='bbox 627 2319 739 2408; x_wconf 82' lang='lat' dir='ltr'><strong>aliquis</strong></span> <span class='ocrx_word' id='word_1_159' title='bbox 755 2320 869 2396; x_wconf 85' lang='lat' dir='ltr'><strong>fidelis,</strong></span> <span class='ocrx_word' id='word_1_160' title='bbox 887 2323 926 2387; x_wconf 91' lang='lat' dir='ltr'><strong>sit</strong></span> <span class='ocrx_word' id='word_1_161' title='bbox 942 2335 1048 2412; x_wconf 83' lang='lat' dir='ltr'><strong>potens</strong></span> <span class='ocrx_word' id='word_1_162' title='bbox 1066 2323 1097 2385; x_wconf 93' lang='lat' dir='ltr'><strong>in</strong></span> <span class='ocrx_word' id='word_1_163' title='bbox 1112 2327 1301 2388; x_wconf 80' lang='lat' dir='ltr'><strong>enarranda</strong></span> 
     </span>
     <span class='ocr_line' id='line_1_21' title="bbox 266 2417 1306 2520; baseline 0.003 -25"><span class='ocrx_word' id='word_1_164' title='bbox 266 2431 457 2520; x_wconf 75' lang='lat' dir='ltr'><strong>cognitione,</strong></span> <span class='ocrx_word' id='word_1_165' title='bbox 472 2430 511 2495; x_wconf 86' lang='lat' dir='ltr'><strong>sit</strong></span> <span class='ocrx_word' id='word_1_166' title='bbox 526 2430 649 2516; x_wconf 85' lang='lat' dir='ltr'><strong>sapiens</strong></span> <span class='ocrx_word' id='word_1_167' title='bbox 664 2417 696 2496; x_wconf 91' lang='lat' dir='ltr'><strong>in</strong></span> <span class='ocrx_word' id='word_1_168' title='bbox 709 2453 893 2496; x_wconf 86' lang='lat' dir='ltr'><strong>sermonum</strong></span> <span class='ocrx_word' id='word_1_169' title='bbox 910 2433 994 2518; x_wconf 84' lang='lat' dir='ltr'><strong>justa</strong></span> <span class='ocrx_word' id='word_1_170' title='bbox 1010 2431 1249 2519; x_wconf 74' lang='lat' dir='ltr'><strong>dijudicatione,</strong></span> <span class='ocrx_word' id='word_1_171' title='bbox 1260 2436 1306 2498; x_wconf 86' lang='lat' dir='ltr'><strong>sit</strong></span> 
     </span>
     <span class='ocr_line' id='line_1_22' title="bbox 267 2539 1304 2630; baseline 0.002 -26"><span class='ocrx_word' id='word_1_172' title='bbox 267 2541 298 2606; x_wconf 93' lang='lat' dir='ltr'><strong>in</strong></span> <span class='ocrx_word' id='word_1_173' title='bbox 313 2539 462 2629; x_wconf 86' lang='lat' dir='ltr'><strong>operibus</strong></span> <span class='ocrx_word' id='word_1_174' title='bbox 483 2562 603 2627; x_wconf 84' lang='lat' dir='ltr'><strong>purus:</strong></span> <span class='ocrx_word' id='word_1_175' title='bbox 622 2550 711 2606; x_wconf 86' lang='lat' dir='ltr'><strong>tanto</strong></span> <span class='ocrx_word' id='word_1_176' title='bbox 734 2539 886 2605; x_wconf 91' lang='lat' dir='ltr'><strong>humilior</strong></span> <span class='ocrx_word' id='word_1_177' title='bbox 905 2565 974 2606; x_wconf 86' lang='lat' dir='ltr'><strong>esse</strong></span> <span class='ocrx_word' id='word_1_178' title='bbox 997 2542 1180 2630; x_wconf 87' lang='lat' dir='ltr'><strong>dehet,quo</strong></span> <span class='ocrx_word' id='word_1_179' title='bbox 1196 2543 1304 2628; x_wconf 79' lang='lat' dir='ltr'><strong>major</strong></span> 
     </span>
     <span class='ocr_line' id='line_1_23' title="bbox 266 2648 1303 2736; baseline -0.002 -20"><span class='ocrx_word' id='word_1_180' title='bbox 266 2673 334 2716; x_wconf 84' lang='lat' dir='ltr'><strong>esse</strong></span> <span class='ocrx_word' id='word_1_181' title='bbox 357 2651 500 2722; x_wconf 65' lang='lat' dir='ltr'><strong>videtum</strong></span> <span class='ocrx_word' id='word_1_182' title='bbox 517 2659 550 2714; x_wconf 87' lang='lat' dir='ltr'><strong>et</strong></span> <span class='ocrx_word' id='word_1_183' title='bbox 568 2671 710 2736; x_wconf 72' lang='lat' dir='ltr'><strong>quaerere</strong></span> <span class='ocrx_word' id='word_1_184' title='bbox 728 2648 813 2735; x_wconf 89' lang='lat' dir='ltr'><strong>quod</strong></span> <span class='ocrx_word' id='word_1_185' title='bbox 834 2650 984 2714; x_wconf 89' lang='lat' dir='ltr'><strong>omnihus</strong></span> <span class='ocrx_word' id='word_1_186' title='bbox 1004 2648 1083 2714; x_wconf 88' lang='lat' dir='ltr'><strong>utile</strong></span> <span class='ocrx_word' id='word_1_187' title='bbox 1098 2661 1237 2723; x_wconf 89' lang='lat' dir='ltr'><strong>est,non</strong></span> <span class='ocrx_word' id='word_1_188' title='bbox 1251 2673 1303 2714; x_wconf 86' lang='lat' dir='ltr'><strong>au-</strong></span> 
     </span>
     <span class='ocr_line' id='line_1_24' title="bbox 268 2773 1065 2850; baseline -0.001 -25"><span class='ocrx_word' id='word_1_189' title='bbox 268 2773 331 2826; x_wconf 89' lang='lat' dir='ltr'><strong>tem</strong></span> <span class='ocrx_word' id='word_1_190' title='bbox 347 2782 450 2825; x_wconf 87' lang='lat' dir='ltr'><strong>suum.</strong></span> <span class='ocrx_word' id='word_1_191' title='bbox 1061 2839 1065 2850; x_wconf 35' lang='lat'><strong>·</strong></span> 
     </span>
    </p>

    <p class='ocr_par' dir='ltr' id='par_1_5' title="bbox 267 2867 1308 3700">
     <span class='ocr_line' id='line_1_25' title="bbox 310 2867 1301 2948; baseline -0.006 -13"><span class='ocrx_word' id='word_1_192' title='bbox 310 2868 427 2935; x_wconf 87' lang='lat' dir='ltr'><strong>XLIX.</strong></span> <span class='ocrx_word' id='word_1_193' title='bbox 451 2869 515 2948; x_wconf 89' lang='lat' dir='ltr'><strong>Qui</strong></span> <span class='ocrx_word' id='word_1_194' title='bbox 536 2867 722 2932; x_wconf 81' lang='lat' dir='ltr'><strong>charitatem</strong></span> <span class='ocrx_word' id='word_1_195' title='bbox 739 2867 771 2931; x_wconf 94' lang='lat' dir='ltr'><strong>in</strong></span> <span class='ocrx_word' id='word_1_196' title='bbox 787 2867 915 2932; x_wconf 83' lang='lat' dir='ltr'><strong>Christo</strong></span> <span class='ocrx_word' id='word_1_197' title='bbox 931 2868 1039 2942; x_wconf 90' lang='lat' dir='ltr'><strong>hahet,</strong></span> <span class='ocrx_word' id='word_1_198' title='bbox 1060 2878 1168 2934; x_wconf 79' lang='lat' dir='ltr'><strong>servet</strong></span> <span class='ocrx_word' id='word_1_199' title='bbox 1188 2867 1301 2934; x_wconf 84' lang='lat' dir='ltr'><strong>Christi</strong></span> 
     </span>
     <span class='ocr_line' id='line_1_26' title="bbox 268 2974 1302 3065; baseline -0.004 -21"><span class='ocrx_word' id='word_1_200' title='bbox 268 2975 608 3044; x_wconf 72' lang='lat' dir='ltr'><strong>mandatavinoulum</strong></span> <span class='ocrx_word' id='word_1_201' title='bbox 619 2974 780 3042; x_wconf 83' lang='lat' dir='ltr'><strong>charitatis</strong></span> <span class='ocrx_word' id='word_1_202' title='bbox 791 2976 849 3041; x_wconf 84' lang='lat' dir='ltr'><strong>Dei</strong></span> <span class='ocrx_word' id='word_1_203' title='bbox 860 2978 931 3064; x_wconf 88' lang='lat' dir='ltr'><strong>quis</strong></span> <span class='ocrx_word' id='word_1_204' title='bbox 941 2987 1047 3065; x_wconf 88' lang='lat' dir='ltr'><strong>potest</strong></span> <span class='ocrx_word' id='word_1_205' title='bbox 1057 2977 1302 3044; x_wconf 82' lang='lat' dir='ltr'><strong>enarrarei’hla-</strong></span> 
     </span>
     <span class='ocr_line' id='line_1_27' title="bbox 268 3084 1305 3174; baseline -0.002 -25"><span class='ocrx_word' id='word_1_206' title='bbox 268 3085 481 3174; x_wconf 82' lang='lat' dir='ltr'><strong>gnilioentiam</strong></span> <span class='ocrx_word' id='word_1_207' title='bbox 496 3084 645 3148; x_wconf 86' lang='lat' dir='ltr'><strong>honitatis</strong></span> <span class='ocrx_word' id='word_1_208' title='bbox 657 3084 920 3172; x_wconf 87' lang='lat' dir='ltr'><strong>ejusquis,prout</strong></span> <span class='ocrx_word' id='word_1_209' title='bbox 930 3095 1070 3173; x_wconf 86' lang='lat' dir='ltr'><strong>oportet,</strong></span> <span class='ocrx_word' id='word_1_210' title='bbox 1080 3085 1190 3174; x_wconf 87' lang='lat' dir='ltr'><strong>eloqui</strong></span> <span class='ocrx_word' id='word_1_211' title='bbox 1203 3085 1305 3150; x_wconf 80' lang='lat' dir='ltr'><strong>valet?</strong></span> 
     </span>
     <span class='ocr_line' id='line_1_28' title="bbox 269 3192 1305 3280; baseline -0.004 -21"><span class='ocrx_word' id='word_1_212' title='bbox 269 3192 678 3280; x_wconf 80' lang='lat' dir='ltr'><strong>Altitudoadquamevehit</strong></span> <span class='ocrx_word' id='word_1_213' title='bbox 690 3192 826 3258; x_wconf 82' lang='lat' dir='ltr'><strong>charitas</strong></span> <span class='ocrx_word' id='word_1_214' title='bbox 836 3193 1143 3260; x_wconf 78' lang='lat' dir='ltr'><strong>inenarrabiliaest⁸.</strong></span> <span class='ocrx_word' id='word_1_215' title='bbox 1159 3193 1305 3259; x_wconf 82' lang='lat' dir='ltr'><strong>Charitas</strong></span> 
     </span>
     <span class='ocr_line' id='line_1_29' title="bbox 268 3299 1306 3392; baseline -0.003 -23"><span class='ocrx_word' id='word_1_216' title='bbox 268 3325 325 3369; x_wconf 82' lang='lat' dir='ltr'><strong>nos</strong></span> <span class='ocrx_word' id='word_1_217' title='bbox 340 3304 408 3368; x_wconf 89' lang='lat' dir='ltr'><strong>Deo</strong></span> <span class='ocrx_word' id='word_1_218' title='bbox 425 3299 617 3390; x_wconf 81' lang='lat' dir='ltr'><strong>agglutinat;</strong></span> <span class='ocrx_word' id='word_1_219' title='bbox 633 3299 769 3365; x_wconf 83' lang='lat' dir='ltr'><strong>charitas</strong></span> <span class='ocrx_word' id='word_1_220' title='bbox 785 3303 886 3390; x_wconf 89' lang='lat' dir='ltr'><strong>operit</strong></span> <span class='ocrx_word' id='word_1_221' title='bbox 901 3301 1143 3368; x_wconf 83' lang='lat' dir='ltr'><strong>multitudinem</strong></span> <span class='ocrx_word' id='word_1_222' title='bbox 1159 3313 1306 3392; x_wconf 84' lang='lat' dir='ltr'><strong>peccato-</strong></span> 
     </span>
     <span class='ocr_line' id='line_1_30' title="bbox 268 3409 1307 3499; baseline -0.004 -21"><span class='ocrx_word' id='word_1_223' title='bbox 268 3437 353 3486; x_wconf 87' lang='lat' dir='ltr'><strong>rum;</strong></span> <span class='ocrx_word' id='word_1_224' title='bbox 366 3413 503 3478; x_wconf 81' lang='lat' dir='ltr'><strong>charitas</strong></span> <span class='ocrx_word' id='word_1_225' title='bbox 514 3412 619 3476; x_wconf 85' lang='lat' dir='ltr'><strong>omnia</strong></span> <span class='ocrx_word' id='word_1_226' title='bbox 629 3409 754 3485; x_wconf 85' lang='lat' dir='ltr'><strong>tolerat,</strong></span> <span class='ocrx_word' id='word_1_227' title='bbox 765 3413 870 3476; x_wconf 89' lang='lat' dir='ltr'><strong>omnia</strong></span> <span class='ocrx_word' id='word_1_228' title='bbox 879 3436 971 3499; x_wconf 62' lang='lat' dir='ltr'><strong>{equo</strong></span> <span class='ocrx_word' id='word_1_229' title='bbox 979 3415 1087 3480; x_wconf 88' lang='lat' dir='ltr'><strong>animo</strong></span> <span class='ocrx_word' id='word_1_230' title='bbox 1096 3413 1175 3479; x_wconf 72' lang='lat' dir='ltr'><strong>lertt</strong></span> <span class='ocrx_word' id='word_1_231' title='bbox 1187 3417 1219 3479; x_wconf 91' lang='lat' dir='ltr'><strong>in</strong></span> <span class='ocrx_word' id='word_1_232' title='bbox 1230 3413 1307 3478; x_wconf 86' lang='lat' dir='ltr'><strong>cha-</strong></span> 
     </span>
     <span class='ocr_line' id='line_1_31' title="bbox 267 3507 1308 3608; baseline 0 -24"><span class='ocrx_word' id='word_1_233' title='bbox 267 3522 360 3584; x_wconf 84' lang='lat' dir='ltr'><strong>ritate</strong></span> <span class='ocrx_word' id='word_1_234' title='bbox 368 3520 447 3586; x_wconf 93' lang='lat' dir='ltr'><strong>nihil</strong></span> <span class='ocrx_word' id='word_1_235' title='bbox 455 3521 632 3594; x_wconf 89' lang='lat' dir='ltr'><strong>sordidum,</strong></span> <span class='ocrx_word' id='word_1_236' title='bbox 644 3518 725 3585; x_wconf 93' lang='lat' dir='ltr'><strong>nihil</strong></span> <span class='ocrx_word' id='word_1_237' title='bbox 736 3523 927 3608; x_wconf 82' lang='lat' dir='ltr'><strong>superbum:</strong></span> <span class='ocrx_word' id='word_1_238' title='bbox 944 3522 1082 3588; x_wconf 87' lang='lat' dir='ltr'><strong>charitas</strong></span> <span class='ocrx_word' id='word_1_239' title='bbox 1093 3523 1238 3589; x_wconf 82' lang='lat' dir='ltr'><strong>schisma</strong></span> <span class='ocrx_word' id='word_1_240' title='bbox 1246 3507 1308 3588; x_wconf 63' lang='lat' dir='ltr'><strong>non&#39;</strong></span> 
     </span>
     <span class='ocr_line' id='line_1_32' title="bbox 269 3627 1305 3700; baseline 0 -7"><span class='ocrx_word' id='word_1_241' title='bbox 269 3627 378 3698; x_wconf 77' lang='lat' dir='ltr'><strong>hahet:</strong></span> <span class='ocrx_word' id='word_1_242' title='bbox 402 3630 539 3694; x_wconf 80' lang='lat' dir='ltr'><strong>charitas</strong></span> <span class='ocrx_word' id='word_1_243' title='bbox 557 3631 745 3695; x_wconf 87' lang='lat' dir='ltr'><strong>seditionem</strong></span> <span class='ocrx_word' id='word_1_244' title='bbox 762 3653 826 3696; x_wconf 89' lang='lat' dir='ltr'><strong>non</strong></span> <span class='ocrx_word' id='word_1_245' title='bbox 847 3633 1010 3698; x_wconf 88' lang='lat' dir='ltr'><strong>concitat:</strong></span> <span class='ocrx_word' id='word_1_246' title='bbox 1034 3633 1176 3699; x_wconf 89' lang='lat' dir='ltr'><strong>charitas</strong></span> <span class='ocrx_word' id='word_1_247' title='bbox 1199 3630 1305 3700; x_wconf 86' lang='lat' dir='ltr'><strong>omnia</strong></span> 
     </span>
    </p>
   </div>
   <div class='ocr_carea' id='block_1_4' title="bbox 302 3863 1227 3934">
    <p class='ocr_par' dir='ltr' id='par_1_6' title="bbox 302 3863 1227 3934">
     <span class='ocr_line' id='line_1_33' title="bbox 302 3863 1227 3934; baseline 0.009 -23"><span class='ocrx_word' id='word_1_248' title='bbox 302 3864 394 3913; x_wconf 72' lang='lat' dir='ltr'><strong>¹llorn.</strong></span> <span class='ocrx_word' id='word_1_249' title='bbox 406 3883 435 3926; x_wconf 83' lang='grc' dir='ltr'><strong>ιι,</strong></span> <span class='ocrx_word' id='word_1_250' title='bbox 447 3863 486 3924; x_wconf 68' lang='lat' dir='ltr'><strong>tl,</strong></span> <span class='ocrx_word' id='word_1_251' title='bbox 499 3874 524 3913; x_wconf 82' lang='lat' dir='ltr'><strong>ct</strong></span> <span class='ocrx_word' id='word_1_252' title='bbox 536 3883 544 3912; x_wconf 89' lang='grc' dir='ltr'><strong>ι</strong></span> <span class='ocrx_word' id='word_1_253' title='bbox 555 3865 623 3912; x_wconf 86' lang='lat' dir='ltr'><strong>Tim.</strong></span> <span class='ocrx_word' id='word_1_254' title='bbox 636 3881 671 3923; x_wconf 80' lang='lat' dir='ltr'><strong>vr,</strong></span> <span class='ocrx_word' id='word_1_255' title='bbox 687 3881 707 3912; x_wconf 86' lang='grc' dir='ltr'><strong>ι.</strong></span> <span class='ocrx_word' id='word_1_256' title='bbox 718 3893 749 3903; x_wconf 89' lang='lat'><strong>-·</strong></span> <span class='ocrx_word' id='word_1_257' title='bbox 760 3863 934 3928; x_wconf 68' lang='lat' dir='ltr'><strong>’Paehcxvm</strong></span> <span class='ocrx_word' id='word_1_258' title='bbox 950 3869 1113 3934; x_wconf 53' lang='lat' dir='ltr'><strong>aps-⁸0⁰1.</strong></span> <span class='ocrx_word' id='word_1_259' title='bbox 1128 3889 1169 3928; x_wconf 84' lang='lat' dir='ltr'><strong>ru,</strong></span> <span class='ocrx_word' id='word_1_260' title='bbox 1184 3871 1227 3929; x_wconf 66' lang='lat'><strong>¹4·</strong></span> 
     </span>
    </p>
   </div>
   <div class='ocr_carea' id='block_1_5' title="bbox 0 0 1369 4662">
    <p class='ocr_par' dir='ltr' id='par_1_7' title="bbox 0 0 1369 4662">
     <span class='ocr_line' id='line_1_34' title="bbox 0 0 1369 4662; baseline 0 0"><span class='ocrx_word' id='word_1_261' title='bbox 0 0 1369 4662; x_wconf 95' lang='lat' dir='ltr'><strong> </strong></span> 
     </span>
    </p>
   </div>
  </div>
 </body>
</html>
