2772 4620
238 338 263 380 S·
283 335 403 382 JUSTIM
420 333 577 383 biss'ffliis
595 333 747 378 teotocta
763 332 914 380 stertunt.
1038 327 1095 396 171

57 465 138 510 uam
153 443 315 531 cognorit,
329 443 395 531 ipsa
410 441 452 506 ad
463 439 631 506 meliorem
646 437 769 528 frugem
785 459 819 504 se
834 436 967 526 recapit,
980 459 1019 504 uc
1033 437 1100 502 viro
1150 465 1158 482 r

59 564 98 618 ut
121 549 268 618 similiter
288 573 358 616 sese
381 547 545 639 colligeret
566 548 757 638 persuadere
777 558 891 613 conata
909 558 977 622 est,
994 545 1104 612 Chris-

59 663 186 728 tianam
202 658 249 726 1111
265 659 445 727 doctrinam
461 678 641 745 exponens,
665 668 698 720 et
718 655 824 720 futura
846 649 896 720 his
919 649 975 742 qui
997 651 1105 720 libidi-

60 791 145 835 nose
163 791 203 835 ac
222 779 341 858 preter
356 775 477 834 rectum
494 765 648 831 rationem
666 763 817 838 vixerint,
835 761 867 830 in
889 775 1009 829 aeterno
1032 763 1106 854 igne

64 875 228 966 supplicia
243 876 441 942 denuntians.
456 873 577 942 Verum
591 870 643 938 1111
661 873 693 936 in
711 871 824 936 iisdem
838 869 962 960 flagitiis
977 895 1108 961 perma-

65 1011 165 1064 nens,
178 986 270 1053 sactis
282 986 346 1051 suis
355 983 500 1050 alienavit
512 1005 530 1046 a
542 1005 575 1048 se
587 981 692 1045 uxoris
703 980 855 1044 animum.
871 980 1009 1068 impium
1020 982 1108 1048 enim

65 1119 141 1162 esse
164 1091 281 1160 mulier
300 1092 480 1158 existimans
502 1109 576 1155 cum
597 1109 636 1151 eo
657 1086 807 1175 deinceps
826 1086 907 1163 viro,
925 1087 978 1176 qui
993 1097 1110 1178 praeter
1181 1089 1182 1094 ’

68 1216 192 1270 naturas
207 1199 312 1290 legem
332 1211 511 1288 preterque
529 1197 581 1285 jus
603 1195 830 1282 undecumque
852 1195 1020 1284 voluptatis
1043 1198 1109 1264 vias

70 1308 336 1401 exquireret,tori
348 1306 511 1374 consortio
522 1305 625 1394 jungi,
635 1303 987 1394 discedereacoojugio
998 1305 1120 1399 voluit..
1177 1327 1178 1332 ¹

74 1422 140 1488 Sed
155 1443 284 1486 suorum
297 1418 522 1485 auctoritatem
536 1415 685 1490 reverita,
702 1414 756 1503 qui
772 1416 950 1482 suadebant
962 1429 997 1482 ut
1008 1417 1116 1484 adhuc

75 1541 231 1605 maneret,
253 1551 291 1596 ec
311 1528 463 1594 meritum
484 1525 618 1593 tandem
638 1523 810 1614 aliquando
825 1545 916 1614 spem
932 1527 1118 1594 mutationis

78 1639 247 1706 allaturum
262 1637 426 1712 dicebants
442 1637 507 1702 vim
519 1635 596 1701 fecit
606 1635 672 1724 ipsa
685 1635 745 1701 sibi
757 1615 793 1700 ut
808 1647 963 1706 maneret.
978 1636 1021 1703 Ar
1035 1613 1119 1724 post·
1191 1627 1192 1632 ¹

77 1770 177 1837 quam
191 1747 274 1814 illius
289 1747 337 1812 vir
351 1745 576 1813 Alexandriam
591 1745 768 1834 profectus,
783 1746 894 1834 pejora
909 1745 1014 1812 iacere
1033 1765 1119 1813 nun-

80 1857 178 1922 tiatus
191 1868 254 1930 est;
273 1857 370 1922 verita
386 1853 438 1922 illa
453 1880 494 1922 ne
508 1857 616 1944 iniquo
631 1867 664 1922 et
680 1855 778 1944 impie
790 1855 948 1921 sactorum
961 1857 1118 1947 particeps

84 1963 192 2039 iierct,
214 1965 295 2030 siin
315 1965 466 2053 conjugio
488 1961 644 2041 innueret,
668 1965 834 2052 victusque
852 1983 891 2030 nc
914 1965 975 2030 tori
990 1987 1121 2033 consors

84 2085 185 2149 esset,
201 2073 297 2140 misso
311 2095 363 2148 eo,
379 2074 465 2161 quod
478 2075 609 2151 vocetis,
624 2073 762 2164 repudio
775 2073 928 2140 discessit.
944 2075 1027 2142 Tum
1038 2101 1121 2166 prae-
1146 2055 1151 2063 ¹

85 2183 195 2252 clerus
209 2193 243 2249 et
262 2183 376 2248 bonus¹
387 2179 440 2246 1111
458 2181 517 2256 111,
533 2203 606 2248 cum
625 2183 761 2272 gaudere
783 2183 926 2260 deberet,
943 2186 1032 2274 quod
1052 2207 1123 2275 quae

85 2295 166 2362 olim
182 2316 263 2360 uxor
276 2311 352 2359 cum
369 2291 467 2358 serris
481 2303 514 2357 et
528 2294 779 2384 mercenariis-in
795 2294 902 2360 11111111
917 2304 1012 2384 atque
1026 2319 1122 2364 omno

86 2407 237 2472 vitiorum
251 2425 352 2492 genua
367 2401 467 2470 effusa
484 2400 619 2469 licenter
637 2406 851 2492 perpetrabat,
871 2407 910 2470 ub
927 2405 976 2470 his
994 2409 1060 2496 jam
1074 2407 1125 2474 sa-

90 2513 211 2582 cieudis
224 2514 374 2579 deterrita
389 2513 514 2589 fuisset,
530 2534 569 2579 nc
583 2513 688 2602 ipsum
702 2515 798 2581 etiam
813 2516 852 2580 ab
873 2515 985 2581 iisdem
1000 2516 1125 2606 flagitiis

93 2625 253 2690 detentere
274 2623 432 2696 studeret:
451 2621 622 2711 repudium
638 2643 707 2688 non
722 2624 910 2712 obsequenti
927 2624 1128 2689 nuntiantem

92 2745 232 2810 accusat,
256 2732 343 2823 quod
365 2745 449 2800 esset
471 2732 663 2800 Christiana.
683 2732 787 2822 Atque
807 2733 858 2800 1111
876 2733 1005 2823 quidem
1023 2733 1130 2800 libello

93 2843 163 2918 tibi,
179 2842 368 2930 Imperator,
381 2841 490 2908 oblato
505 2840 690 2932 postulavit,
704 2853 740 2907 ut
758 2842 846 2930 prius
862 2843 923 2908 sibi
938 2842 1047 2908 domui
1067 2865 1131 2909 suae

95 2952 275 3040 prospicere
291 2951 419 3026 licerot;
432 2952 547 3022 deinde
563 2952 748 3020 domesticis
760 2955 858 3017 rebus
870 2952 1053 3042 compositis
1065 2975 1134 3019 res-

94 3083 309 3150 ponsuramse
320 3061 524 3126 accusationi.
535 3061 638 3148 Atque
650 3061 684 3125 id
696 3061 828 3148 quidem
839 3063 986 3130 annuisti.
998 3065 1040 3130 At
1050 3059 1134 3130 iliius

98 3169 264 3257 quondam
280 3170 426 3244 maritus,
441 3169 496 3256 qui
514 3181 584 3233 tum
598 3170 749 3258 adsersus
764 3191 835 3236 eam
857 3193 923 3237 non
942 3172 1007 3259 jam
1027 3173 1135 3241 dicere

101 3289 242 3370 poterut,
258 3277 291 3341 iu
304 3276 510 3344 Ptolemaeum
525 3279 709 3367 quemdam,
721 3301 819 3368 quem
832 3279 968 3348 Urbicus
981 3283 1136 3372 supplicio

101 3388 222 3464 affecit,
234 3387 353 3476 quique
363 3385 503 3452 mulieris
515 3389 548 3453 in
557 3411 592 3454 11
605 3390 776 3456 christiana
791 3392 941 3480 magister
952 3391 1069 3471 suerat,
1082 3393 1138 3459 im·

101 3513 215 3593 petum
238 3521 335 3564 suum
355 3497 448 3563 vertit
469 3497 533 3564 hoc
549 3499 656 3564 modo.
675 3499 863 3565 Centurioni
885 3503 1014 3569 cuidam
1035 3504 1139 3572 amico
1189 3565 1195 3577 ,

104 3637 161 3682 suo
176 3611 346 3701 persuasit,
365 3621 400 3674 ut
414 3605 620 3673 Ptolemaeum
635 3606 844 3673 incarcerem
860 3612 1064 3700 conjecturus
1081 3638 1140 3706 ap-

104 3723 328 3814 prehenderet,
347 3721 443 3810 idque
460 3732 585 3786 tantum
600 3717 822 3807 interrogaret,
839 3730 879 3784 au
894 3731 976 3785 esset
992 3723 1141 3792 Christia-

107 3859 175 3902 nus.
189 3831 274 3900 Tum
296 3831 559 3909 Ptolemaeeut
577 3842 646 3896 erat
668 3828 807 3896 veritatis
826 3827 930 3895 cultor
948 3839 979 3898 ct
999 3835 1105 3903 animo
1124 3853 1141 3902 1

107 3945 216 4012 fraude
231 3957 263 4011 et
278 3943 446 4042 mendacio
460 3940 595 4021 alienus,
611 3961 687 4010 cum
702 3961 736 4008 se
752 3939 968 4012 Christianum
982 3965 1049 4011 esse
1062 3969 1143 4013 con⁴
