2646 4596
268 219 329 286 tur·
563 241 674 285 stacrr
696 241 813 286 susrrrtt
838 241 989 285 ultratus

241 332 244 342 ¹
268 359 318 410 tus
337 365 417 417 esse,
440 363 537 428 quam
558 344 590 408 in
613 343 750 418 Patrem,
765 344 954 432 qai-crelam
967 357 1000 409 ct
1021 355 1139 410 terram
1155 343 1282 408 creavit.

169 480 172 486 ·
268 451 316 516 Tu
328 472 402 515 vero
414 448 534 514 dictuin
548 471 615 514 esse
630 450 793 516 contendis
807 450 839 514 in
855 451 950 514 istum
964 450 1211 538 perpessionibns
1222 453 1286 514 ob·

270 557 410 628 noxium,
428 576 521 638 quem
536 566 568 618 et
584 554 744 620 Christum
758 579 826 622 esse
840 557 963 622 conaris
975 558 1198 622 demonstrare.

311 662 361 728 Ad
375 661 442 725 baec
457 683 515 746 ego
529 680 537 722 t
555 660 786 746 Loquutionem
801 685 817 726 a
834 663 951 750 Spiritu
964 673 1076 728 sancto
1090 663 1125 726 in
1139 661 1285 750 bocpssl

268 767 566 854 mopronuntiatnm
580 765 741 832 adhibenti
762 767 852 841 mibi,v
871 769 1025 842 animum,
1045 790 1164 854 quaeso,
1182 767 1282 832 adron

269 875 346 938 tite:
365 893 403 938 oc
418 870 561 948 ridebitis
578 893 639 936 nec
653 895 704 936 me
719 873 862 959 improbe
877 873 995 948 dicere,
1011 893 1072 940 nec
1087 895 1146 940 nos
1162 895 1283 962 prorsus

261 977 400 1044 laetatos
420 977 532 1048 luisse:
551 978 596 1042 sic
616 977 701 1040 enim
721 989 753 1041 ot
771 977 869 1042 multa
891 977 950 1044 alia
973 1002 1011 1043 ex
1032 979 1171 1066 Spiritus
1189 981 1282 1045 eneti

268 1085 358 1150 dictis
373 1107 430 1170 per
444 1105 498 1149 vos
513 1083 584 1169 ipsi,
598 1105 704 1147 cuma
724 1105 775 1148 me
787 1084 1002 1158 discesseritis,
1014 1085 1190 1172 intelligere
1201 1099 1283 1174 potr-

268 1194 343 1258 ritis.
362 1219 376 1251 s
392 1191 524 1256 Gentete
538 1191 674 1255 Domino
686 1191 845 1254 canticum
856 1211 973 1256 norum
989 1215 997 1255 t
1011 1205 1140 1256 cantate
1155 1193 1281 1258 Dunino

268 1328 281 1362 »
296 1299 397 1367 omnia
413 1309 506 1361 terra.
526 1295 657 1358 Centatc
672 1293 822 1367 Domine,
838 1305 870 1357 et
884 1295 1062 1360 benedicite
1074 1297 1196 1362 nomini
1203 1298 1280 1384 ejus

268 1436 281 1468 ι
296 1405 487 1472 Annuntiate
504 1402 542 1465 de
558 1400 607 1464 die
619 1402 652 1466 in
668 1401 751 1465 diem
772 1399 906 1466 salutare
920 1403 1003 1488 ejus,
1018 1404 1052 1467 in
1067 1405 1214 1472 omnum
1227 1429 1283 1494 μο-

268 1511 376 1598 »pulis
395 1506 547 1574 mirabilia
569 1509 648 1594 ejus.
664 1507 844 1572 »Hortatur
862 1509 967 1594 utqui
989 1532 1028 1573 ex
1045 1521 1116 1575 toto
1134 1523 1284 1576 rmmn

268 1621 344 1686 orbe
362 1617 495 1683 salutare
517 1613 594 1678 illud
613 1613 817 1699 mysterium
835 1615 869 1678 id
891 1627 939 1679 est
957 1618 1137 1702 passionem
1158 1619 1281 1692 Christi,

267 1751 324 1815 per
338 1747 433 1812 quem
452 1747 469 1787 a
490 1724 558 1787 Deo
574 1733 647 1788 sunt
662 1720 783 1797 salvati,
798 1737 1005 1810 cognoscunt,
1022 1726 1043 1789 ii
1062 1727 1131 1792 Deo
1152 1727 1282 1794 etl’atri

268 1835 485 1898 universorum
505 1830 718 1896 indesinenter
738 1841 852 1894 canant
866 1842 898 1892 et
912 1829 1063 1916 psallant;
1082 1843 1280 1921 agnocentes

267 1938 455 2004 laudabilem
470 1949 502 2002 et
516 1933 688 2000 terribilem
707 1947 738 1998 et
753 1935 949 2004 conditorem
966 1935 1039 2002 coti
1059 1950 1093 2004 ct
1107 1951 1200 2006 terra
1212 1963 1280 2004 erm

266 2071 346 2122 esse,
362 2071 379 2110 a
395 2071 459 2134 quo
473 2046 542 2111 baec
560 2043 641 2109 salus
655 2044 795 2109 humano
810 2045 916 2131 generi
930 2045 1013 2110 lacta
1028 2057 1089 2123 ost,
1106 2046 1158 2112 ille
1170 2047 1281 2116 videli-

267 2169 317 2221 cet
330 2157 384 2242 'qni
398 2155 665 2242 postquam'cruci
677 2153 785 2218 allinus
800 2163 834 2218 et
847 2167 990 2219 mortuus
1006 2166 1066 2230 est,
1079 2177 1177 2244 aeguo
1187 2159 1280 2222 totins

266 2262 349 2326 orbis
364 2274 519 2325 terrarum
534 2261 573 2324 ab
589 2283 627 2324 eo
643 2259 776 2326 donatus
788 2272 846 2325 est.
859 2287 871 2319 ι
883 2263 922 2326 Et
936 2284 1106 2350 exsurgens
1117 2263 1280 2350 biopopn

265 2366 337 2432 »lus
358 2367 565 2432 fornicabitur
583 2379 655 2456 post
672 2367 746 2430 deos
765 2366 881 2442 alienos
901 2379 991 2434 terrae
1008 2370 1041 2433 in
1057 2385 1146 2455 qum
1158 2367 1214 2434 bic
1228 2369 1279 2433 in-

265 2475 442 2564 »greditun
460 2485 494 2538 ut
509 2473 639 2544 habitet
652 2473 684 2536 in
700 2496 736 2538 ca
755 2495 762 2536 t
780 2483 812 2537 et
827 2473 1046 2562 derelinquent
1059 2493 1128 2548 met
1144 2487 1180 2540 et
1194 2475 1281 2540 dissi-

265 2613 277 2646 »
290 2586 410 2672 pabunt
425 2593 648 2648 testamentum
663 2603 783 2655 merim,
796 2582 884 2668 qnod
894 2595 1025 2647 testatus
1038 2605 1108 2648 sum
1121 2583 1168 2650 eis
1187 2583 1221 2648 in
1234 2583 1279 2648 die

265 2721 277 2752 ι
294 2691 343 2756 illa
358 2715 367 2756 r
380 2704 412 2756 et
423 2689 639 2776 derelinquam
649 2711 715 2762 eos,
727 2699 759 2752 et
770 2702 908 2754 avertam
919 2689 1032 2756 faciem
1043 2713 1148 2756 meam
1166 2693 1209 2758 ab
1224 2691 1275 2759 cist

265 2825 277 2857 a
293 2809 325 2861 ct
335 2797 395 2864 erit
403 2819 486 2869 esca,
496 2806 533 2860 et
542 2793 701 2860 invenient
711 2815 785 2858 eum
797 2793 878 2859 mala
889 2794 987 2860 multa
999 2807 1031 2860 et
1044 2794 1277 2862 tribulationes:

264 2916 325 2968 »et
337 2903 420 2969 dicet
437 2903 470 2967 in
487 2902 537 2966 die
553 2899 630 2966 illa:
651 2901 808 2978 Quoniam
832 2925 896 2966 non
915 2913 965 2967 est
976 2902 1133 2968 Dominus
1148 2925 1238 2970 meus
1248 2903 1277 2966 iu

265 3010 398 3083 suebis.
418 3011 605 3076 invenerunt
631 3029 682 3072 me
705 3007 787 3072 mala
808 3008 886 3074 baec.
905 3011 971 3097 Ego
993 3022 1101 3074 autem
1116 3011 1278 3078 arefiendo

264 3129 427 3182 »avertam
448 3117 561 3182 sociem
583 3137 687 3180 meam
710 3117 749 3179 ab
770 3116 815 3180 eis
836 3117 869 3180 in
893 3117 943 3180 die
967 3115 1039 3191 illa,
1061 3129 1200 3206 propter
1218 3139 1278 3182 om-

264 3226 341 3289 nnia
357 3224 437 3288 mala
454 3248 523 3310 quae
539 3223 681 3289 lecerunt
698 3245 706 3285 ε
724 3223 876 3311 quoniam
890 3224 1037 3290 abierunt
1057 3225 1098 3288 ad
1115 3225 1197 3292 deos
1218 3223 1278 3289 alie-

264 3361 276 3394 a
292 3332 405 3398 Μ’.»
1168 3335 1172 3339 ’

305 3437 433 3504 LXXV.
454 3439 491 3504 ln
512 3438 593 3503 libro
615 3448 721 3504 autem
735 3439 834 3503 Exodi
854 3461 970 3504 nomen
990 3440 1087 3526 ipsius
1105 3441 1184 3516 Dei,
1205 3439 1279 3528 qnod

263 3567 323 3612 aec
343 3545 477 3612 Abrabae
497 3569 558 3612 nec
577 3544 698 3612 Jacobo
725 3543 917 3610 declaratum
941 3545 1028 3620 dicit,
1051 3547 1152 3614 etiam
1179 3549 1278 3614 desum

263 3655 368 3725 luisse,
384 3651 485 3718 llloses
500 3675 615 3719 arcane
628 3651 772 3718 similiter
786 3653 982 3739 pronuntiat,
997 3675 1120 3740 nosque
1136 3651 1280 3722 intellexi-

295 3780 392 3828 ¹Dcut.
407 3795 473 3837 xm,
490 3781 527 3828 16.
