2616 4620
291 315 330 354 an
356 313 553 364 auromcuu,
580 313 638 355 nra.
667 314 699 354 rr.
947 294 1003 377 ¹⁵7

8 445 115 496 arram,
131 419 265 508 subjecit
280 419 385 482 omnia
401 419 469 506 ejus
486 419 629 506 potestati
644 431 676 482 et
692 418 835 506 imperio,
849 422 1008 509 praecepit-

8 555 54 618 puo
72 531 236 619 antiquitus
253 541 286 592 ut
301 528 455 593 fructibus
471 540 573 602 terrae,
590 527 772 602 seminibus,
789 528 895 593 herbis
909 541 941 593 et
956 552 1008 616 po-

7 643 51 706 nis
67 642 190 714 viveret,
206 636 298 704 simul
313 637 408 703 etiam
424 637 550 703 edicens
566 649 600 701 ut
615 635 757 703 animalia
778 661 839 704 una
861 662 934 704 cum
950 640 1009 704 ho-

7 751 76 814 nine
94 750 243 824 viverent,
267 760 299 812 et
322 747 468 812 omnibus
490 759 580 811 terrae
606 746 776 812 seminibus
797 747 863 836 ipsa
884 771 1009 836 quoque

6 873 199 925 macerentur.

37 965 123 1032 XIX.
140 965 221 1030 Cum
237 966 282 1031 sic
297 963 477 1030 absolvisset
488 965 573 1031 Deus
585 961 700 1030 caelum
712 975 744 1029 et
754 977 869 1030 terram
881 978 912 1031 et
923 989 1010 1032 mare

5 1091 25 1140 et
47 1076 148 1141 omnia
171 1099 241 1162 quaa
260 1075 293 1140 in
315 1075 359 1140 eis
381 1085 454 1140 sunt
472 1076 505 1140 in
529 1074 579 1140 die
604 1086 704 1149 sexto,
731 1075 881 1161 requievit
905 1076 937 1141 in
960 1076 1011 1141 dia

5 1185 122 1274 ‚optimo
149 1185 188 1250 ab
216 1184 363 1249 omnibus
384 1183 531 1272 operibus
557 1204 626 1269 quae
653 1181 736 1247 lecit.
766 1182 886 1248 Deinde
904 1195 1010 1248 sancta

5 1294 152 1380 icriptura
178 1313 289 1358 eorum
313 1314 382 1377 quae
405 1291 557 1356 hactenus
587 1288 719 1363 dixerat,
747 1289 830 1355 hauc
859 1312 1012 1356 summam

4 1403 65 1468 'aeit
86 1425 93 1465 :
120 1403 205 1467 «lste
221 1400 300 1467 libor
313 1400 521 1490 generationis
537 1395 608 1462 coeli
618 1385 655 1462 ‘et
670 1408 774 1472 terrae,
791 1399 918 1486 quando
933 1400 1012 1466 sacta

21 1523 110 1585 sunt,
137 1511 169 1574 in
190 1511 241 1574 dio
258 1533 320 1596 quo
342 1508 414 1574 lecit
432 1508 517 1573 Deus
534 1504 650 1588 coelum
666 1518 698 1571 et
722 1519 850 1582 terram,
869 1517 902 1572 et
920 1530 1014 1572 omne

22 1618 187 1708 virgultum
201 1619 267 1707 agri
289 1629 458 1705 antequam
479 1615 585 1689 fieret,
602 1626 634 1680 ct
654 1637 782 1680 omnem
802 1616 934 1686 herbam
948 1620 1014 1706 agri

2 1741 187 1816 ¹antequam
211 1726 360 1815 prodiret.
388 1725 459 1791 Non
478 1725 563 1789 enim
583 1721 705 1811 pluerat
727 1725 811 1790 Deus
834 1749 928 1813 super
948 1739 1015 1792 ter-

2 1863 101 1912 ram,
131 1848 277 1902 necerat
299 1834 395 1900 horno
414 1833 468 1922 qui
492 1831 611 1899 coleret
633 1856 713 1897 eam.
735 1833 887 1912 nQuibus
910 1836 1012 1900 verbis

2 1945 131 2010 leclarat
153 1943 330 2007 universam
351 1953 468 2006 terram
491 1941 553 2006 hoc
567 1951 709 2028 tempore
725 1939 828 2006 divino
844 1940 929 2008 sonte
944 1942 1015 2007 irri-

0 2066 96 2137 atam
111 2052 217 2126 luisse,
235 2073 294 2116 nec
314 2073 392 2136 opus
409 2048 555 2113 habuisse
581 2061 615 2112 ut
635 2050 673 2113 ab
696 2049 823 2114 bomine
844 2049 1013 2125 coleretur,

1 2163 47 2226 od
68 2185 121 2226 sua
145 2171 256 2248 sponte
278 2157 381 2222 omnia
401 2157 577 2223 secundum
597 2157 655 2222 Dei
675 2169 867 2247 praeceptum
885 2159 1013 2234 fudisse,

0 2295 30 2333 u,
54 2267 203 2337 molestus
226 2265 317 2331 labor
338 2265 479 2353 operanti
501 2265 620 2330 bomini
639 2265 840 2353 perferendus
860 2281 951 2333 esset.
975 2268 1016 2332 Ut
1088 2353 1093 2360 .

10 2390 99 2442 utem
126 2376 243 2444 creatio
270 2374 406 2440 hominis
431 2386 670 2449 monstraretur,
698 2399 758 2442 nec
777 2377 911 2463 ⁴quaestio
934 2379 1015 2444 inter

0 2486 135 2550 omines
152 2480 381 2549 inextricabiles
401 2481 475 2546 oriri
490 2481 660 2558 videretur,
679 2484 751 2570 quia
767 2484 887 2552 dictum
907 2500 974 2552 erat
995 2511 1013 2552 a

0 2603 70 2672 tao,
92 2595 273 2660 Faciamus
291 2591 468 2668 bominem,
488 2615 547 2658 neo
562 2605 668 2658 tamen
682 2592 764 2660 illius
784 2596 939 2663 declarata
956 2599 1016 2665 sor·

21 2705 105 2777 atio;
121 2706 166 2772 sic
181 2728 238 2771 nos
255 2703 366 2769 edocet
381 2701 543 2792 Scriptura
558 2727 565 2770 ε
578 2731 590 2763 a
605 2704 688 2770 Fons
703 2718 809 2770 autem
828 2708 1017 2774 ascendebat

16 2815 58 2879 de
75 2828 158 2880 terra
168 2825 201 2878 et
216 2812 364 2900 irrigabat
380 2813 557 2878 universam
572 2813 684 2877 taciem
699 2826 790 2878 terrae
805 2837 812 2878 :
827 2835 859 2880 et
873 2815 1018 2880 formarit

11 2925 101 2988 Deus
117 2923 279 2988 bominem
294 2918 457 3009 pulverem
473 2921 512 2986 de
526 2931 623 2997 terra,
636 2933 669 2986 et
683 2924 850 2990 insufflavit
862 2925 894 2990 in
906 2925 1018 2992 laciem

14 3035 89 3120 ejus
113 3031 222 3096 ilatum
246 3031 329 3104 rite,
351 3044 383 3095 et
403 3031 504 3096 lactus
520 3044 567 3096 est
582 3031 679 3097 bomo
700 3033 732 3097 in
752 3034 889 3100 animam
911 3036 1021 3102 viven-

14 3151 95 3202 tem.
116 3163 129 3198 s
143 3135 232 3200 Unde
248 3148 279 3200 et
293 3134 478 3200 immortalis
495 3137 597 3201 anima
610 3159 627 3200 a
639 3135 782 3225 pluribus
794 3140 918 3206 dicitur.
934 3141 1020 3208 Post-

9 3267 89 3308 uam
110 3255 217 3308 autem
232 3243 377 3308 formavit
391 3242 552 3309 bominem
567 3245 664 3322 Deus,
681 3245 774 3336 elegit
790 3250 819 3313 ei
838 3251 965 3317 bortum
987 3254 1017 3318 in

1 3355 69 3420 ·cis
100 3350 318 3426 orientalibus,
342 3348 460 3416 lumine
488 3365 705 3440 praestantem,
734 3354 926 3444 pellucidum
948 3383 1019 3424 nore

4 3461 219 3536 loudidiore,
235 3459 400 3525 arboribus
415 3459 517 3525 omnis
532 3463 654 3550 generis
669 3462 869 3538 loecundum3
889 3467 942 3532 ubi
961 3490 1020 3554 po-

24 3575 49 3638 it
67 3571 243 3636 bominem.

29 3683 110 3748 XX.
126 3680 230 3747 Verba
252 3680 389 3746 historias
410 3705 505 3748 sacrae
522 3683 567 3748 sic
588 3683 684 3749 refert
698 3682 861 3774 Scriptura
878 3687 1020 3754 :aplan-

11 3793 95 3858 tavit
112 3792 240 3881 insuper
258 3791 411 3858 Dominus
427 3793 511 3859 Deus
527 3793 655 3861 bortum
670 3795 702 3860 in
717 3796 805 3863 Eden
827 3799 866 3862 ab
884 3799 1016 3876 oriente,

10 3913 47 3966 ot
63 3902 169 3988 posuit
190 3901 253 3968 illic
272 3901 434 3970 bominem
449 3927 545 3990 quem
561 3903 703 3971 finxerat.
723 3905 812 3974 Fecit
832 3907 926 3974 otiam
945 3933 1018 3998 ger*
