2640 4622
303 273 366 362 59ss
535 359 537 362 Ι
598 295 710 342 sancrr
732 297 851 341 rosrrrtr
873 291 1037 342 unarms

300 401 378 468 libet
389 425 499 468 eorum
510 403 563 488 qui
575 405 659 492 apud
672 427 725 469 vos
739 405 877 481 luerunt,
892 427 1016 492 regum
1028 411 1081 466 aut
1093 404 1251 488 justorunet

300 510 541 599 Prophetarum,
558 521 612 574 aut
628 511 881 576 patriarcharum
894 535 915 575 a
933 511 1030 574 vobis
1046 509 1212 594 adjurentrn,
1223 524 1252 574 nt·

301 615 367 680 lum
389 616 574 703 subjicietur
595 616 795 683 daemonium.
822 619 854 682 Si
878 621 955 706 quis
981 629 1091 682 tamen
1114 627 1254 702 vestronp

301 723 404 788 Deum
421 723 555 789 Abrahae
570 735 602 788 et
617 725 719 790 Deum
735 728 822 792 lsaac
837 738 868 791 et
883 728 997 792 Deum
1014 725 1115 790 Jacob
1129 724 1251 809 adjuretl

302 842 382 896 tasse
398 832 593 917 subjicietur.
611 832 683 896 Jem
698 857 773 898 vero
789 835 966 900 exorcistas
985 843 1110 898 vestros
1124 831 1177 893 diri
1189 843 1257 893 arte:-

302 939 414 1012 hibin,
429 939 559 1026 perinde
571 950 665 1026 atque
680 951 787 1028 gentes
799 941 964 1027 adjurare,
983 951 1021 1004 et
1036 937 1183 1004 suffitibus
1193 958 1258 999 acrar-

302 1044 371 1110 letis
394 1047 448 1110 uti.
474 1045 609 1135 Angelos
632 1057 738 1111 autem
760 1053 793 1112 et
814 1049 946 1112 virtutes
975 1069 1066 1120 esse,
1089 1065 1162 1131 quos
1179 1042 1279 1126 lisele<

302 1153 473 1243 prophetiae
489 1178 592 1218 sermo
607 1165 712 1242 portas
727 1156 818 1242 jubet
832 1155 996 1230 attollere,
1022 1165 1062 1218 ut
1078 1149 1256 1216 introeatllr-

304 1261 424 1328 divivus
440 1287 478 1328 ex
492 1265 638 1339 mortuis,
656 1264 809 1328 Dominus
825 1265 984 1329 virtutum
1003 1261 1177 1328 secundum
1188 1257 1257 1321 velue

304 1380 368 1436 tem
379 1371 491 1445 Patris,
507 1371 599 1435 Jesus
612 1371 768 1445 Christus,
785 1373 879 1436 verba
893 1371 1033 1436 Davidis
1047 1367 1182 1434 similiter
1189 1366 1260 1428 dmar-

303 1491 397 1544 trent.
418 1481 496 1558 Qum
512 1480 640 1568 quidem
659 1481 774 1546 iterum
789 1481 1062 1546 commemorabo
1078 1485 1257 1566 prepterese·

304 1588 373 1653 heri
388 1589 554 1654 nobiscum
570 1611 635 1652 non
650 1598 753 1662 erent,
770 1609 906 1674 quorum
921 1589 1028 1652 etiam
1046 1607 1142 1650 causa
1155 1577 1259 1644 multila

304 1709 395 1763 terno
416 1698 466 1762 die
488 1697 570 1762 dictu
592 1697 773 1762 summatim
793 1697 905 1761 res.er0
930 1697 981 1762 Ac
1003 1717 1099 1760 nuuc
1117 1687 1239 1779 quidm
1229 1702 1258 1740 1

306 1809 393 1874 vohis
412 1808 532 1882 dixero,
553 1808 610 1870 etsi
599 1830 711 1904 saepe
731 1806 841 1870 eadem
861 1805 1040 1880 inculcavi,
1064 1799 1142 1866 nihil
1158 1793 1279 1892 umal*

305 1917 393 1981 surdi
404 1917 563 1981 dicturum
577 1939 645 1980 esse
661 1915 799 1979 conlido.
817 1913 1002 1980 Ridiculum
1018 1913 1112 1978 enim
1123 1906 1206 1975 luerit,
1216 1897 1258 1963 ult

306 2034 338 2088 et
358 2022 466 2089 lunam
486 2023 592 2088 videre
613 2045 650 2087 ac
673 2032 800 2087 caeteras
821 2019 924 2088 stellas
944 2020 1104 2085 eamdem
1122 2025 1255 2097 ιιιιιρειιιὲ
1277 2033 1279 2110 p

307 2133 460 2206 insistere,
484 2131 672 2218 easdemque
695 2139 918 2218 tempestatum
936 2130 1026 2194 vices
1049 2124 1198 2192 reducere:
1214 2112 1257 2174 ιιιὶι

306 2264 383 2305 num
403 2251 666 2328 computatorem,
688 2241 712 2304 si
732 2248 860 2327 rogetur
879 2238 927 2304 bis
948 2238 1016 2302 duc
1037 2235 1121 2325 quot
1136 2227 1254 2294 lacidt’ll

307 2371 388 2434 saepe
404 2348 516 2412 dixerit
532 2361 678 2435 quatuor,
696 2372 761 2414 non
777 2357 883 2412 temen
898 2348 1020 2412 idcirco
1038 2330 1177 2410 desinere
1186 2339 1251 2417 petru

304 2457 429 2528 dicere3
453 2467 485 2519 et
505 2455 564 2522 ulia
582 2457 752 2545 ejusmodi,
773 2479 979 2544 quecumque
996 2465 1094 2521 certo
1110 2444 1256 2514 essesetll·

307 2567 420 2631 eodem
435 2589 558 2656 semper
572 2568 668 2632 modo
685 2568 746 2633 dici
762 2577 794 2630 et
809 2568 1000 2632 asseverari:
1021 2587 1102 2630 eum
1116 2543 1258 2630 sarcuil-¹

307 2675 477 2762 Scripturis
491 2677 684 2764 propheticis
700 2675 874 2740 disserendi
888 2677 1048 2739 rationem
1067 2669 1218 2757 depromat
1227 2669 1258 2712 m

306 2807 355 2852 sas
372 2785 548 2872 Scripturas
565 2783 681 2856 lacere,
699 2805 758 2848 nec
775 2784 901 2848 easdem
917 2805 1043 2869 semper
1060 2777 1184 2844 referre,
1195 2760 1262 2828 Μ

307 2895 366 2961 lius
383 2893 501 2982 aliquid
520 2891 681 2978 Scriptura
703 2891 898 2988 pariturum
899 2913 931 2953 se
949 2889 1139 2954 existimare
1156 2872 1262 2944 llsstlll

308 3017 373 3069 tem
386 3003 500 3091 quibus
511 3001 614 3066 Deum
630 2997 790 3063 declarare
803 2999 865 3062 diri
880 2966 1007 3086 dagelos
1021 3009 1054 3062 et
1070 2967 1262 3062 virtutesinel

309 3134 388 3188 esse,
406 3111 448 3176 ita
464 3133 497 3173 sc
513 3110 652 3174 habent:
672 3107 837 3173 «Laudate
850 3108 1023 3188 Dominum
1040 3108 1081 3172 de
1096 3097 1188 3168 coelis,
1199 3080 1262 3152 [aula

310 3249 323 3284 ι
337 3243 410 3285 eum
422 3221 454 3284 in
466 3216 606 3283 excelsis.
626 3216 765 3282 Lendate
779 3239 853 3283 eum
864 3239 974 3282 omnes
985 3213 1090 3302 angeli
1103 3210 1186 3296 ejus-¹
1179 3187 1244 3259 'llll
1243 3198 1263 3244 l
1275 3196 1279 3309 l

310 3357 323 3390 ιι
336 3351 409 3392 eum
420 3348 529 3391 omnes
542 3324 672 3389 virtutes
683 3323 784 3411 ejus&
776 3353 812 3386 .ι

355 3435 414 3500 Hic
431 3457 510 3499 unus
522 3452 561 3498 ex
578 3432 626 3496 his
642 3455 695 3518 qur
687 3431 861 3519 'postridie
875 3454 951 3497 curn
965 3432 1010 3496 eis
1021 3433 1175 3497 venerant,
1184 3412 1277 3494 Musas

311 3544 450 3617 nomine,
466 3542 570 3616 nobis,
587 3541 701 3628 inquit,
717 3553 900 3630 pergratum
909 3540 997 3618 lacrs
1011 3541 1096 3628 quod
1107 3531 1203 3603 eadem
1211 3519 1266 3584 11⁰³l²

313 3671 406 3714 eausa
423 3648 564 3713 referre
555 3649 708 3715 rnstituas.

357 3755 399 3821 At
418 3778 500 3843 ego:
524 3755 653 3833 dedite,
677 3758 818 3845 inquam,
830 3757 945 3832 emisi,
966 3779 1035 3844 quae
1053 3779 1105 3822 me
1118 3740 1262 3828 Scriptum
1253 3728 1267 3778 ¹

348 3883 577 3944 ΙΙίι1,ειιιίιι,ι.
