2492 4632
343 311 465 356 enarra
490 311 638 356 nnaesas.
940 298 1004 374 41⁵

20 423 144 497 umbo,
164 422 318 512 quonium
329 419 384 487 bio
395 420 538 487 estDeua
549 419 669 486 virus¹.
686 445 700 482 r
715 415 779 498 Qui
791 419 887 510 igitur
898 445 916 488 n
927 423 1008 494 Pro-

23 532 55 596 is
77 531 286 596 adorabatur
305 528 392 595 Deus
415 527 516 604 vivus,
539 526 592 594 hie
612 540 661 595 εει
682 527 829 596 vivorum
850 529 949 608 Deus,
973 547 1008 604 ει

20 663 104 708 >um
122 641 213 730 ejus,
234 639 289 729 qui
304 651 337 706 ει
350 638 476 706 locutus
491 649 540 705 εει
556 637 671 728 Moysi,
691 639 746 728 qui
765 650 798 705 et
813 637 1008 710 Sadducaeos

20 753 141 839 orguil,
159 750 215 840 qui
231 762 264 814 ει
279 749 546 834 resurrectionem
563 746 712 818 donavit:
733 757 867 838 utra'que
881 746 931 818 his
951 755 1007 844 qui

20 859 141 926 utiunt
165 857 350 935 ostendens,
372 856 405 922 id
423 867 484 932 εει,
506 855 770 924 resurrectionem
785 869 818 923 ει
839 855 954 928 Deum.
974 859 1008 928 Si

20 994 40 1034 u
65 969 162 1034 Deus
183 979 385 1034 mortuorum
404 989 469 1033 non
490 977 551 1042 εει,
573 965 630 1031 sod
650 965 808 1045 vivorum,
828 968 883 1036 bie
898 981 1006 1040 autem

20 1079 199 1144 uiantium
224 1089 353 1166 patrum
378 1077 463 1142 Deus
487 1075 591 1142 dicsus
612 1086 674 1152 εει,
698 1075 874 1144 indubitate
899 1081 1010 1149 vivunt

20 1227 40 1267 ·‚
53 1201 90 1256 ει
102 1211 174 1254 non
189 1188 366 1278 perierunt,
383 1209 458 1253 eum
475 1186 537 1252 sint
552 1183 608 1250 filii
625 1187 874 1254 resurrectionis.
894 1189 1008 1257 Resur-

20 1302 63 1366 io
81 1311 197 1364 autem
210 1299 276 1387 ipsa
292 1297 447 1364 Dominus
462 1308 570 1363 noster
581 1307 641 1372 est,
658 1295 928 1385 quemadmodum
944 1301 1010 1391 ipse

20 1435 25 1475 :
54 1411 151 1500 «Ego
173 1431 246 1474 sum
266 1408 456 1474 resurreetio
477 1419 511 1472 ει
529 1405 653 1490 ribub-
673 1405 781 1474 Patres
801 1419 921 1488 eutem,
940 1411 1010 1500 ejus

24 1545 34 1594 ;
57 1519 187 1584 dietum
203 1528 251 1582 εει
265 1516 351 1582 enim
367 1515 554 1604 aPropbeta
569 1539 577 1581 :
596 1539 609 1576 a
622 1514 684 1582 Pro
699 1516 842 1606 patribus
857 1519 920 1584 tuis
935 1518 1009 1588 faeti

20 1639 67 1694 int
81 1628 142 1694 tibi
159 1625 216 1692 filii
233 1625 341 1692 tui⁸.»
360 1625 431 1714 lpse
449 1625 546 1714 igitur
564 1623 710 1692 Christus
726 1648 801 1693 cum
818 1625 912 1694 Patre
927 1630 1010 1696 vivo-

20 1764 36 1804 n
52 1750 104 1803 εει
119 1737 220 1811 Deus,
236 1733 290 1823 qui
306 1730 433 1801 loeutus
448 1745 496 1798 εει
510 1731 623 1820 Moysi,
637 1734 691 1821 qui
706 1746 739 1799 et
750 1733 897 1802 Patribus
912 1738 1013 1806 muni.

20 1858 227 2018 iiiusEetstboe
252 1951 358 2039 ipsum
380 1949 498 2015 doeens
520 1947 646 2015 dieebot
664 1948 803 2016 Judaeis:
823 1950 1009 2024 «Abrabam

20 2073 95 2127 ‘ater
108 2071 212 2126 vester
223 2058 390 2126 exsultarit
404 2069 440 2124 ut
451 2057 572 2126 videret
587 2057 672 2125 diem
687 2081 808 2136 meum,
825 2072 858 2126 ει
874 2063 964 2140 vidit,
976 2075 1010 2131 et

20 2171 125 2238 nvisus
140 2179 188 2235 εει
197 2168 219 2233 ⁶.
238 2167 325 2248 Quid
340 2167 449 2234 enimi
464 2165 609 2232 Credidit
623 2165 785 2234 Abraham
806 2168 887 2246 Deo,
903 2183 935 2236 ει
950 2171 1008 2238 de-

21 2293 148 2348 ntatum
159 2291 206 2346 εει
217 2281 246 2344 ei
259 2278 299 2344 ad
310 2279 464 2369 justitiam
475 2276 503 2341 ⁶:
518 2305 531 2340 ε
545 2277 685 2366 primum
699 2277 841 2365 quidem,
857 2281 1006 2368 quoniam

20 2417 41 2459 ε
63 2402 111 2458 εει
125 2391 226 2457 factor
244 2387 315 2457 coeli
335 2401 367 2456 ει
389 2401 492 2463 terreo,
514 2385 599 2453 solus
621 2387 720 2460 Deus;
745 2388 860 2455 deinde
878 2403 1004 2468 autem,

20 2501 127 2568 onium
142 2499 235 2566 saciet
249 2521 357 2566 semen
368 2498 437 2586 ejus
452 2496 541 2586 quasi
556 2492 660 2561 stellas
675 2494 756 2562 ooeli.
777 2495 846 2564 Hoc
860 2501 1007 2588 estquod

20 2609 109 2678 Paulo
120 2609 255 2676 dieitur:
274 2605 582 2688 «Quemadmodum
592 2604 759 2671 luminaria
773 2605 804 2670 in
816 2608 937 2673 mundo
947 2607 971 2673 ⁸.
985 2635 998 2671 ε

20 2735 68 2790 ειε
87 2721 179 2812 igitur
199 2717 420 2809 derelinquens
441 2729 602 2784 terrenam
623 2715 845 2804 cognationem
864 2740 1004 2796 omnem,

20 2833 165 2922 quebatur
183 2830 325 2898 Verbum
341 2828 414 2904 Dei,
435 2849 510 2894 oum
526 2824 633 2893 Verbo
647 2825 864 2912 peregrinans,
882 2837 917 2891 ut
932 2850 1007 2901 cum

20 2943 86 3008 erbo
100 2952 282 3006 moraretur.

27 3049 81 3118 lv.
97 3049 182 3114 Juste
197 3061 304 3114 autem
319 3058 352 3113 ει
368 3043 522 3135 Apostoli,
538 3067 577 3110 ex
591 3043 753 3113 Abrabam
770 3066 870 3134 genus
888 3048 1008 3118 babens

20 3187 45 3238 s,
63 3157 305 3248 derelinquentes
321 3153 499 3224 naviculam
510 3166 543 3222 ει
553 3165 690 3243 patrem,
707 3156 921 3244 aequabuntur
931 3157 1011 3227 Ver-r

21 3293 65 3338 rm
78 3269 141 3335 Dei.
158 3267 246 3334 Juate
261 3278 369 3334 autem
389 3276 422 3332 ει
442 3286 512 3340 nos,
528 3264 674 3332 eamdem
694 3263 792 3332 iidem
815 3267 1006 3357 accipientes

20 3404 82 3450 ram
96 3379 198 3446 habuit
214 3377 388 3453 Abraham,
405 3374 553 3442 tollentes
574 3395 717 3451 crucem,
736 3375 1006 3464 quemadmodum

20 3513 71 3582 gna
82 3489 171 3565 Isaeo,
188 3487 349 3576 sequimur
360 3509 444 3552 eum.
459 3483 496 3552 ln
512 3483 673 3552 Abrabam
685 3485 769 3552 enim
786 3486 1005 3574 praedidioerat

20 3627 24 3666 ;
39 3609 167 3662 assuetus
182 3593 284 3661 suerat
300 3594 396 3661 bomo
412 3593 499 3681 sequi
513 3590 656 3660 Verbum
670 3591 738 3658 Dei.
758 3594 883 3662 Etenim
902 3597 1005 3664 Abra·

20 3731 67 3774 ειε
80 3703 241 3770 seeundum
252 3702 350 3770 iidem
366 3723 456 3768 suam
470 3713 597 3768 secutus
612 3713 806 3792 praeeeptum
817 3701 914 3774 Verbi
931 3707 1002 3786 Dei,

27 3845 657 3910 marmus-Hom.1=,2s.-¹rsar.xnv,
674 3864 682 3896 r
688 3865 710 3912 7.
721 3846 768 3884 -⁶
779 3847 853 3898 donn.
866 3866 920 3910 rur,
931 3851 1003 3900 ⁵6.-

20 3939 86 3984 iiom.
97 3949 127 3992 rr,
137 3934 158 3994 3,
169 3951 197 3984 ει
207 3933 272 3985 Gen.
286 3951 326 3994 xv,
337 3933 359 3984 6.
372 3957 402 3972 -
412 3932 422 3966 ⁶
433 3931 523 3998 Philip.
538 3950 566 3992 rr,
580 3933 617 3982 1⁵.
