<?xml version="1.0" encoding="UTF-8"?>
<!DOCTYPE html PUBLIC "-//W3C//DTD XHTML 1.0 Transitional//EN"
    "http://www.w3.org/TR/xhtml1/DTD/xhtml1-transitional.dtd">
<html xmlns="http://www.w3.org/1999/xhtml" xml:lang="en" lang="en">
 <head>
  <title>
</title>
<meta http-equiv="Content-Type" content="text/html;charset=utf-8" />
  <meta name='ocr-system' content='tesseract 3.04.00' />
  <meta name='ocr-capabilities' content='ocr_page ocr_carea ocr_par ocr_line ocrx_word'/>
</head>
<body>
  <div class='ocr_page' id='page_1' title='image "./collectioselect02guilgoog_0578.png"; bbox 0 0 2816 4610; ppageno 0'>
   <div class='ocr_carea' id='block_1_1' title="bbox 389 250 1122 320">
    <p class='ocr_par' dir='ltr' id='par_1_1' title="bbox 389 250 1122 320">
     <span class='ocr_line' id='line_1_1' title="bbox 389 250 1122 320; baseline 0.025 -30"><span class='ocrx_word' id='word_1_1' title='bbox 389 250 524 292; x_wconf 72' lang='lat' dir='ltr'><strong>tuderto</strong></span> <span class='ocrx_word' id='word_1_2' title='bbox 548 251 608 292; x_wconf 77' lang='grc' dir='ltr'><strong>ΡΙΟ</strong></span> <span class='ocrx_word' id='word_1_3' title='bbox 632 252 835 295; x_wconf 78' lang='lat' dir='ltr'><strong>uuuts&#39;rtnnts.</strong></span> <span class='ocrx_word' id='word_1_4' title='bbox 1083 260 1122 320; x_wconf 68' lang='grc'><strong>77</strong></span> 
     </span>
    </p>
   </div>
   <div class='ocr_carea' id='block_1_2' title="bbox 96 353 1123 554">
    <p class='ocr_par' dir='ltr' id='par_1_2' title="bbox 96 353 1123 554">
     <span class='ocr_line' id='line_1_2' title="bbox 97 353 1123 451; baseline 0.012 -34"><span class='ocrx_word' id='word_1_5' title='bbox 97 377 173 418; x_wconf 87' lang='lat' dir='ltr'><strong>nam</strong></span> <span class='ocrx_word' id='word_1_6' title='bbox 198 353 407 420; x_wconf 78' lang='lat' dir='ltr'><strong>adscribenda</strong></span> <span class='ocrx_word' id='word_1_7' title='bbox 434 356 474 420; x_wconf 90' lang='lat' dir='ltr'><strong>sit</strong></span> <span class='ocrx_word' id='word_1_8' title='bbox 498 357 655 444; x_wconf 88' lang='lat' dir='ltr'><strong>ejusmodi</strong></span> <span class='ocrx_word' id='word_1_9' title='bbox 676 359 903 425; x_wconf 75' lang='lat' dir='ltr'><strong>administratio</strong></span> <span class='ocrx_word' id='word_1_10' title='bbox 923 383 1033 428; x_wconf 88' lang='lat' dir='ltr'><strong>eorum</strong></span> <span class='ocrx_word' id='word_1_11' title='bbox 1054 387 1123 451; x_wconf 73' lang='lat' dir='ltr'><strong>quac</strong></span> 
     </span>
     <span class='ocr_line' id='line_1_3' title="bbox 96 463 966 554; baseline 0.007 -26"><span class='ocrx_word' id='word_1_12' title='bbox 96 463 183 530; x_wconf 86' lang='lat' dir='ltr'><strong>cirea</strong></span> <span class='ocrx_word' id='word_1_13' title='bbox 200 475 317 532; x_wconf 87' lang='lat' dir='ltr'><strong>terram</strong></span> <span class='ocrx_word' id='word_1_14' title='bbox 332 475 415 538; x_wconf 88' lang='lat' dir='ltr'><strong>sunt,</strong></span> <span class='ocrx_word' id='word_1_15' title='bbox 433 464 547 552; x_wconf 79' lang='lat' dir='ltr'><strong>deque</strong></span> <span class='ocrx_word' id='word_1_16' title='bbox 562 465 690 553; x_wconf 88' lang='lat' dir='ltr'><strong>quidem</strong></span> <span class='ocrx_word' id='word_1_17' title='bbox 705 466 817 554; x_wconf 86' lang='lat' dir='ltr'><strong>aliquis</strong></span> <span class='ocrx_word' id='word_1_18' title='bbox 832 468 966 534; x_wconf 77' lang='lat' dir='ltr'><strong>dixerit:</strong></span> 
     </span>
    </p>
   </div>
   <div class='ocr_carea' id='block_1_3' title="bbox 179 605 845 784">
    <p class='ocr_par' dir='ltr' id='par_1_3' title="bbox 179 605 845 784">
     <span class='ocr_line' id='line_1_4' title="bbox 179 605 845 684; baseline 0.006 -22"><span class='ocrx_word' id='word_1_19' title='bbox 179 609 256 683; x_wconf 73' lang='lat' dir='ltr'><strong>Ergo</strong></span> <span class='ocrx_word' id='word_1_20' title='bbox 270 605 331 662; x_wconf 83' lang='lat' dir='ltr'><strong>haee</strong></span> <span class='ocrx_word' id='word_1_21' title='bbox 344 605 481 677; x_wconf 82' lang='lat' dir='ltr'><strong>ridentes,</strong></span> <span class='ocrx_word' id='word_1_22' title='bbox 496 606 643 683; x_wconf 90' lang='lat' dir='ltr'><strong>quomodo</strong></span> <span class='ocrx_word' id='word_1_23' title='bbox 658 605 743 664; x_wconf 88' lang='lat' dir='ltr'><strong>doum</strong></span> <span class='ocrx_word' id='word_1_24' title='bbox 758 627 845 684; x_wconf 81' lang='lat' dir='ltr'><strong>genus</strong></span> 
     </span>
     <span class='ocr_line' id='line_1_5' title="bbox 180 705 825 784; baseline 0.003 -22"><span class='ocrx_word' id='word_1_25' title='bbox 180 706 317 764; x_wconf 76' lang='lat' dir='ltr'><strong>Dicamus</strong></span> <span class='ocrx_word' id='word_1_26' title='bbox 332 725 401 776; x_wconf 82' lang='lat' dir='ltr'><strong>asse,</strong></span> <span class='ocrx_word' id='word_1_27' title='bbox 421 719 470 764; x_wconf 87' lang='lat' dir='ltr'><strong>aut</strong></span> <span class='ocrx_word' id='word_1_28' title='bbox 485 706 679 783; x_wconf 78' lang='lat' dir='ltr'>obsequamur</span> <span class='ocrx_word' id='word_1_29' title='bbox 694 705 825 784; x_wconf 77' lang='lat' dir='ltr'><strong>legibus?</strong></span> 
     </span>
    </p>
   </div>
   <div class='ocr_carea' id='block_1_4' title="bbox 97 838 1124 1152">
    <p class='ocr_par' dir='ltr' id='par_1_4' title="bbox 97 838 1124 1152">
     <span class='ocr_line' id='line_1_6' title="bbox 97 838 1124 932; baseline 0.01 -30"><span class='ocrx_word' id='word_1_30' title='bbox 97 838 137 902; x_wconf 90' lang='lat' dir='ltr'><strong>ld</strong></span> <span class='ocrx_word' id='word_1_31' title='bbox 156 863 278 928; x_wconf 90' lang='lat' dir='ltr'><strong>quoque</strong></span> <span class='ocrx_word' id='word_1_32' title='bbox 294 839 493 908; x_wconf 75' lang='lat' dir='ltr'><strong>Aristotelem</strong></span> <span class='ocrx_word' id='word_1_33' title='bbox 510 845 643 919; x_wconf 83' lang='lat' dir='ltr'><strong>induxit,</strong></span> <span class='ocrx_word' id='word_1_34' title='bbox 662 857 695 908; x_wconf 89' lang='lat' dir='ltr'><strong>at</strong></span> <span class='ocrx_word' id='word_1_35' title='bbox 711 867 780 932; x_wconf 76' lang='lat' dir='ltr'><strong>quse</strong></span> <span class='ocrx_word' id='word_1_36' title='bbox 795 843 875 910; x_wconf 88' lang='lat' dir='ltr'><strong>coelo</strong></span> <span class='ocrx_word' id='word_1_37' title='bbox 891 845 1036 911; x_wconf 75' lang='lat' dir='ltr'><strong>inferiora</strong></span> <span class='ocrx_word' id='word_1_38' title='bbox 1052 864 1124 914; x_wconf 89' lang='lat' dir='ltr'><strong>sunt</strong></span> 
     </span>
     <span class='ocr_line' id='line_1_7' title="bbox 99 945 1123 1046; baseline 0.015 -36"><span class='ocrx_word' id='word_1_39' title='bbox 99 945 187 1013; x_wconf 90' lang='lat' dir='ltr'><strong>nulla</strong></span> <span class='ocrx_word' id='word_1_40' title='bbox 207 952 270 1040; x_wconf 82' lang='lat' dir='ltr'><strong>regi</strong></span> <span class='ocrx_word' id='word_1_41' title='bbox 289 953 483 1040; x_wconf 86' lang='lat' dir='ltr'><strong>providentia</strong></span> <span class='ocrx_word' id='word_1_42' title='bbox 500 955 632 1026; x_wconf 87' lang='lat' dir='ltr'><strong>diceret,</strong></span> <span class='ocrx_word' id='word_1_43' title='bbox 653 954 794 1042; x_wconf 79' lang='lat' dir='ltr'><strong>quemvis</strong></span> <span class='ocrx_word' id='word_1_44' title='bbox 812 967 928 1020; x_wconf 82' lang='lat' dir='ltr'><strong>aeterna</strong></span> <span class='ocrx_word' id='word_1_45' title='bbox 947 958 1003 1022; x_wconf 90' lang='lat' dir='ltr'><strong>Dei</strong></span> <span class='ocrx_word' id='word_1_46' title='bbox 1018 960 1123 1046; x_wconf 82' lang='lat' dir='ltr'><strong>provi-</strong></span> 
     </span>
     <span class='ocr_line' id='line_1_8' title="bbox 99 1059 715 1152; baseline 0.011 -31"><span class='ocrx_word' id='word_1_47' title='bbox 99 1059 207 1124; x_wconf 88' lang='lat' dir='ltr'><strong>dentia</strong></span> <span class='ocrx_word' id='word_1_48' title='bbox 224 1063 315 1128; x_wconf 89' lang='lat' dir='ltr'><strong>nobis</strong></span> <span class='ocrx_word' id='word_1_49' title='bbox 329 1062 523 1152; x_wconf 67' lang='lat' dir='ltr'><strong>aequabiliter</strong></span> <span class='ocrx_word' id='word_1_50' title='bbox 537 1077 715 1152; x_wconf 75' lang='lat' dir='ltr'><strong>prestetur,</strong></span> 
     </span>
    </p>
   </div>
   <div class='ocr_carea' id='block_1_5' title="bbox 181 1198 812 1383">
    <p class='ocr_par' dir='ltr' id='par_1_5' title="bbox 181 1198 812 1383">
     <span class='ocr_line' id='line_1_9' title="bbox 181 1198 800 1278; baseline 0.005 -21"><span class='ocrx_word' id='word_1_51' title='bbox 181 1198 306 1278; x_wconf 86' lang='lat' dir='ltr'><strong>(Coacta</strong></span> <span class='ocrx_word' id='word_1_52' title='bbox 321 1214 408 1272; x_wconf 84' lang='lat' dir='ltr'><strong>terra,</strong></span> <span class='ocrx_word' id='word_1_53' title='bbox 424 1223 474 1262; x_wconf 86' lang='lat' dir='ltr'><strong>seu</strong></span> <span class='ocrx_word' id='word_1_54' title='bbox 489 1203 569 1276; x_wconf 88' lang='lat' dir='ltr'><strong>velit,</strong></span> <span class='ocrx_word' id='word_1_55' title='bbox 585 1223 635 1262; x_wconf 88' lang='lat' dir='ltr'><strong>seu</strong></span> <span class='ocrx_word' id='word_1_56' title='bbox 649 1223 706 1262; x_wconf 87' lang='lat' dir='ltr'><strong>non</strong></span> <span class='ocrx_word' id='word_1_57' title='bbox 722 1203 800 1274; x_wconf 85' lang='lat' dir='ltr'><strong>velit,</strong></span> 
     </span>
     <span class='ocr_line' id='line_1_10' title="bbox 181 1299 812 1383; baseline 0.006 -27"><span class='ocrx_word' id='word_1_58' title='bbox 181 1300 319 1359; x_wconf 85' lang='lat' dir='ltr'><strong>Producit</strong></span> <span class='ocrx_word' id='word_1_59' title='bbox 330 1302 444 1376; x_wconf 82' lang='lat' dir='ltr'><strong>herbas,</strong></span> <span class='ocrx_word' id='word_1_60' title='bbox 458 1316 486 1361; x_wconf 89' lang='lat' dir='ltr'><strong>et</strong></span> <span class='ocrx_word' id='word_1_61' title='bbox 499 1324 584 1383; x_wconf 81' lang='lat' dir='ltr'><strong>pecus</strong></span> <span class='ocrx_word' id='word_1_62' title='bbox 596 1304 687 1382; x_wconf 86' lang='lat' dir='ltr'><strong>pascit</strong></span> <span class='ocrx_word' id='word_1_63' title='bbox 701 1299 812 1382; x_wconf 87' lang='lat' dir='ltr'><strong>meum)</strong></span> 
     </span>
    </p>
   </div>
   <div class='ocr_carea' id='block_1_6' title="bbox 10 1443 1128 2295">
    <p class='ocr_par' dir='ltr' id='par_1_6' title="bbox 10 1443 1128 2295">
     <span class='ocr_line' id='line_1_11' title="bbox 101 1443 1125 1533; baseline 0.005 -30"><span class='ocrx_word' id='word_1_64' title='bbox 101 1461 173 1524; x_wconf 74' lang='lat' dir='ltr'><strong>que</strong></span> <span class='ocrx_word' id='word_1_65' title='bbox 191 1449 299 1506; x_wconf 87' lang='lat' dir='ltr'><strong>autem</strong></span> <span class='ocrx_word' id='word_1_66' title='bbox 314 1443 355 1508; x_wconf 84' lang='lat' dir='ltr'><strong>ad</strong></span> <span class='ocrx_word' id='word_1_67' title='bbox 368 1443 507 1532; x_wconf 79' lang='lat' dir='ltr'><strong>singulos</strong></span> <span class='ocrx_word' id='word_1_68' title='bbox 522 1445 670 1533; x_wconf 74' lang='lat' dir='ltr'><strong>pertinet,</strong></span> <span class='ocrx_word' id='word_1_69' title='bbox 687 1446 728 1510; x_wconf 84' lang='lat' dir='ltr'><strong>ad</strong></span> <span class='ocrx_word' id='word_1_70' title='bbox 744 1445 919 1519; x_wconf 83' lang='lat' dir='ltr'><strong>veritatem,</strong></span> <span class='ocrx_word' id='word_1_71' title='bbox 934 1465 997 1508; x_wconf 90' lang='lat' dir='ltr'><strong>non</strong></span> <span class='ocrx_word' id='word_1_72' title='bbox 1009 1443 1049 1508; x_wconf 84' lang='lat' dir='ltr'><strong>ed</strong></span> <span class='ocrx_word' id='word_1_73' title='bbox 1060 1446 1125 1531; x_wconf 90' lang='lat' dir='ltr'><strong>opi-</strong></span> 
     </span>
     <span class='ocr_line' id='line_1_12' title="bbox 101 1547 1125 1643; baseline 0.006 -32"><span class='ocrx_word' id='word_1_74' title='bbox 101 1547 245 1624; x_wconf 86' lang='lat' dir='ltr'><strong>nionem,</strong></span> <span class='ocrx_word' id='word_1_75' title='bbox 261 1574 319 1638; x_wconf 93' lang='lat' dir='ltr'><strong>pro</strong></span> <span class='ocrx_word' id='word_1_76' title='bbox 334 1554 453 1619; x_wconf 89' lang='lat' dir='ltr'><strong>meritis</strong></span> <span class='ocrx_word' id='word_1_77' title='bbox 470 1555 624 1643; x_wconf 87' lang='lat' dir='ltr'><strong>cujusque</strong></span> <span class='ocrx_word' id='word_1_78' title='bbox 640 1555 806 1643; x_wconf 71' lang='lat' dir='ltr'><strong>procedac</strong></span> <span class='ocrx_word' id='word_1_79' title='bbox 828 1565 939 1619; x_wconf 80' lang='lat' dir='ltr'><strong>caetera</strong></span> <span class='ocrx_word' id='word_1_80' title='bbox 955 1566 1061 1618; x_wconf 85' lang='lat' dir='ltr'><strong>autem</strong></span> <span class='ocrx_word' id='word_1_81' title='bbox 1076 1577 1125 1617; x_wconf 87' lang='lat' dir='ltr'><strong>se-</strong></span> 
     </span>
     <span class='ocr_line' id='line_1_13' title="bbox 10 1657 1126 1748; baseline 0.001 -26"><span class='ocrx_word' id='word_1_82' title='bbox 10 1737 11 1748; x_wconf 16' lang='lat'><em>*</em></span> <span class='ocrx_word' id='word_1_83' title='bbox 104 1657 247 1722; x_wconf 84' lang='lat' dir='ltr'><strong>candum</strong></span> <span class='ocrx_word' id='word_1_84' title='bbox 268 1682 470 1726; x_wconf 90' lang='lat' dir='ltr'><strong>communem</strong></span> <span class='ocrx_word' id='word_1_85' title='bbox 490 1674 610 1728; x_wconf 70' lang='lat' dir='ltr'><strong>naturus</strong></span> <span class='ocrx_word' id='word_1_86' title='bbox 630 1661 887 1726; x_wconf 87' lang='lat' dir='ltr'><strong>constitutionem</strong></span> <span class='ocrx_word' id='word_1_87' title='bbox 909 1659 977 1748; x_wconf 78' lang='lat' dir='ltr'><strong>lege</strong></span> <span class='ocrx_word' id='word_1_88' title='bbox 999 1659 1126 1725; x_wconf 84' lang='lat' dir='ltr'><strong>rationis</strong></span> 
     </span>
     <span class='ocr_line' id='line_1_14' title="bbox 10 1767 1127 1858; baseline -0.004 -22"><span class='ocrx_word' id='word_1_89' title='bbox 10 1821 11 1836; x_wconf 37' lang='lat' dir='ltr'><strong>i</strong></span> <span class='ocrx_word' id='word_1_90' title='bbox 104 1767 333 1854; x_wconf 81' lang='lat' dir='ltr'><strong>gubernentur.</strong></span> <span class='ocrx_word' id='word_1_91' title='bbox 351 1768 414 1834; x_wconf 86' lang='lat' dir='ltr'><strong>Sed</strong></span> <span class='ocrx_word' id='word_1_92' title='bbox 429 1770 501 1858; x_wconf 87' lang='lat' dir='ltr'><strong>quia</strong></span> <span class='ocrx_word' id='word_1_93' title='bbox 516 1769 665 1858; x_wconf 84' lang='lat' dir='ltr'><strong>prosectae</strong></span> <span class='ocrx_word' id='word_1_94' title='bbox 681 1793 698 1834; x_wconf 86' lang='lat' dir='ltr'><strong>a</strong></span> <span class='ocrx_word' id='word_1_95' title='bbox 714 1768 873 1834; x_wconf 84' lang='lat' dir='ltr'><strong>contrario</strong></span> <span class='ocrx_word' id='word_1_96' title='bbox 887 1768 998 1854; x_wconf 91' lang='lat' dir='ltr'><strong>spiritu</strong></span> <span class='ocrx_word' id='word_1_97' title='bbox 1010 1769 1127 1834; x_wconf 73' lang='lat' dir='ltr'><strong>demo-</strong></span> 
     </span>
     <span class='ocr_line' id='line_1_15' title="bbox 10 1875 1126 1967; baseline 0.006 -31"><span class='ocrx_word' id='word_1_98' title='bbox 10 1933 11 1936; x_wconf 63' lang='lat'>,</span> <span class='ocrx_word' id='word_1_99' title='bbox 105 1875 184 1941; x_wconf 71' lang='lat' dir='ltr'><strong>nisse</strong></span> <span class='ocrx_word' id='word_1_100' title='bbox 200 1877 355 1943; x_wconf 90' lang='lat' dir='ltr'><strong>motiones</strong></span> <span class='ocrx_word' id='word_1_101' title='bbox 370 1891 403 1943; x_wconf 88' lang='lat' dir='ltr'><strong>et</strong></span> <span class='ocrx_word' id='word_1_102' title='bbox 417 1881 614 1967; x_wconf 81' lang='lat' dir='ltr'><strong>operationes</strong></span> <span class='ocrx_word' id='word_1_103' title='bbox 626 1878 684 1943; x_wconf 91' lang='lat' dir='ltr'><strong>hos</strong></span> <span class='ocrx_word' id='word_1_104' title='bbox 696 1880 830 1966; x_wconf 88' lang='lat' dir='ltr'><strong>impetus</strong></span> <span class='ocrx_word' id='word_1_105' title='bbox 841 1875 1034 1940; x_wconf 88' lang='lat' dir='ltr'><strong>inordinatos</strong></span> <span class='ocrx_word' id='word_1_106' title='bbox 1045 1878 1126 1942; x_wconf 80' lang='lat' dir='ltr'><strong>exci-</strong></span> 
     </span>
     <span class='ocr_line' id='line_1_16' title="bbox 105 1985 1127 2074; baseline 0.002 -26"><span class='ocrx_word' id='word_1_107' title='bbox 105 1995 185 2061; x_wconf 82' lang='lat' dir='ltr'><strong>tant,</strong></span> <span class='ocrx_word' id='word_1_108' title='bbox 201 2007 240 2049; x_wconf 80' lang='lat' dir='ltr'><strong>ac</strong></span> <span class='ocrx_word' id='word_1_109' title='bbox 254 1985 396 2052; x_wconf 86' lang='lat' dir='ltr'><strong>homines</strong></span> <span class='ocrx_word' id='word_1_110' title='bbox 416 1987 512 2053; x_wconf 83' lang='lat' dir='ltr'><strong>ulium</strong></span> <span class='ocrx_word' id='word_1_111' title='bbox 527 1985 629 2061; x_wconf 80' lang='lat' dir='ltr'><strong>aliter,</strong></span> <span class='ocrx_word' id='word_1_112' title='bbox 651 1985 788 2074; x_wconf 82' lang='lat' dir='ltr'><strong>singulos</strong></span> <span class='ocrx_word' id='word_1_113' title='bbox 808 1994 839 2048; x_wconf 92' lang='lat' dir='ltr'><strong>et</strong></span> <span class='ocrx_word' id='word_1_114' title='bbox 854 1985 1013 2050; x_wconf 86' lang='lat' dir='ltr'><strong>universos</strong></span> <span class='ocrx_word' id='word_1_115' title='bbox 1028 1986 1127 2073; x_wconf 81' lang='lat' dir='ltr'><strong>prirn-</strong></span> 
     </span>
     <span class='ocr_line' id='line_1_17' title="bbox 10 2093 1127 2198; baseline 0.003 -41"><span class='ocrx_word' id='word_1_116' title='bbox 10 2171 11 2198; x_wconf 23' lang='grc'>1</span> <span class='ocrx_word' id='word_1_117' title='bbox 107 2093 163 2158; x_wconf 91' lang='lat' dir='ltr'><strong>tim</strong></span> <span class='ocrx_word' id='word_1_118' title='bbox 173 2107 207 2158; x_wconf 93' lang='lat' dir='ltr'><strong>et</strong></span> <span class='ocrx_word' id='word_1_119' title='bbox 218 2096 442 2172; x_wconf 85' lang='lat' dir='ltr'><strong>communiter,</strong></span> <span class='ocrx_word' id='word_1_120' title='bbox 456 2120 513 2185; x_wconf 85' lang='lat' dir='ltr'><strong>pro</strong></span> <span class='ocrx_word' id='word_1_121' title='bbox 525 2097 646 2162; x_wconf 85' lang='lat' dir='ltr'><strong>ratione</strong></span> <span class='ocrx_word' id='word_1_122' title='bbox 658 2097 795 2162; x_wconf 82' lang='lat' dir='ltr'><strong>materiae</strong></span> <span class='ocrx_word' id='word_1_123' title='bbox 807 2108 839 2160; x_wconf 89' lang='lat' dir='ltr'><strong>et</strong></span> <span class='ocrx_word' id='word_1_124' title='bbox 850 2095 1043 2183; x_wconf 78' lang='lat' dir='ltr'><strong>cognationis</strong></span> <span class='ocrx_word' id='word_1_125' title='bbox 1054 2119 1127 2160; x_wconf 89' lang='lat' dir='ltr'><strong>oum</strong></span> 
     </span>
     <span class='ocr_line' id='line_1_18' title="bbox 10 2203 1128 2295; baseline 0.001 -27"><span class='ocrx_word' id='word_1_126' title='bbox 10 2213 11 2220; x_wconf 77' lang='grc'>’</span> <span class='ocrx_word' id='word_1_127' title='bbox 107 2203 220 2270; x_wconf 83' lang='lat' dir='ltr'><strong>divinis</strong></span> <span class='ocrx_word' id='word_1_128' title='bbox 231 2208 338 2282; x_wconf 83' lang='lat' dir='ltr'><strong>rebus,</strong></span> <span class='ocrx_word' id='word_1_129' title='bbox 351 2207 436 2272; x_wconf 85' lang='lat' dir='ltr'><strong>intus</strong></span> <span class='ocrx_word' id='word_1_130' title='bbox 447 2219 479 2272; x_wconf 89' lang='lat' dir='ltr'><strong>et</strong></span> <span class='ocrx_word' id='word_1_131' title='bbox 490 2208 627 2272; x_wconf 85' lang='lat' dir='ltr'><strong>exterius</strong></span> <span class='ocrx_word' id='word_1_132' title='bbox 639 2217 782 2278; x_wconf 83' lang='lat' dir='ltr'><strong>movent;</strong></span> <span class='ocrx_word' id='word_1_133' title='bbox 796 2217 962 2295; x_wconf 82' lang='lat' dir='ltr'><strong>propterea</strong></span> <span class='ocrx_word' id='word_1_134' title='bbox 973 2203 1128 2279; x_wconf 88' lang='lat' dir='ltr'><strong>nonnulli,</strong></span> 
     </span>
    </p>
   </div>
   <div class='ocr_carea' id='block_1_7' title="bbox 10 2312 1129 2404">
    <p class='ocr_par' dir='ltr' id='par_1_7' title="bbox 10 2312 1129 2404">
     <span class='ocr_line' id='line_1_19' title="bbox 10 2312 1129 2404; baseline 0 -26"><span class='ocrx_word' id='word_1_135' title='bbox 10 2399 11 2404; x_wconf 8' lang='grc' dir='ltr'>ἵ</span> <span class='ocrx_word' id='word_1_136' title='bbox 107 2335 245 2399; x_wconf 89' lang='lat' dir='ltr'><strong>quorum</strong></span> <span class='ocrx_word' id='word_1_137' title='bbox 257 2337 320 2379; x_wconf 90' lang='lat' dir='ltr'><strong>non</strong></span> <span class='ocrx_word' id='word_1_138' title='bbox 337 2313 412 2380; x_wconf 84' lang='lat' dir='ltr'><strong>levis</strong></span> <span class='ocrx_word' id='word_1_139' title='bbox 423 2316 611 2380; x_wconf 82' lang='lat' dir='ltr'><strong>existimatio</strong></span> <span class='ocrx_word' id='word_1_140' title='bbox 626 2327 685 2391; x_wconf 89' lang='lat' dir='ltr'><strong>est,</strong></span> <span class='ocrx_word' id='word_1_141' title='bbox 702 2312 788 2380; x_wconf 82' lang='lat' dir='ltr'><strong>nullo</strong></span> <span class='ocrx_word' id='word_1_142' title='bbox 803 2315 912 2379; x_wconf 90' lang='lat' dir='ltr'><strong>ordine</strong></span> <span class='ocrx_word' id='word_1_143' title='bbox 927 2314 989 2378; x_wconf 91' lang='lat' dir='ltr'><strong>hoo</strong></span> <span class='ocrx_word' id='word_1_144' title='bbox 1005 2315 1129 2380; x_wconf 82' lang='lat' dir='ltr'><strong>unirer-</strong></span> 
     </span>
    </p>
   </div>
   <div class='ocr_carea' id='block_1_8' title="bbox 10 2411 1145 3160">
    <p class='ocr_par' dir='ltr' id='par_1_8' title="bbox 10 2411 1145 3160">
     <span class='ocr_line' id='line_1_20' title="bbox 10 2411 1126 2512; baseline 0.004 -30"><span class='ocrx_word' id='word_1_145' title='bbox 10 2411 11 2482; x_wconf 69' lang='lat'><em>]</em></span> <span class='ocrx_word' id='word_1_146' title='bbox 111 2443 183 2484; x_wconf 89' lang='lat' dir='ltr'><strong>sum</strong></span> <span class='ocrx_word' id='word_1_147' title='bbox 197 2422 375 2497; x_wconf 84' lang='lat' dir='ltr'><strong>consistere,</strong></span> <span class='ocrx_word' id='word_1_148' title='bbox 392 2423 447 2488; x_wconf 87' lang='lat' dir='ltr'><strong>sed</strong></span> <span class='ocrx_word' id='word_1_149' title='bbox 463 2447 538 2490; x_wconf 87' lang='lat' dir='ltr'><strong>cesu</strong></span> <span class='ocrx_word' id='word_1_150' title='bbox 554 2424 721 2489; x_wconf 86' lang='lat' dir='ltr'><strong>temerario</strong></span> <span class='ocrx_word' id='word_1_151' title='bbox 736 2425 784 2512; x_wconf 76' lang='lat' dir='ltr'><strong>agi</strong></span> <span class='ocrx_word' id='word_1_152' title='bbox 796 2436 827 2487; x_wconf 90' lang='lat' dir='ltr'><strong>et</strong></span> <span class='ocrx_word' id='word_1_153' title='bbox 842 2424 914 2488; x_wconf 82' lang='lat' dir='ltr'><strong>ferri</strong></span> <span class='ocrx_word' id='word_1_154' title='bbox 926 2436 1126 2490; x_wconf 86' lang='lat' dir='ltr'><strong>censuerunt.</strong></span> 
     </span>
     <span class='ocr_line' id='line_1_21' title="bbox 10 2527 1145 2618; baseline 0.004 -28"><span class='ocrx_word' id='word_1_155' title='bbox 10 2599 11 2616; x_wconf 12' lang='grc' dir='ltr'>χ</span> <span class='ocrx_word' id='word_1_156' title='bbox 110 2527 149 2591; x_wconf 87' lang='lat' dir='ltr'><strong>Ia</strong></span> <span class='ocrx_word' id='word_1_157' title='bbox 171 2551 233 2615; x_wconf 84' lang='lat' dir='ltr'><strong>qno</strong></span> <span class='ocrx_word' id='word_1_158' title='bbox 251 2551 311 2596; x_wconf 89' lang='lat' dir='ltr'><strong>non</strong></span> <span class='ocrx_word' id='word_1_159' title='bbox 330 2531 489 2607; x_wconf 82' lang='lat' dir='ltr'><strong>viderunt,</strong></span> <span class='ocrx_word' id='word_1_160' title='bbox 509 2553 548 2596; x_wconf 87' lang='lat' dir='ltr'><strong>ex</strong></span> <span class='ocrx_word' id='word_1_161' title='bbox 566 2533 602 2597; x_wconf 89' lang='lat' dir='ltr'><strong>iis</strong></span> <span class='ocrx_word' id='word_1_162' title='bbox 620 2531 748 2618; x_wconf 89' lang='lat' dir='ltr'><strong>quidem</strong></span> <span class='ocrx_word' id='word_1_163' title='bbox 766 2555 835 2618; x_wconf 82' lang='lat' dir='ltr'><strong>quae</strong></span> <span class='ocrx_word' id='word_1_164' title='bbox 852 2531 893 2594; x_wconf 86' lang='lat' dir='ltr'><strong>ed</strong></span> <span class='ocrx_word' id='word_1_165' title='bbox 910 2531 1004 2596; x_wconf 88' lang='lat' dir='ltr'><strong>totius</strong></span> <span class='ocrx_word' id='word_1_166' title='bbox 1020 2531 1145 2608; x_wconf 45' lang='lat' dir='ltr'><strong>mundi,</strong></span> 
     </span>
     <span class='ocr_line' id='line_1_22' title="bbox 10 2623 1132 2725; baseline 0 -23"><span class='ocrx_word' id='word_1_167' title='bbox 10 2623 11 2644; x_wconf 48' lang='lat'>¹</span> <span class='ocrx_word' id='word_1_168' title='bbox 109 2636 368 2704; x_wconf 79' lang='lat' dir='ltr'><strong>constitutionem</strong></span> <span class='ocrx_word' id='word_1_169' title='bbox 379 2641 525 2715; x_wconf 85' lang='lat' dir='ltr'><strong>attinent,</strong></span> <span class='ocrx_word' id='word_1_170' title='bbox 542 2639 620 2705; x_wconf 84' lang='lat' dir='ltr'><strong>nihit</strong></span> <span class='ocrx_word' id='word_1_171' title='bbox 636 2640 848 2704; x_wconf 85' lang='lat' dir='ltr'><strong>inordinatum</strong></span> <span class='ocrx_word' id='word_1_172' title='bbox 863 2661 929 2702; x_wconf 88' lang='lat' dir='ltr'><strong>esse</strong></span> <span class='ocrx_word' id='word_1_173' title='bbox 941 2651 995 2702; x_wconf 88' lang='lat' dir='ltr'><strong>aut</strong></span> <span class='ocrx_word' id='word_1_174' title='bbox 1010 2637 1132 2725; x_wconf 79' lang='lat' dir='ltr'><strong>neglec-</strong></span> 
     </span>
     <span class='ocr_line' id='line_1_23' title="bbox 10 2735 1131 2838; baseline 0 -29"><span class='ocrx_word' id='word_1_175' title='bbox 10 2735 11 2738; x_wconf 30' lang='lat'>&#39;</span> <span class='ocrx_word' id='word_1_176' title='bbox 110 2758 192 2821; x_wconf 63' lang='lat' dir='ltr'><strong>tum,</strong></span> <span class='ocrx_word' id='word_1_177' title='bbox 209 2748 263 2812; x_wconf 88' lang='lat' dir='ltr'><strong>sed</strong></span> <span class='ocrx_word' id='word_1_178' title='bbox 279 2749 540 2838; x_wconf 89' lang='lat' dir='ltr'><strong>unumquodque</strong></span> <span class='ocrx_word' id='word_1_179' title='bbox 558 2751 678 2815; x_wconf 81' lang='lat' dir='ltr'><strong>ratione</strong></span> <span class='ocrx_word' id='word_1_180' title='bbox 694 2747 774 2822; x_wconf 89' lang='lat' dir='ltr'><strong>fieri,</strong></span> <span class='ocrx_word' id='word_1_181' title='bbox 794 2745 876 2812; x_wconf 91' lang='lat' dir='ltr'><strong>unde</strong></span> <span class='ocrx_word' id='word_1_182' title='bbox 891 2769 952 2810; x_wconf 90' lang='lat' dir='ltr'><strong>nec</strong></span> <span class='ocrx_word' id='word_1_183' title='bbox 966 2747 1131 2834; x_wconf 87' lang='lat' dir='ltr'><strong>praescrip-</strong></span> 
     </span>
     <span class='ocr_line' id='line_1_24' title="bbox 10 2856 1131 2948; baseline 0.002 -29"><span class='ocrx_word' id='word_1_184' title='bbox 10 2867 11 2880; x_wconf 31' lang='lat' dir='ltr'><strong>t</strong></span> <span class='ocrx_word' id='word_1_185' title='bbox 111 2867 179 2920; x_wconf 89' lang='lat' dir='ltr'><strong>tum</strong></span> <span class='ocrx_word' id='word_1_186' title='bbox 190 2856 249 2921; x_wconf 89' lang='lat' dir='ltr'><strong>sibi</strong></span> <span class='ocrx_word' id='word_1_187' title='bbox 260 2859 403 2923; x_wconf 87' lang='lat' dir='ltr'><strong>ordinem</strong></span> <span class='ocrx_word' id='word_1_188' title='bbox 415 2859 688 2948; x_wconf 83' lang='lat' dir='ltr'><strong>transgrediuntur</strong></span> <span class='ocrx_word' id='word_1_189' title='bbox 702 2882 710 2922; x_wconf 90' lang='lat'><strong>:</strong></span> <span class='ocrx_word' id='word_1_190' title='bbox 727 2857 888 2922; x_wconf 90' lang='lat' dir='ltr'><strong>hominem</strong></span> <span class='ocrx_word' id='word_1_191' title='bbox 900 2867 1019 2930; x_wconf 78' lang='lat' dir='ltr'><strong>eutem,</strong></span> <span class='ocrx_word' id='word_1_192' title='bbox 1035 2879 1131 2942; x_wconf 86' lang='lat' dir='ltr'><strong>quun-</strong></span> 
     </span>
     <span class='ocr_line' id='line_1_25' title="bbox 113 2963 1131 3055; baseline 0.003 -28"><span class='ocrx_word' id='word_1_193' title='bbox 113 2975 181 3028; x_wconf 90' lang='lat' dir='ltr'><strong>tum</strong></span> <span class='ocrx_word' id='word_1_194' title='bbox 199 2963 332 3030; x_wconf 87' lang='lat' dir='ltr'><strong>adeum</strong></span> <span class='ocrx_word' id='word_1_195' title='bbox 353 2990 370 3031; x_wconf 83' lang='lat' dir='ltr'><strong>e</strong></span> <span class='ocrx_word' id='word_1_196' title='bbox 393 2991 457 3055; x_wconf 89' lang='lat' dir='ltr'><strong>quo</strong></span> <span class='ocrx_word' id='word_1_197' title='bbox 480 2968 581 3034; x_wconf 82' lang='lat' dir='ltr'><strong>suctus</strong></span> <span class='ocrx_word' id='word_1_198' title='bbox 604 2979 651 3030; x_wconf 88' lang='lat' dir='ltr'><strong>est</strong></span> <span class='ocrx_word' id='word_1_199' title='bbox 678 2978 811 3054; x_wconf 82' lang='lat' dir='ltr'><strong>spectet,</strong></span> <span class='ocrx_word' id='word_1_200' title='bbox 835 2976 903 3029; x_wconf 91' lang='lat' dir='ltr'><strong>tum</strong></span> <span class='ocrx_word' id='word_1_201' title='bbox 924 2965 1131 3053; x_wconf 84' lang='lat' dir='ltr'><strong>generationis</strong></span> 
     </span>
     <span class='ocr_line' id='line_1_26' title="bbox 112 3074 1132 3160; baseline 0.002 -24"><span class='ocrx_word' id='word_1_202' title='bbox 112 3083 237 3148; x_wconf 84' lang='lat' dir='ltr'><strong>nature,</strong></span> <span class='ocrx_word' id='word_1_203' title='bbox 258 3097 327 3160; x_wconf 83' lang='lat' dir='ltr'><strong>quae</strong></span> <span class='ocrx_word' id='word_1_204' title='bbox 348 3097 444 3141; x_wconf 87' lang='lat' dir='ltr'><strong>unam</strong></span> <span class='ocrx_word' id='word_1_205' title='bbox 465 3086 496 3140; x_wconf 90' lang='lat' dir='ltr'><strong>et</strong></span> <span class='ocrx_word' id='word_1_206' title='bbox 517 3097 721 3140; x_wconf 87' lang='lat' dir='ltr'><strong>communem</strong></span> <span class='ocrx_word' id='word_1_207' title='bbox 741 3074 893 3138; x_wconf 87' lang='lat' dir='ltr'><strong>rationem</strong></span> <span class='ocrx_word' id='word_1_208' title='bbox 913 3074 1039 3147; x_wconf 89' lang='lat' dir='ltr'><strong>retinet,</strong></span> <span class='ocrx_word' id='word_1_209' title='bbox 1063 3086 1132 3138; x_wconf 90' lang='lat' dir='ltr'><strong>tum</strong></span> 
     </span>
    </p>
   </div>
   <div class='ocr_carea' id='block_1_9' title="bbox 10 3181 1136 3272">
    <p class='ocr_par' dir='ltr' id='par_1_9' title="bbox 10 3181 1136 3272">
     <span class='ocr_line' id='line_1_27' title="bbox 10 3181 1136 3272; baseline -0.005 -23"><span class='ocrx_word' id='word_1_210' title='bbox 10 3213 11 3256; x_wconf 65' lang='lat'>3</span> <span class='ocrx_word' id='word_1_211' title='bbox 111 3183 266 3272; x_wconf 86' lang='lat' dir='ltr'><strong>eorporis,</strong></span> <span class='ocrx_word' id='word_1_212' title='bbox 286 3183 372 3270; x_wconf 86' lang='lat' dir='ltr'><strong>quod</strong></span> <span class='ocrx_word' id='word_1_213' title='bbox 391 3185 556 3259; x_wconf 82' lang='lat' dir='ltr'><strong>formatur,</strong></span> <span class='ocrx_word' id='word_1_214' title='bbox 578 3181 792 3270; x_wconf 87' lang='lat' dir='ltr'><strong>dispositione,</strong></span> <span class='ocrx_word' id='word_1_215' title='bbox 813 3204 882 3268; x_wconf 70' lang='lat' dir='ltr'><strong>quse</strong></span> <span class='ocrx_word' id='word_1_216' title='bbox 896 3181 1136 3247; x_wconf 86' lang='lat' dir='ltr'><strong>convenientem</strong></span> 
     </span>
    </p>
   </div>
   <div class='ocr_carea' id='block_1_10' title="bbox 112 3290 1138 3918">
    <p class='ocr_par' dir='ltr' id='par_1_10' title="bbox 112 3290 1138 3815">
     <span class='ocr_line' id='line_1_28' title="bbox 112 3290 1135 3382; baseline 0 -28"><span class='ocrx_word' id='word_1_217' title='bbox 112 3292 171 3380; x_wconf 90' lang='lat' dir='ltr'><strong>ipsi</strong></span> <span class='ocrx_word' id='word_1_218' title='bbox 191 3290 293 3380; x_wconf 78' lang='lat' dir='ltr'><strong>legem</strong></span> <span class='ocrx_word' id='word_1_219' title='bbox 313 3317 375 3358; x_wconf 89' lang='lat' dir='ltr'><strong>non</strong></span> <span class='ocrx_word' id='word_1_220' title='bbox 396 3293 636 3382; x_wconf 84' lang='lat' dir='ltr'><strong>transgreditur,</strong></span> <span class='ocrx_word' id='word_1_221' title='bbox 658 3304 726 3356; x_wconf 89' lang='lat' dir='ltr'><strong>tum</strong></span> <span class='ocrx_word' id='word_1_222' title='bbox 745 3292 814 3356; x_wconf 85' lang='lat' dir='ltr'><strong>vitae</strong></span> <span class='ocrx_word' id='word_1_223' title='bbox 832 3291 930 3364; x_wconf 85' lang='lat' dir='ltr'><strong>exitu,</strong></span> <span class='ocrx_word' id='word_1_224' title='bbox 953 3291 1005 3376; x_wconf 89' lang='lat' dir='ltr'><strong>qui</strong></span> <span class='ocrx_word' id='word_1_225' title='bbox 1027 3311 1084 3376; x_wconf 86' lang='lat' dir='ltr'><strong>par</strong></span> <span class='ocrx_word' id='word_1_226' title='bbox 1102 3301 1135 3354; x_wconf 91' lang='lat' dir='ltr'><strong>ct</strong></span> 
     </span>
     <span class='ocr_line' id='line_1_29' title="bbox 112 3398 1134 3486; baseline -0.005 -20"><span class='ocrx_word' id='word_1_227' title='bbox 112 3402 292 3466; x_wconf 77' lang='lat' dir='ltr'><strong>comunis</strong></span> <span class='ocrx_word' id='word_1_228' title='bbox 311 3415 429 3478; x_wconf 87' lang='lat' dir='ltr'><strong>manet,</strong></span> <span class='ocrx_word' id='word_1_229' title='bbox 449 3402 590 3468; x_wconf 86' lang='lat' dir='ltr'><strong>ordinate</strong></span> <span class='ocrx_word' id='word_1_230' title='bbox 611 3425 645 3466; x_wconf 88' lang='lat' dir='ltr'><strong>se</strong></span> <span class='ocrx_word' id='word_1_231' title='bbox 663 3401 795 3471; x_wconf 86' lang='lat' dir='ltr'><strong>habere;</strong></span> <span class='ocrx_word' id='word_1_232' title='bbox 817 3413 850 3464; x_wconf 84' lang='lat' dir='ltr'><strong>ut</strong></span> <span class='ocrx_word' id='word_1_233' title='bbox 868 3398 1042 3464; x_wconf 90' lang='lat' dir='ltr'><strong>secundum</strong></span> <span class='ocrx_word' id='word_1_234' title='bbox 1058 3421 1134 3486; x_wconf 90' lang='lat' dir='ltr'><strong>pro-</strong></span> 
     </span>
     <span class='ocr_line' id='line_1_30' title="bbox 113 3510 1136 3599; baseline 0 -25"><span class='ocrx_word' id='word_1_235' title='bbox 113 3511 216 3598; x_wconf 83' lang='lat' dir='ltr'><strong>priam</strong></span> <span class='ocrx_word' id='word_1_236' title='bbox 237 3512 333 3599; x_wconf 84' lang='lat' dir='ltr'><strong>ipsius</strong></span> <span class='ocrx_word' id='word_1_237' title='bbox 355 3514 521 3587; x_wconf 83' lang='lat' dir='ltr'><strong>rationem,</strong></span> <span class='ocrx_word' id='word_1_238' title='bbox 544 3524 576 3578; x_wconf 89' lang='lat' dir='ltr'><strong>et</strong></span> <span class='ocrx_word' id='word_1_239' title='bbox 595 3511 784 3576; x_wconf 88' lang='lat' dir='ltr'><strong>dominantis</strong></span> <span class='ocrx_word' id='word_1_240' title='bbox 801 3510 963 3598; x_wconf 90' lang='lat' dir='ltr'><strong>principis,</strong></span> <span class='ocrx_word' id='word_1_241' title='bbox 985 3516 1017 3572; x_wconf 89' lang='lat' dir='ltr'><strong>et</strong></span> <span class='ocrx_word' id='word_1_242' title='bbox 1038 3531 1136 3574; x_wconf 85' lang='lat' dir='ltr'><strong>ossec-</strong></span> 
     </span>
     <span class='ocr_line' id='line_1_31' title="bbox 114 3617 1138 3710; baseline -0.002 -26"><span class='ocrx_word' id='word_1_243' title='bbox 114 3620 251 3684; x_wconf 87' lang='lat' dir='ltr'><strong>tantium</strong></span> <span class='ocrx_word' id='word_1_244' title='bbox 263 3621 444 3688; x_wconf 73' lang='lat' dir='ltr'><strong>demonum</strong></span> <span class='ocrx_word' id='word_1_245' title='bbox 458 3622 673 3710; x_wconf 87' lang='lat' dir='ltr'><strong>operationem</strong></span> <span class='ocrx_word' id='word_1_246' title='bbox 684 3621 776 3685; x_wconf 82' lang='lat' dir='ltr'><strong>variis</strong></span> <span class='ocrx_word' id='word_1_247' title='bbox 788 3620 887 3684; x_wconf 86' lang='lat' dir='ltr'><strong>modis</strong></span> <span class='ocrx_word' id='word_1_248' title='bbox 902 3617 975 3683; x_wconf 84' lang='lat' dir='ltr'><strong>ferri</strong></span> <span class='ocrx_word' id='word_1_249' title='bbox 991 3629 1024 3682; x_wconf 90' lang='lat' dir='ltr'><strong>et</strong></span> <span class='ocrx_word' id='word_1_250' title='bbox 1034 3641 1138 3683; x_wconf 79' lang='lat' dir='ltr'><strong>nrovo-</strong></span> 
     </span>
     <span class='ocr_line' id='line_1_32' title="bbox 113 3727 1113 3815; baseline 0.002 -25"><span class='ocrx_word' id='word_1_251' title='bbox 113 3727 155 3802; x_wconf 90' lang='lat' dir='ltr'><strong>ri,</strong></span> <span class='ocrx_word' id='word_1_252' title='bbox 167 3730 310 3815; x_wconf 83' lang='lat' dir='ltr'><strong>quamvis</strong></span> <span class='ocrx_word' id='word_1_253' title='bbox 322 3730 501 3796; x_wconf 87' lang='lat' dir='ltr'><strong>eommunis</strong></span> <span class='ocrx_word' id='word_1_254' title='bbox 512 3730 585 3794; x_wconf 87' lang='lat' dir='ltr'><strong>insit</strong></span> <span class='ocrx_word' id='word_1_255' title='bbox 597 3730 745 3794; x_wconf 88' lang='lat' dir='ltr'><strong>omnibus</strong></span> <span class='ocrx_word' id='word_1_256' title='bbox 755 3727 961 3794; x_wconf 78' lang='lat' dir='ltr'><strong>ratiocinandi</strong></span> <span class='ocrx_word' id='word_1_257' title='bbox 972 3727 1113 3793; x_wconf 80' lang='lat' dir='ltr'><strong>facultas.</strong></span> 
     </span>
    </p>

    <p class='ocr_par' dir='ltr' id='par_1_11' title="bbox 160 3835 1138 3918">
     <span class='ocr_line' id='line_1_33' title="bbox 160 3835 1138 3918; baseline -0.002 -16"><span class='ocrx_word' id='word_1_258' title='bbox 160 3835 279 3904; x_wconf 87' lang='lat' dir='ltr'><strong>XXVI.</strong></span> <span class='ocrx_word' id='word_1_259' title='bbox 306 3839 370 3918; x_wconf 91' lang='lat' dir='ltr'><strong>Qui</strong></span> <span class='ocrx_word' id='word_1_260' title='bbox 392 3852 498 3906; x_wconf 85' lang='lat' dir='ltr'><strong>autem</strong></span> <span class='ocrx_word' id='word_1_261' title='bbox 521 3863 575 3905; x_wconf 90' lang='lat' dir='ltr'><strong>eos</strong></span> <span class='ocrx_word' id='word_1_262' title='bbox 597 3840 637 3906; x_wconf 88' lang='lat' dir='ltr'><strong>ad</strong></span> <span class='ocrx_word' id='word_1_263' title='bbox 660 3839 825 3906; x_wconf 86' lang='lat' dir='ltr'><strong>simulacra</strong></span> <span class='ocrx_word' id='word_1_264' title='bbox 847 3837 986 3912; x_wconf 79' lang='lat' dir='ltr'><strong>trahunt,</strong></span> <span class='ocrx_word' id='word_1_265' title='bbox 1011 3838 1031 3902; x_wconf 91' lang='lat' dir='ltr'><strong>ii</strong></span> <span class='ocrx_word' id='word_1_266' title='bbox 1053 3848 1138 3910; x_wconf 87' lang='lat' dir='ltr'><strong>sunt,</strong></span> 
     </span>
    </p>
   </div>
   <div class='ocr_carea' id='block_1_11' title="bbox 0 0 1429 4610">
    <p class='ocr_par' dir='ltr' id='par_1_12' title="bbox 0 0 1429 4610">
     <span class='ocr_line' id='line_1_34' title="bbox 0 0 1429 4610; baseline 0 0"><span class='ocrx_word' id='word_1_267' title='bbox 0 0 1429 4610; x_wconf 95' lang='lat' dir='ltr'><strong> </strong></span> 
     </span>
    </p>
   </div>
  </div>
 </body>
</html>
