2772 4620
305 329 453 376 orsoenos
476 330 538 377 con
562 331 724 376 rurrsoss
746 333 860 380 tonso.
1032 311 1094 377 515

84 435 304 524 centem,qui
313 434 519 502 ambulabant
529 436 563 499 in
574 435 622 500 via
631 457 695 500 non
705 437 803 511 bons,
816 437 873 503 sed
883 447 954 528 post
968 450 1096 526 peecata

1 538 14 646 ’ξ
36 529 63 602 ”·
86 569 169 612 sna.
184 544 322 634 Populus
333 555 382 610 est
395 544 449 631 qni
460 543 627 613 exaoerbat
640 567 691 610 me
704 544 736 610 in
753 557 923 636 conspeetu
936 546 1038 612 mee¹.
1055 575 1068 610 s

111 649 222 720 XXV.
238 650 412 718 Nobiscum
426 646 475 713 vel
489 646 653 736 paululum
666 647 834 718 loeietiasn
848 651 1097 718 hereditatem*
1151 719 1155 728 „

8 755 24 842 J
53 759 182 844 cipere
191 753 569 844 isticupientquiseipsos
576 751 760 839 justifiosnt,
772 777 867 842 saque
876 754 1097 822 slioessrahae

3 850 37 885 ³
52 889 145 931 esse
169 865 280 930 dicunt
299 887 307 927 ε
329 860 592 950 quemadmodum
612 883 670 948 por
690 861 813 928 Esaiam
829 863 943 930 elamat
962 863 1096 952 Spiritus

4 972 13 1062 J
53 983 217 1047 sanstus,
234 969 319 1037 velut
333 991 371 1034 ex
384 991 515 1058 persona
525 985 637 1036 eorum
651 969 697 1035 sio
712 967 842 1058 loquens
854 994 863 1034 ι
880 972 1096 1038 «Convertere

24 1065 78 1140 ἰι
99 1081 145 1144 de
161 1077 254 1152 coelo,
267 1087 299 1142 et
309 1077 379 1140 vide
391 1076 431 1140 do
445 1075 539 1139 domo
550 1074 717 1139 sanctuarii
730 1075 788 1150 tui,
801 1087 833 1141 et
843 1075 958 1164 glorioe.
976 1077 1034 1142 Ubi
1048 1089 1097 1142 est
1222 1141 1225 1146 .

55 1211 75 1244 s
98 1181 188 1248 zelus
210 1191 295 1253 tuus,
313 1188 345 1252 et
365 1175 539 1244 tortitudo?
554 1175 613 1244 Ubi
621 1168 677 1244 'ast
691 1177 863 1247 multitado
877 1179 1098 1246 misericordias

56 1321 75 1352 s
102 1302 180 1365 tun,
195 1289 268 1376 qnia
282 1286 457 1354 sustinuisti
472 1307 541 1361 nos,
555 1284 699 1355 Domine.
718 1283 768 1350 Tu
781 1286 868 1352 enim
883 1311 916 1353 es
927 1299 1015 1375 pater
1026 1311 1098 1354 uos-

1 1387 35 1428 ³·²·
56 1428 77 1461 ι
100 1409 171 1467 ter:
187 1397 258 1486 quis
269 1395 430 1463 Abraham
441 1415 505 1460 non
518 1393 665 1481 cognovit
676 1392 898 1467 mensurant
910 1416 976 1460 noa
988 1416 1101 1482 cogno-

7 1501 22 1538 ⁷:
57 1537 76 1568 s
97 1507 145 1572 vit
159 1527 226 1572 nos.
248 1502 311 1568 Sed
325 1513 373 1576 tu,
386 1499 520 1578 Domine
535 1509 625 1590 pater
639 1509 760 1576 noster,
776 1497 875 1568 libera
888 1523 966 1566 nos:
983 1519 1001 1564 ι
1015 1501 1101 1588 prin-

1 1612 34 1650 '³·
59 1641 78 1676 ι
99 1613 183 1705 cipio
201 1632 317 1678 nomen
342 1619 436 1679 tuum
459 1591 630 1694 supernos
649 1616 706 1672 est.
732 1605 839 1684 Quare
859 1607 1009 1672 seduxisti
1030 1630 1099 1682 nos,

14 1723 19 1758 '·
59 1747 78 1779 ι
97 1718 249 1794 Domine,
265 1715 304 1788 de
316 1714 366 1780 via
379 1711 455 1784 tuni
467 1710 619 1778 indurasti
631 1711 727 1782 oottda
740 1723 858 1786 nostra,
871 1736 912 1779 ne
921 1714 1101 1778 timeremus

5 1863 16 1870 -
61 1853 79 1885 s
100 1824 156 1888 tel
172 1823 364 1888 Convertere
378 1829 509 1912 propter
525 1839 630 1892 servos
645 1829 729 1894 tuos,
745 1828 874 1906 propter
888 1820 990 1887 tribus
1001 1820 1100 1902 here·

63 1961 81 1992 s
103 1929 211 1996 ditatis
223 1939 285 2010 tnae
300 1951 307 1992 ι
323 1937 358 1991 ut
368 1925 531 1995 modinum
542 1923 723 1992 hereditate
736 1925 926 2016 accipiamus
941 1927 981 1990 de
995 1939 1101 1994 monte

9 2053 12 2056 ·
66 2065 84 2096 »
101 2043 214 2100 saneto
229 2053 297 2096 sno.
314 2029 404 2098 Facti
420 2052 526 2096 sumus
546 2030 634 2116 quasi
649 2053 666 2096 u
682 2031 848 2118 principio,
872 2054 945 2100 cum
962 2055 1028 2098 non
1043 2034 1101 2096 do-

1 2191 7 2198 .
67 2171 84 2202 s
102 2139 269 2206 minareris
285 2138 395 2212 nostri,
409 2158 511 2222 ιιοφιο
523 2136 707 2204 invocatum
717 2148 799 2202 esset
814 2158 930 2208 nomen
942 2151 1033 2206 tuum
1046 2163 1100 2206 su-

7 2273 13 2280 ·
68 2280 84 2312 »
98 2271 160 2340 per
175 2269 241 2313 nos.
259 2245 297 2310 Si
317 2244 478 2342 aperueris
496 2241 624 2320 coelum,
649 2255 768 2324 tremor
786 2247 1000 2334 apprehendet
1017 2271 1056 2312 ex
1069 2259 1100 2314 ts

2 2411 9 2418 ,,
67 2388 83 2420 s
98 2367 241 2430 montes3
262 2364 296 2418 et
310 2352 498 2442 liquescent,
518 2352 601 2419 sieut
617 2374 689 2425 oeno
708 2376 726 2418 a
744 2353 823 2422 faeie
838 2355 917 2442 ignis
930 2354 1097 2444 liquescit:

1 2517 2 2525 ,
69 2495 86 2526 »
100 2477 135 2529 et
151 2465 314 2531 comburet
330 2462 410 2550 ignis
424 2461 631 2534 adversarios,
648 2471 680 2526 et
695 2459 895 2530 menifestum
909 2463 969 2529 orit
983 2484 1099 2529 nomen
1114 2509 1118 2514 ·

72 2602 88 2636 ι
105 2583 198 2638 tuum
212 2573 243 2636 in
255 2569 457 2636 adversariis:
472 2569 580 2638 aiacis
594 2580 648 2634 tua
659 2581 769 2656 gentes
781 2571 1002 2640 turbabuntur.
1018 2573 1100 2637 Cum

70 2709 86 2746 s
101 2679 214 2745 leceris
229 2676 376 2768 gloriosa,
392 2688 511 2743 tremor
524 2676 743 2765 apprehendet
756 2700 795 2742 en
811 2687 842 2742 te
855 2690 992 2752 montes,
1009 2679 1101 2746 sss-

70 2817 85 2850 »
101 2786 175 2854 culo
190 2809 255 2854 non
270 2786 446 2855 audirimus
461 2808 470 2848 a
488 2807 592 2871 nequo
611 2782 696 2855 oculi
714 2785 814 2856 nostri
836 2785 982 2850 viderunt
998 2785 1100 2850 Deum

70 2905 212 2986 »pra-ter
226 2903 274 2988 te,
288 2904 321 2959 et
337 2913 431 2982 opera
448 2903 516 2966 tus,
538 2914 609 2978 quae
624 2889 731 2965 socies,
749 2913 864 2978 nempe
882 2893 1100 2978 penitentiam

70 3035 84 3066 ι
101 3002 280 3090 agentibus,
291 2999 548 3066 misericordiam.
560 2997 917 3072 Ooourretfaoienlibus
929 2999 1096 3084 justitiam:
1177 3047 1180 3054 ,

72 3140 86 3170 ι
102 3121 136 3173 et
146 3110 269 3174 riorum
280 3117 403 3178 tuarum
411 3104 672 3170 recordabuntur.
688 3103 772 3173 Eece
784 3113 819 3168 tu
830 3103 927 3170 iratus
938 3128 989 3170 es:
1000 3117 1031 3172 et
1042 3129 1100 3172 nas

73 3247 87 3280 a
104 3213 316 3306 peccavimus.
331 3213 459 3280 idcireo
472 3211 657 3285 erravimus,
670 3220 702 3275 st
718 3209 791 3282 sacti
806 3233 913 3279 sumus
930 3215 1020 3300 quasi
1039 3215 1100 3279 im-

72 3353 86 3386 »
102 3320 217 3388 mundi
232 3321 352 3393 omnes',
365 3329 397 3382 et
411 3329 446 3384 ut
455 3339 577 3406 ponnus
588 3316 724 3385 sedentis
736 3318 838 3388 omnis
849 3317 967 3407 justitia
978 3331 1096 3384 nostra.

72 3463 85 3496 ι
100 3433 140 3498 Et
147 3427 338 3497 defluximus
346 3425 433 3512 quasi
441 3423 647 3513 foliaprapter
654 3424 830 3511 iniquitates
836 3437 971 3500 nostras,
979 3427 1024 3493 sie
1030 3449 1102 3492 ron-

73 3569 85 3598 »
101 3549 152 3606 tus
163 3535 287 3604 auferet
298 3555 355 3598 nos
368 3556 377 3596 ε
391 3543 423 3598 et
434 3553 497 3597 non
509 3541 556 3596 est
567 3532 621 3618 qui
631 3532 757 3599 invocet
767 3545 994 3608 nomentum,
1003 3545 1035 3601 et
1045 3535 1099 3624 qui

74 3677 87 3710 ι
102 3644 284 3710 reeordatus
295 3639 512 3732 apprehendat
523 3649 555 3704 te
567 3660 576 3702 ι
587 3637 734 3726 quonium
746 3639 1001 3708 avertistiiaeism
1013 3651 1098 3708 tuam

75 3751 239 3824 sanabis,
262 3760 294 3815 et
313 3746 469 3816 tradidisti
489 3769 547 3814 nos
565 3758 693 3835 propter
713 3757 840 3833 peccata
859 3759 972 3818 nostra.
994 3752 1096 3820 Etiam

108 3879 117 3912 ¹
127 3877 192 3926 listi.
203 3891 258 3934 ιιι,
273 3893 292 3923 ι.
