2772 4610
336 215 401 288 560
634 248 748 291 sinsus
769 247 885 290 sossius
906 245 1061 290 ussurus

216 365 225 376 ·
334 373 447 418 omnes
460 353 656 429 mussent,
672 353 736 419 dixi
750 375 810 443 ogo
823 375 831 416 ι
849 351 906 420 illo
920 354 1017 420 etiam
1029 352 1184 442 Scripturas
1195 357 1299 420 tostino«

334 459 400 535 nis,
420 459 454 528 in
469 461 585 549 quibus
599 473 746 528 narratur
761 462 921 550 quomodo
935 461 966 526 ei
984 460 1108 528 fratrom
1124 462 1197 530 Esau
1207 460 1298 552 iugieoi

333 570 515 658 apperuerit
533 567 586 648 ills
603 583 637 636 ot
656 568 786 660 angelus
806 583 839 636 at
856 570 943 638 Deus
962 583 995 636 st
1014 571 1174 648 Dominus,
1187 573 1231 658 qui
1243 573 1297 640 etit

330 679 435 767 spania
457 676 515 744 viri
533 679 670 746 Abosbae
689 680 773 746 visus
790 693 823 748 et
837 680 871 746 in
890 681 998 770 speeie
1014 680 1142 746 hominis
1154 703 1218 748 oum
1232 679 1296 746 tuot

330 783 480 861 luototus.
501 808 630 854 neeesse
651 809 719 854 esso
741 786 829 854 vobis
849 785 969 854 rofense
983 788 1117 854 arbitror
1133 810 1141 851 :
1157 800 1297 856 suntautsn

329 893 507 982 ejusmodi:
520 895 586 960 «Et
599 895 785 964 sxiitJaoob
800 920 818 963 a
833 907 930 986 putoo
944 895 1120 962 Jurnmonti
1130 918 1138 960 ε
1150 909 1179 963 st
1188 897 1297 986 profesto

253 1031 268 1050 ·⁴
330 1031 343 1064 s
357 1013 406 1068 est
426 1002 460 1068 in
481 1001 645 1068 Chai-ran:
664 1015 697 1069 et
716 1004 801 1070 veuit
814 1005 855 1071 ad
869 1003 1042 1091 quemdam
1056 1001 1166 1078 locum,
1180 1014 1208 1068 et
1219 1003 1297 1068 dorni

330 1138 344 1174 s
358 1111 404 1178 vit
419 1111 479 1184 ibis
494 1112 656 1180 occiderat
669 1113 756 1179 onim
776 1112 823 1178 sol
840 1135 849 1176 ε
864 1125 897 1178 et
907 1113 1042 1201 sumpsit
1055 1135 1094 1178 ex
1106 1110 1238 1201 lapidibus
1249 1111 1296 1186 ioci,

330 1247 343 1280 s
358 1231 391 1284 ot
405 1219 511 1308 posuit
525 1221 566 1286 od
584 1231 680 1309 eaput
690 1241 782 1286 suum
796 1242 804 1284 ε
820 1231 852 1286 st
869 1220 1019 1288 dormivit
1030 1220 1063 1287 in
1074 1219 1140 1287 loeo
1151 1218 1207 1295 ilio,
1217 1231 1298 1286 etson
1313 1211 1314 1214 ¹

330 1357 343 1390 s
360 1329 466 1396 nisiit.
489 1331 529 1396 Et
545 1353 622 1398 eoos
638 1329 723 1396 scala
739 1329 874 1398 stabilito
890 1354 988 1421 super
1007 1344 1133 1407 terram,
1151 1331 1227 1418 eujus
1238 1343 1297 1416 caput
1314 1407 1315 1416 ἶ

329 1439 555 1528 »pertingebat
571 1439 614 1506 od
629 1438 759 1515 omium,
771 1453 804 1506 et
819 1438 921 1529 angeli
939 1441 1000 1506 Dei
1014 1440 1210 1508 ascendebant
1223 1449 1246 1502 et
1257 1438 1297 1502 des

329 1548 534 1616 »condebant
551 1549 584 1616 in
600 1572 649 1616 es.
665 1551 707 1616 Et
720 1549 876 1617 Dominus
891 1537 1098 1618 incumbebat
1111 1557 1298 1638 superesntot

329 1656 461 1723 »disits
486 1659 553 1746 Ego
574 1679 646 1722 sum
669 1657 826 1724 Dominus
846 1658 934 1724 Deus
957 1658 1118 1724 Abrabam
1136 1655 1216 1745 petiis
1232 1653 1263 1718 tui
1277 1663 1297 1716 ot

329 1765 467 1832 almeo:
482 1763 546 1830 noli
561 1765 697 1832 timens:
715 1777 811 1842 terra.
824 1789 919 1854 super
930 1789 1029 1856 quom
1039 1765 1151 1832 dormis
1160 1783 1295 1851 superem,
1315 1759 1316 1764 ’

328 1903 342 1938 s
359 1874 417 1941 tibi
438 1874 521 1940 dobo
537 1872 636 1950 iliam,
654 1887 687 1940 et
703 1875 907 1942 nominituo:
923 1888 956 1942 et
971 1877 1035 1944 orit
1048 1897 1149 1942 semen
1162 1885 1233 1938 tuum
1244 1870 1296 1934 siout

327 2006 450 2051 »arena
466 1996 572 2061 torrae,
587 1995 620 2049 et
638 1982 820 2051 dilatabitur
834 1985 876 2051 od
894 2007 998 2060 maro,
1014 1996 1048 2049 et
1062 1981 1181 2055 Notum,
1192 1991 1218 2044 ot
1230 1977 1295 2062 tqui-

327 2123 341 2156 s
355 2091 476 2168 ionem,
492 2103 525 2158 ot
539 2091 777 2158 adorientem:
792 2102 825 2158 et
838 2093 1072 2160 benedicentur
1083 2091 1114 2156 in
1123 2100 1151 2154 te
1162 2109 1244 2154 onnes
1257 2084 1295 2148 tu'-

327 2231 340 2264 »
356 2203 416 2267 bus
429 2213 533 2278 terrm
549 2213 582 2266 et
597 2201 630 2265 in
645 2200 763 2265 semino
777 2210 842 2266 tuo.
861 2201 902 2266 Et
916 2225 993 2268 oooe
1005 2223 1065 2292 ego
1077 2221 1142 2266 sum
1151 2209 1238 2266 tuom
1248 2213 1295 2255 tto

327 2308 478 2375 »todiens
501 2308 585 2374 tuin
606 2307 693 2374 omni
714 2308 776 2384 via,
792 2331 996 2398 quocumque
1020 2309 1093 2385 ibis,
1108 2320 1138 2372 et
1151 2303 1290 2370 atione
1317 2286 1318 2348 i

326 2419 387 2486 »in
403 2431 521 2486 terrm
533 2417 637 2484 hano:
656 2420 729 2507 quia
744 2432 775 2486 te
792 2441 857 2485 non
874 2419 1106 2509 derelinquam.
1125 2417 1201 2482 donoc
1212 2407 1292 2474 nom

326 2557 339 2591 ι
354 2527 458 2594 omnio
471 2549 542 2615 quae
553 2525 703 2614 loquutus
714 2549 786 2592 sum
797 2527 865 2594 tibi.
879 2529 921 2593 Et
934 2529 1071 2594 surrexit
1081 2525 1170 2594 Jaoob
1180 2521 1294 2586 noune

327 2667 339 2698 ι
355 2660 425 2714 suo,
441 2649 474 2702 ot
489 2635 566 2703 dixit
582 2658 590 2700 τ
611 2636 694 2715 Quia
709 2636 865 2704 Dominus
876 2649 924 2703 est
940 2639 973 2703 in
988 2636 1063 2704 looo
1077 2635 1154 2702 hoo:
1165 2651 1211 2719 ego
1222 2635 1294 2690 ttitffl

326 2775 338 2809 s
354 2745 544 2814 nesciobam.
562 2745 603 2809 Et
615 2745 735 2822 timuit,
751 2757 785 2810 et
797 2745 875 2810 dixit
889 2769 898 2809 z
917 2745 1024 2825 Quam
1040 2740 1227 2812 terribilisest
1237 2731 1295 2796 iocus

325 2884 338 2918 s
351 2855 419 2922 hisi
433 2876 498 2921 non
509 2865 557 2920 ost
568 2853 632 2931 bie,
645 2853 704 2920 nisi
715 2854 829 2920 domus
838 2855 909 2930 Dei,
922 2867 956 2921 et
966 2855 1037 2922 hmo
1047 2864 1134 2944 porta
1143 2845 1211 2917 ooli·
1220 2843 1295 2908 ΕΜ·

326 2995 339 3029 a
354 2964 435 3032 nexit
448 2964 549 3031 Jacob
565 2987 671 3040 mono,
686 2976 721 3030 st
735 2966 869 3054 sumpsit
884 2964 1022 3054 lapidem
1038 2984 1131 3053 quem
1144 2955 1296 3044 supponent

325 3101 338 3134 a
353 3071 397 3140 ibi
413 3071 455 3138 od
469 3083 566 3161 eaput
583 3095 690 3147 suum,
701 3083 735 3136 ot
749 3071 859 3166 stotuint
872 3069 964 3139 illum
976 3071 1117 3145 titulum,
1132 3079 1163 3132 et
1171 3051 1297 3150 superfudit

323 3179 459 3248 »oleum
478 3181 511 3248 in
530 3203 684 3248 osoumsn
696 3181 787 3268 ejus:
806 3192 839 3246 et
854 3179 1021 3270 appellavit
1033 3179 1131 3247 Jacob
1146 3159 1297 3242 nomenldi

324 3321 337 3356 s
350 3292 471 3359 Domus
485 3291 543 3358 Dei
556 3313 566 3356 t
582 3303 616 3356 st
632 3289 813 3357 Uinmmaus
830 3304 897 3356 snat
911 3313 1029 3360 nomon
1046 3286 1172 3356 civitatis
1185 3272 1293 3359 mtet¹·’

366 3402 452 3470 th.
472 3403 547 3470 ltaec
563 3424 638 3468 oum
650 3400 810 3476 dixissem,
824 3399 983 3468 Sustinete
994 3424 1059 3478 me,
1069 3399 1195 3468 siebsm,
1206 3412 1237 3455 ex
1247 3383 1298 3448 tto

324 3533 452 3599 quoquo
467 3510 566 3576 Exodi
583 3509 672 3575 vobis
692 3509 977 3585 demonstrantem,
992 3505 1148 3599 quomodo
1162 3505 1219 3592 ipse
1230 3491 1268 3560 filit
1279 3497 1298 3550 ²¹

325 3615 454 3705 ungulus
467 3630 500 3683 et
510 3618 596 3685 Deus
610 3629 644 3684 et
657 3617 814 3685 Dominus
827 3629 860 3682 et
876 3617 924 3683 vir
940 3629 972 3684 et
982 3617 1090 3693 bomo,
1103 3611 1154 3703 qui
1166 3601 1297 3676 ΛΜΝ

322 3727 411 3792 issao
427 3726 510 3794 visus
521 3740 581 3804 est,
595 3729 627 3797 in
640 3729 713 3816 igno
726 3727 865 3798 dommo
875 3729 1004 3796 exrubo
1016 3719 1222 3816 apparueritet
1232 3703 1299 3776 ooiio·

355 3854 364 3888 ¹
377 3856 441 3907 (ien.
455 3873 544 3916 utsii,
561 3875 569 3906 ι
590 3893 595 3906 .
