2640 4622
287 303 353 381 tte
585 329 699 384 tauers
721 333 841 380 ιιιιτιιιι
864 337 1020 384 narsus

332 431 375 498 At
388 431 461 499 iiie:
484 433 594 512 Recta,
615 438 731 526 iuquit,
752 441 839 520 iacis,
861 463 900 511 ao
916 445 1040 512 etism
1060 445 1209 536 pluribus
1221 461 1293 512 etes-

286 540 499 716 :lippoaaiatppum
519 545 617 621 dicas,
640 547 720 615 seito
740 573 794 617 me
813 565 846 618 at
867 571 922 624 eos
945 551 1001 642 qui
1020 555 1141 650 adsunt
1164 557 1290 622 audiam

327 755 447 822 cxix.
464 755 547 824 'l'um
560 783 639 849 ego:
657 762 789 840 Putatis,
806 788 825 830 e
842 767 911 842 riri,
927 768 1077 834 saturum
1087 769 1189 836 inisse
1202 783 1234 834 ut
1247 771 1286 835 bs.

283 859 458 954 intelligere
475 890 650 954 possemus,
670 871 729 936 nisi
750 871 912 939 voluntate
937 877 1011 964 ejus
1033 877 1091 964 qui
1119 877 1193 944 m
1211 879 1280 942 reid:

284 969 477 1061 intelligendi
489 977 621 1064 gratiam
635 979 865 1066 aceepissemas
872 1006 882 1056 ι
899 983 1054 1049 nimirum
1070 997 1109 1050 ut
1124 998 1161 1051 et
1177 979 1284 1050 utute

284 1079 370 1170 qued
384 1093 528 1172 tempore
541 1085 635 1152 Musis
650 1087 773 1154 dietum
788 1103 858 1154 est:
875 1091 1115 1158 «irritaverunt
1131 1097 1187 1160 me
1201 1093 1284 1157 inab·

283 1190 372 1266 nnis,
389 1191 422 1257 in
433 1191 721 1261 abominationibus
737 1197 801 1264 suis
816 1199 1091 1264 amoerbarerant
1106 1223 1175 1266 me.
1197 1199 1281 1266 sset-

282 1326 296 1359 »
311 1313 464 1366 caverunt
478 1300 653 1377 demoniist
671 1323 740 1390 quae
756 1325 821 1370 nen
836 1287 989 1372 noverant
1004 1329 1015 1370 ε
1034 1308 1114 1371 nevi
1136 1319 1172 1372 et
1185 1321 1279 1372 mesela

283 1421 479 1484 nvenerunt,
499 1431 578 1496 quos
598 1433 663 1474 non
682 1423 839 1478 noverunt
857 1423 962 1499 patros
976 1435 1106 1478 eorum.
1133 1414 1280 1498 Deum

283 1543 295 1575 ι
310 1527 342 1580 te
357 1516 478 1602 genuit,
496 1516 712 1605 dereliquisti:
730 1531 762 1584 et
777 1519 894 1585 oblitus
908 1541 941 1585 es
957 1519 1017 1586 Dei
1031 1523 1211 1588 nutrientis
1222 1523 1278 1586 teia

282 1652 296 1686 ι
311 1625 388 1690 vidit
398 1626 565 1703 Dominus,
578 1640 611 1692 et
621 1627 754 1694 zelavit:
774 1641 806 1704 et
818 1629 1024 1696 exacerbatus
1035 1643 1089 1696 est
1100 1631 1278 1720 propteina

283 1733 449 1800 »iiiiorum
471 1759 603 1802 suerum
623 1749 655 1802 et
675 1736 836 1804 tiliarum:
857 1749 891 1804 et
908 1740 988 1805 dixit
996 1763 1010 1804 -ι
1033 1737 1194 1807 Avertam
1209 1741 1276 1807 iada

280 1865 414 1912 »meam
435 1844 475 1909 ab
497 1843 555 1919 eis,
578 1857 610 1909 et
630 1845 796 1910 ostendam
816 1845 893 1933 quid
912 1847 974 1912 erit
993 1845 1040 1911 eis
1065 1847 1103 1912 in
1121 1851 1276 1914 nonsart:

281 1979 293 2012 ι
308 1951 458 2038 quonism
473 1952 634 2041 generatio
649 1975 795 2041 perversa
810 1965 857 2018 est
868 1973 877 2016 τ
896 1951 952 2019 filii
967 1955 1089 2040 quibus
1102 1979 1172 2024 non
1183 1970 1226 2023 est
1235 1957 1276 2020 ta

280 2089 293 2124 ι
309 2061 411 2126 ineis.
432 2061 496 2149 ipsi
513 2061 554 2125 ed
571 2059 675 2125 zelum
692 2075 944 2149 provocaverant
960 2085 1014 2128 me
1029 2061 1065 2128 in
1083 2088 1154 2130 non
1167 2062 1236 2136 Deo,
1248 2089 1277 2128 rr

280 2172 537 2236 »acerbaverunt
552 2192 605 2234 me
622 2168 656 2234 in
671 2168 763 2234 idolis
778 2169 858 2242 suis3
879 2180 912 2233 et
929 2191 989 2258 ego
1004 2175 1194 2259 -proveoabo
1204 2171 1279 2236 sissi

279 2277 411 2342 »zelum
426 2279 459 2344 in
479 2301 543 2342 nou
557 2288 668 2366 gente3
691 2276 723 2342 in
741 2288 834 2366 gente
852 2274 947 2342 stulta
967 2278 1107 2346 irritabo
1122 2281 1192 2346 iilos
1210 2281 1274 2357 (iao

279 2415 292 2448 ι
308 2387 392 2451 niam
408 2385 488 2474 iguis
503 2407 654 2452 aecensus
670 2396 771 2449 estex
788 2383 894 2450 surore
908 2406 981 2449 mee
998 2408 1006 2448 ε
1025 2398 1059 2450 et
1077 2387 1266 2468 sordidasque

281 2523 293 2556 ι
308 2495 350 2558 ad
365 2493 533 2559 infernum.
547 2493 722 2560 *Devorabit
735 2484 853 2558 terram
865 2505 897 2558 et
907 2493 1075 2582 genimina
1089 2497 1171 2584 ejas.
1178 2491 1276 2558 mabu-

280 2633 292 2666 ι
308 2615 357 2668 rat
367 2587 570 2669 fundamenta
583 2603 760 2668 montium:
781 2603 981 2691 congregabo
994 2602 1029 2667 in
1042 2625 1103 2669 eos
1118 2599 1222 2669 maid·
1233 2627 1244 2660 ι
1255 2599 1280 2662 it

279 2723 448 2801 postquam
467 2711 570 2800 justus
592 2707 644 2776 ilie
663 2711 786 2776 occisus
805 2719 865 2785 est,
884 2732 942 2776 nos
961 2707 1106 2800 populus
1125 2710 1206 2776 alter
1222 2705 1281 2774 rab

280 2823 417 2895 ruimus,
434 2832 467 2885 at
483 2841 572 2886 nerse
589 2841 628 2885 ao
642 2819 792 2884 florentes
811 2819 905 2907 spiere
922 2819 1193 2907 germinavimus,
1207 2839 1282 2906 qam

281 2930 456 2996 admodum
470 2929 620 2995 dixerunt
632 2929 818 3016 Propbstae:
837 2929 901 2993 «Et
916 2927 1105 3016 confugient
1118 2941 1285 3017 &ntuetr

278 3067 291 3102 ι
307 3051 346 3104 tae
362 3037 403 3102 ad
417 3039 589 3124 Dominum
604 3039 637 3104 in
653 3039 702 3103 die
719 3035 770 3104 itta
786 3037 819 3104 in
835 3036 1001 3128 populum,
1024 3049 1058 3102 et
1073 3037 1285 3104 habitabunt'a

280 3146 414 3215 »medie
431 3147 583 3216 universe
598 3160 690 3214 terrae
701 3147 753 3236 ’.ι
769 3149 832 3214 Nes
845 3159 952 3214 autem
968 3159 1033 3214 nen
1049 3149 1153 3214 modo
1170 3147 1288 3238 popuiu

281 3257 337 3324 sed
349 3257 444 3322 etiam
459 3254 594 3345 populus
606 3264 734 3321 sanetas
746 3277 867 3330 sumus,
886 3265 920 3318 ut
934 3254 1002 3342 jam
1013 3253 1289 3320 demonstravimus

289 3367 353 3433 «Et
373 3366 534 3432 vocabunt
553 3388 629 3430 eum
648 3361 803 3453 populum
824 3374 968 3428 sanctum
990 3362 1205 3451 redemptum
1224 3387 1242 3428 a
1258 3361 1292 3426 Its

282 3503 295 3538 ι
308 3475 395 3540 mine
405 3472 428 3536 ⁸.
443 3500 457 3535 ι
473 3472 676 3561 Quapropter
690 3494 755 3537 non
771 3469 1024 3536 contemnendus
1038 3469 1188 3558 populus
1203 3493 1293 3539 sumn¹

281 3605 341 3649 neo
356 3583 491 3648 barbara
508 3581 606 3656 natio,
631 3602 691 3647 nse
705 3577 813 3668 quales
829 3578 946 3644 Caram
962 3587 1017 3642 aut
1033 3576 1209 3667 Phrygum
1222 3579 1295 3645 nau

282 3714 348 3756 nes.
376 3688 440 3754 Sed
461 3711 519 3754 nos
540 3711 668 3777 quoque
689 3684 784 3776 elegit
804 3687 889 3752 Deus
910 3677 943 3751 e't
964 3683 1155 3752 manifestus
1180 3707 1296 3776 apparu

281 3821 348 3866 non
366 3797 633 3886 interrogantibus
652 3817 747 3861 eum:
767 3793 875 3861 «Eece
892 3793 978 3860 Deus
993 3811 1077 3868 sum,
1100 3791 1225 3882 iuquit,
1240 3803 1297 3883 gea·

315 3931 323 3965 ¹
337 3929 411 3980 Dent.
423 3946 501 3990 ιιιιι,
515 3928 701 3978 16.-²zacn.
716 3944 743 3990 ιι,
756 3944 794 3976 ιι.
805 3955 835 3964 -
846 3927 855 3960 ⁸
866 3927 933 3976 Esai.
948 3941 1006 3985 txn,
1021 3940 1057 3972 aa.
