2516 4636
242 277 248 288 ’
353 317 476 364 curras
500 317 650 364 nassas.
955 301 1017 387 ⁵⁰9

10 533 1002 572 mmmmm

235 723 429 823 LIBER
463 723 765 832 TERTIUS.

399 971 595 993 m

372 1123 626 1193 PRAEFATIO.

11 1304 62 1369 Tu
80 1303 227 1392 quidem,
251 1301 464 1383 dilectissime,
485 1326 681 1395 praeceperas
701 1301 795 1372 nobis
817 1317 855 1372 ut
872 1329 925 1374 eas
948 1331 1019 1397 quae

10 1412 182 1482 Valentino
200 1425 275 1480 sunt
295 1415 466 1482 sententias
481 1415 695 1491 absconditas,
717 1425 753 1482 ut
769 1417 826 1506 ipsi
841 1428 967 1506 putant,
986 1418 1019 1484 in

10 1522 182 1590 anilestum
197 1523 379 1614 proderem,
400 1537 433 1591 et
449 1525 651 1594 ostenderem
665 1526 850 1592 varietatem
862 1527 1018 1615 ipsorum,

17 1651 209 1696 sermonem
222 1629 438 1697 destruentem
449 1654 504 1697 eos
515 1630 674 1698 inferrem.
691 1630 836 1722 llggressi
847 1655 956 1699 sumus
968 1657 1021 1699 au-

10 1761 41 1802 m
56 1761 130 1813 nos,
148 1749 316 1827 arguentes
332 1762 386 1805 eos
401 1762 420 1804 a
433 1739 575 1816 Simone,
592 1753 682 1830 patre
693 1742 838 1809 onmium
850 1737 1020 1810 heretico-

10 1871 63 1921 am,
86 1859 120 1911 et
136 1845 296 1912 doctrinas
317 1859 350 1912 et
367 1850 582 1916 successiones
597 1849 812 1926 manifestare,
827 1863 860 1918 et
871 1853 1019 1920 omnibus

10 1979 21 2019 s
34 1953 272 2020 contradicere:
287 1957 517 2044 propterquod
532 1979 607 2024 cum
618 1959 660 2024 sit
671 1958 764 2024 unius
777 1960 881 2047 operis
893 1961 1019 2030 traduc·

10 2087 23 2127 o
42 2084 169 2138 eorum,
189 2073 222 2128 et
237 2061 411 2130 destructio
428 2064 461 2130 in
479 2062 600 2142 multis,
617 2065 760 2132 misimus
776 2067 834 2134 tibi
851 2065 963 2147 libros,
979 2093 1019 2138 ex

10 2171 96 2236 ribus
107 2170 229 2258 primus
240 2169 371 2258 quidem
384 2170 528 2238 omnium
540 2170 668 2238 illorum
680 2175 850 2242 sententias
862 2179 1017 2256 continet,

10 2332 11 2342 ,
26 2278 286 2356 consuetudines,
298 2290 332 2344 et
342 2279 543 2346 characteres
556 2281 695 2348 ostendit
710 2283 955 2354 conversationis
966 2309 1019 2352 eo-

11 2411 64 2453 rm.
83 2387 120 2454 ln
131 2385 272 2452 secundo
284 2408 358 2452 vero
370 2386 531 2454 destructa
545 2401 578 2454 et
591 2411 700 2456 eversa
715 2403 790 2457 sunt
804 2415 875 2479 quoe
886 2395 926 2464 ab
942 2394 1017 2486 ipsis

11 2495 65 2561 ale
83 2495 249 2572 docentur,
272 2506 306 2560 et
322 2494 455 2572 nudata,
478 2508 510 2564 et
528 2507 653 2565 ostense
673 2509 746 2566 sunt
764 2499 837 2568 talia
858 2502 963 2591 qualia
984 2516 1018 2570 et

11 2616 68 2670 rnt.
87 2605 123 2670 ln
137 2602 200 2672 hoc
211 2615 318 2670 sutem
334 2604 427 2671 tertio
443 2627 481 2670 ex
493 2604 666 2695 Scripturis
676 2607 848 2676 inseremus
863 2611 1019 2678 ostensio-

11 2739 52 2790 es,
69 2725 102 2778 ut
117 2711 195 2780 nihil
215 2713 273 2780 tihi
289 2735 329 2779 ex
343 2711 392 2779 his
409 2735 481 2801 quae
498 2736 694 2805 preceperas
710 2715 819 2783 desita
834 2718 940 2794 nobis,
961 2717 1020 2784 sed

11 2849 29 2901 :,
50 2835 256 2911 praeterquam
273 2823 466 2912 opinaberis,
485 2823 526 2888 ad
543 2823 743 2912 arguendum
759 2835 792 2890 et
810 2827 1018 2894 evertendum

11 2955 40 2996 >s
60 2930 110 3016 qui
127 2924 267 3014 quolibet
278 2925 374 2992 modo
390 2923 474 2992 mde
486 2925 617 3006 docent,
630 2927 814 2994 occasiones
828 2952 847 2995 a
860 2931 952 3000 uoltis
967 2953 1018 2998 ac-

11 3039 92 3128 ipias.
112 3037 188 3114 Quae
204 3035 291 3101 enim
304 3046 353 3100 est
369 3033 402 3100 in
418 3035 486 3100 Deo
503 3033 653 3110 charitas.
670 3036 756 3104 dives
771 3050 804 3106 et
818 3039 887 3106 sine
902 3040 1019 3108 invidia

11 3149 130 3219 sistens,
146 3141 235 3232 plura
258 3141 356 3207 donat
373 3165 468 3230 quam
484 3141 623 3232 postulet
639 3145 709 3234 quis
727 3146 766 3212 ab
786 3169 834 3214 ea.
856 3146 1018 3217 Memento

11 3259 198 3349 gitureorum
210 3275 280 3342 quae
291 3252 427 3319 diximus
438 3253 471 3319 in
481 3245 776 3344 prioribus'duobus
787 3255 891 3334 libriss
907 3259 1019 3328 ethaec

11 3369 50 3435 lis
66 3365 246 3455 adjungens,
263 3361 479 3454 plenissimam
494 3364 627 3433 habebis
642 3389 659 3431 a
674 3367 767 3434 nobis
784 3367 934 3435 adversus
951 3391 1018 3435 om·

11 3501 47 3544 es
61 3473 216 3539 hereticos
233 3471 533 3549 contradictionem,
550 3485 581 3538 et
599 3471 789 3542 fiducialiter
808 3497 846 3546 ac
861 3475 1019 3568 instantis-

11 3588 68 3650 ime
89 3581 204 3648 resistes
227 3581 271 3648 eis
294 3604 353 3671 pro
380 3579 446 3646 sola
469 3603 542 3646 vcra
562 3603 600 3649 ac
620 3581 743 3650 vivifica
761 3583 838 3662 lide,
863 3609 958 3674 quam
975 3587 1015 3654 ab

12 3691 140 3786 spostolis
155 3690 295 3760 Ecclesia
311 3691 467 3782 percepit,
483 3702 516 3756 et
533 3689 692 3756 distribuit
708 3690 780 3758 filiis
794 3693 868 3759 suis.
890 3695 1016 3762 Etenim

12 3804 136 3872 lominus
152 3802 295 3869 omnium
312 3801 399 3868 dedit
416 3798 575 3892 Apostolis
593 3801 657 3866 suis
674 3814 861 3890 potestatem
876 3805 1016 3898 Evange-

12 3918 42 3994 ii,
57 3939 108 4006 per
120 3935 195 4003 quos
209 3926 242 3980 et
257 3911 434 3989 veritatem,
451 3911 514 3980 hoc
529 3923 589 3988 cst,
605 3909 666 3979 Dei
680 3911 751 3980 Filii
767 3911 945 3982 doctrinam
963 3935 1016 3984 co-

1246 3843 1248 3890 l
