2688 4626
241 283 299 350 182
537 303 650 348 ssucrr
673 301 793 345 rusruu
816 301 972 344 usnrrnrs

235 417 301 474 Non
307 387 450 473 bonusest
457 409 614 470 multorum
622 409 800 489 principatus
809 429 816 464 :
825 425 900 464 unus
906 406 1043 486 princeps
1051 417 1141 463 esto.
1151 409 1195 462 IL
1204 406 1299 474 nece.

236 531 335 598 Porro
350 555 414 598 non
437 534 559 598 bonum
576 553 644 597 esse
659 527 835 594 multorum
848 526 1083 615 principatum,
1105 521 1176 586 scd
1196 524 1292 608 potius

236 638 370 716 mulum,
387 663 421 706 re
437 617 718 705 demonstrandum
732 634 987 724 sibiproposuit,
1003 655 1133 697 corum
1152 626 1243 696 betta
1256 632 1288 694 el

236 753 419 840 principum
432 751 669 818 multitudinem
682 763 715 814 et
729 769 852 838 pugnas
867 759 900 812 et
915 745 1094 810 seditiones
1109 755 1150 808 et
1167 753 1283 808 mutus

237 861 363 927 insidias
384 885 544 928 coamens.
568 862 648 928 Nam
669 857 853 925 monarchia
872 857 921 922 his
943 853 1177 930 incommodis
1194 865 1278 918 caret

168 1041 174 1048 ,
239 970 315 1036 Haec
330 971 458 1057 quidem
473 972 631 1036 Homerus
647 980 750 1057 pocta.
1168 942 1189 954 ’

284 1079 403 1147 XVIII.
416 1080 512 1161 Quod
521 1081 545 1145 si
558 1091 590 1144 ct
601 1103 713 1144 eorum
721 1078 774 1164 qui
785 1100 823 1141 cx
832 1099 925 1142 scena
935 1088 1026 1150 sunt,
1036 1074 1189 1162 adjicere
1197 1093 1278 1159 opor-

238 1199 284 1254 tet
295 1189 334 1254 de
347 1209 410 1256 uno
421 1189 489 1254 Deo
500 1187 697 1283 testimpnim
707 1185 813 1250 audite
822 1183 1019 1288 Sophoclem
1034 1183 1086 1250 sio
1101 1181 1271 1248 dicentem:

318 1331 399 1388 Unus
415 1329 546 1411 prolecto
560 1339 618 1396 est,
632 1347 707 1386 unus
722 1339 764 1385 est
781 1337 892 1384 tanturn
909 1329 1005 1396 Deus,

318 1427 393 1488 Coeli
407 1427 518 1506 solique
532 1426 695 1486 machinam
712 1427 762 1504 qui
777 1426 924 1496 condidit,

318 1530 490 1608 vadumque
503 1531 585 1608 ponti
595 1529 749 1600 caerulum,
761 1540 790 1586 et
803 1529 862 1586 vim
878 1530 1010 1606 spiritus.

267 1607 271 1617 ι
319 1634 357 1688 at
370 1628 457 1686 ducta
469 1646 545 1685 caeco
559 1647 660 1685 errore
674 1646 742 1704 gens
754 1626 934 1700 mortalium,

320 1735 490 1789 Commenta
503 1727 591 1794 cledis
605 1728 635 1784 in
650 1746 708 1784 suae
722 1726 857 1784 solatium
873 1739 915 1791 est

242 1831 248 1840 '
320 1815 440 1888 Formas
452 1826 574 1885 deorum
587 1843 685 1885 saxeus
699 1837 749 1883 aut
762 1845 850 1884 aereas

321 1933 440 1986 Aurove
453 1927 553 1985 ductas
565 1925 656 1996 fusili,
670 1937 721 1983 aut
735 1924 885 1983 eburneas.
905 1989 907 1993 ¹

320 2027 372 2084 His
387 2025 571 2085 victimarum
586 2025 768 2104 sanguinem,
785 2025 830 2082 his
844 2027 931 2082 festos
947 2021 1012 2082 dies

323 2130 396 2186 Cum
411 2125 590 2200 dedicamus,
603 2145 664 2185 esse
677 2145 730 2184 nos
743 2145 842 2184 remur
856 2126 929 2204 pios.

197 2269 200 2278 '
245 2257 320 2323 llaec
335 2257 431 2344 igitur
445 2251 628 2346 Sophocles.

275 2363 379 2434 ,x1x.
397 2363 591 2456 Pythagoras
611 2378 730 2443 autem,
751 2365 928 2433 Mnesarchi
943 2365 1047 2444 fitius,
1061 2367 1105 2456 qui
1125 2361 1247 2452 philoso-

243 2471 325 2559 phia
336 2495 400 2538 sure
412 2472 539 2539 decreta
548 2471 698 2562 symbolis
708 2495 823 2568 arcane
835 2473 996 2562 exposuit,
1010 2487 1050 2540 ut
1063 2473 1256 2540 demonstrant

96 2571 97 2576 ἵ
166 2662 168 2668 7
245 2583 300 2671 qui
314 2579 398 2648 illius
418 2583 515 2649 vitam
532 2583 698 2671 scripsere,
719 2583 845 2649 videtur
864 2596 896 2648 et
916 2585 983 2673 ipsc
1004 2585 1048 2650 de
1069 2583 1252 2648 uncileoea

246 2693 363 2759 sentire
374 2715 443 2782 quae
456 2693 550 2784 digna
562 2691 818 2782 sintAEgyptincn
829 2693 1095 2783 peregrinatione.
1111 2689 1250 2759 ttamen

246 2798 400 2871 unitatem
415 2801 607 2891 principium
622 2803 767 2868 omnium
778 2825 845 2870 esse
858 2803 946 2880 dicit,
960 2804 1127 2891 ipsamque
1137 2799 1254 2866 ommno

246 2908 405 2974 bonorum
419 2932 488 2975 esse
503 2931 649 2992 causamn
662 2933 764 2976 unum
775 2933 843 2976 esse
855 2933 893 2977 ac
903 2909 1097 3001 singularem
1109 2911 1204 2977 Deum
1212 2931 1254 2996 per

247 3011 429 3102 allegoriam
445 3017 549 3083 docet.
568 3016 669 3105 quue
684 3017 727 3084 ita
739 3041 773 3084 se
784 3017 903 3085 habere
915 3019 988 3084 inde
999 3032 1103 3108 patet,
1115 3017 1255 3108 quodeci-

247 3132 345 3188 tatem
367 3133 400 3190 et
421 3148 520 3192 uuum
538 3128 621 3196 inter
643 3149 676 3193 se
695 3127 833 3194 multum
853 3129 980 3196 differre
999 3129 1096 3196 dicat.
1120 3129 1258 3196 Unitatcar

237 3231 334 3307 sonim
349 3231 382 3298 in
396 3231 435 3298 iis
444 3253 512 3298 esse
526 3234 649 3314 statuit,
661 3259 734 3325 qun
743 3249 850 3303 mente
861 3237 1083 3328 percipiuntur
1088 3263 1099 3313 ι
1114 3263 1209 3304 unum
1218 3261 1260 3302 au·

247 3357 313 3414 tem
328 3344 361 3410 in
376 3342 527 3414 numeris.
546 3344 642 3424 Quod
657 3346 682 3410 si
698 3345 883 3439 Pythagoras
895 3348 938 3418 de,
958 3347 1109 3437 singulari
1122 3349 1190 3413 Deo
1201 3371 1259 3412 sen-

248 3454 381 3520 tentiam
395 3451 510 3521 clarius
526 3455 705 3544 perspicere
723 3455 829 3534 vultis,
845 3457 952 3524 audite
967 3457 1036 3524 haec
1058 3443 1141 3522 illius
1154 3457 1261 3522 nerbas

259 3557 368 3626 «Deus
384 3583 466 3628 unus
480 3553 529 3626 est
542 3584 550 3626 ε
564 3584 766 3652 nequaquam
781 3578 901 3642 autem,
918 3577 955 3630 ut
968 3565 1098 3653 quidam
1113 3565 1262 3653 suspican-

250 3677 343 3742 »tur‚
365 3678 452 3731 extra
469 3667 639 3745 mundum,
663 3671 718 3737 sed
740 3672 773 3740 in
794 3674 889 3764 ipso:
910 3685 995 3738 totus
1013 3672 1046 3737 in
1066 3684 1132 3737 toto
1154 3669 1261 3737 circulo

251 3773 446 3862 ›inspiciens
466 3797 576 3842 omnes
598 3781 824 3867 generationes.
844 3779 1044 3870 Temperatio
1065 3791 1113 3846 est
1132 3779 1260 3845 omnium

137 3958 140 3970 „
251 3909 267 3950 r
282 3881 482 3960 secutorum,
495 3895 527 3950 et
541 3884 646 3973 opifex
661 3887 813 3957 virtutum
824 3902 857 3958 et
872 3913 1004 3980 operum
1019 3909 1157 3958 suorum.
1176 3885 1260 3952 Prin-

757 4060 774 4092 Ν
