2710 4662
670 225 829 270 turnholt.

393 397 395 406 ⁴
526 427 561 490 c.
588 423 733 492 rnrun
757 424 979 506 sncuum,

553 603 710 648 arrarum
726 602 958 654 rsoranroars,

483 775 540 830 AD
561 775 751 830 EUMDEM
770 775 826 830 DE
847 773 1029 840 EISDEM,

640 939 871 1018 RELATIO.

479 1205 488 1218 .
547 1123 973 1200 c.utinius‘rrajano1mp.s.

290 1285 429 1354 Solanne
443 1298 491 1355 est
506 1285 598 1364 mihi,
613 1286 765 1364 Domine,
780 1287 887 1352 omnis
903 1287 943 1352 de
964 1285 1088 1373 quibus
1105 1282 1241 1358 dubito,
1252 1281 1287 1345 sd

248 1409 279 1462 te
290 1397 416 1462 referre.
434 1395 514 1478 Quis
525 1395 611 1463 enim
621 1409 727 1486 potest
737 1395 850 1478 melius
861 1395 910 1462 vel
921 1395 1285 1463 cunctationemmn

248 1527 369 1594 regere,
385 1502 434 1570 vel
448 1504 659 1594 ignorantiam
674 1505 851 1578 instruere?
863 1503 1116 1593 Cognitionibus
1128 1503 1169 1568 de
1183 1499 1282 1566 Chris

250 1615 341 1680 tinnis
352 1614 480 1680 interfui
492 1637 657 1702 nunquam
671 1638 679 1680 ε
694 1615 766 1682 ideo
778 1614 885 1680 nescio
896 1613 986 1702 quid,
998 1625 1034 1678 et
1046 1626 1214 1701 quatenns,
1225 1621 1278 1672 aut

250 1722 355 1810 puniri
378 1720 477 1788 solent
497 1735 552 1788 aut
571 1722 679 1810 quaeri.
708 1722 777 1788 Neo
798 1721 1001 1786 mediocriter
1022 1719 1167 1791 haesitati,
1188 1716 1264 1781 sitne

250 1829 379 1919 aliquod
400 1831 569 1898 discrimen
593 1829 745 1895 aetatum?
773 1852 813 1895 an
837 1827 1013 1917 quamlibet
1035 1829 1141 1894 tenui
1155 1823 1265 1892 abita

252 1940 481 2006 robustioribus
500 1936 669 2004 differant?
685 1938 818 2003 deturne
837 1936 1030 2026 prenitentiae
1049 1935 1163 2002 venial
1180 1957 1220 2000 sn
1234 1932 1273 2004 si,
1344 1927 1346 1972 t

252 2048 305 2132 qui
326 2045 456 2110 omnino
478 2044 676 2112 Christianus
698 2042 769 2118 fuit,
790 2043 918 2108 desiisse
936 2065 1001 2109 non
1021 2041 1151 2132 prosit?
1169 2057 1276 2106 nomeu

253 2157 369 2241 ipsum,
378 2153 500 2218 etiamsi
511 2152 636 2242 flagitiis
647 2163 816 2228 careat,an
827 2150 945 2240 llagitia
956 2151 1154 2218 cohaerentia
1165 2147 1275 2216 nomini

254 2261 447 2350 puniantur?
460 2261 639 2330 laterimin
662 2263 712 2338 iis,
735 2262 789 2350 qui
809 2261 921 2327 adme
941 2273 1095 2348 tanquam
1112 2257 1277 2326 Christiani

255 2369 489 2445 deserebantur,
501 2369 589 2437 hunc
600 2393 671 2436 sum
683 2383 810 2436 secutus
822 2371 964 2436 modum.
979 2370 1180 2459 Interrogavi
1188 2371 1274 2459 ipsos,

255 2501 296 2544 an
309 2488 415 2544 essem
428 2475 619 2543 Christiani?
635 2477 824 2544 confitentes
844 2478 961 2544 iterum
981 2499 1020 2543 nc
1034 2477 1131 2543 tertio
1148 2479 1274 2544 interm
1340 2461 1347 2617 q

174 2618 178 2636 =
255 2588 337 2678 gavi,
348 2585 539 2676 supplicium
552 2587 710 2654 minatus:
729 2599 963 2676 perseverantes
979 2587 1053 2652 duci
1068 2587 1159 2674 jussi.
1179 2587 1276 2674 Neque

256 2697 342 2764 onim
355 2697 540 2763 dubitabam
559 2696 803 2785 (qualecumque
818 2709 899 2763 esset
914 2697 1000 2785 quod
1011 2695 1203 2784 faterentur)
1218 2717 1274 2785 per-

256 2806 408 2872 vicaciam
419 2817 505 2872 certe
515 2816 548 2869 et
559 2801 764 2870 inflexibilem
774 2805 1019 2870 obstinationem
1032 2803 1153 2870 dehere
1168 2803 1272 2894 puniri.

301 2913 445 2978 Fuerunt
458 2911 510 2977 alii
531 2912 640 2979 similis
661 2914 820 2988 ementire,
837 2936 916 3002 quos
935 2913 1027 3000 (quia
1048 2913 1135 2979 cives
1155 2909 1270 2978 Romani

259 3026 367 3111 orant)
380 3025 527 3089 annotavi
539 3023 573 3090 in
588 3025 707 3092 Urbem
721 3025 928 3092 remittendos
943 3049 951 3090 τ
964 3047 1040 3090 mox
1050 3025 1122 3114 ipso
1137 3035 1275 3092 tractatu.

261 3143 297 3197 ut
310 3127 379 3196 lieri
396 3128 487 3206 solet,
504 3130 700 3198 diffundente
720 3157 754 3200 se
775 3133 921 3209 crimine,
938 3131 1045 3221 plures
1066 3133 1190 3222 speeies
1209 3130 1278 3198 inci-

262 3239 386 3306 dcrunt.
405 3239 586 3329 Propositus
601 3253 650 3306 est
664 3241 790 3336 libellus
806 3244 872 3308 sine
888 3254 1030 3318 auctore,
1047 3241 1224 3308 multorum
1234 3265 1282 3307 no

237 3413 241 3420 .
261 3351 347 3418 mins
359 3350 525 3418 continens
536 3350 591 3438 qui
603 3363 755 3440 negarent
765 3374 878 3421 scesse
893 3351 1102 3426 Christianos,
1113 3364 1172 3416 ant
1183 3351 1278 3416 fnisse.

264 3459 347 3525 Com
362 3471 521 3549 praeeunte
538 3481 590 3525 me
601 3459 684 3524 Deos
694 3456 901 3547 appellarent,
919 3471 951 3524 et
962 3458 1089 3547 imagini
1103 3471 1167 3524 tuae
1183 3460 1283 3545 (qoam
1344 3474 1346 3519 t

177 3615 183 3632 .
264 3580 393 3655 propter
414 3569 476 3634 hoe
499 3570 653 3655 jusseram
674 3589 749 3633 cum
770 3567 945 3634 simulacris
972 3567 1141 3632 numinum
1166 3566 1282 3649 all'erri)

264 3675 359 3740 thure
373 3699 411 3741 ac
425 3677 498 3742 vino
515 3676 725 3766 supplicarent
731 3701 740 3750 r
760 3657 909 3767 practerea
926 3671 1154 3756 maledicerent
1165 3675 1285 3740 Christo
1345 3690 1346 3723 t

271 3782 423 3871 (quorum
444 3783 520 3850 nihil
542 3787 610 3874 cogi
627 3809 717 3875 posse
732 3787 882 3854 dicuntur
903 3786 1045 3873 quisunt
1061 3783 1286 3858 reveraChris-
