2646 4596
269 215 334 291 4ιῦ
451 221 454 228 ’
567 229 820 274 εηετιιυετιιπ
844 229 997 272 ariaratus

269 341 353 404 »lius
373 350 406 403 ct
421 356 527 402 semen
547 335 685 422 hujus¹i
704 363 716 396 a
733 337 782 400 An
801 358 865 399 non
887 343 1011 421 poterat
1027 333 1130 397 statim
1147 333 1261 400 multitu·

269 445 376 508 dinam
386 443 551 507 hominum
563 441 690 505 creare?
701 441 778 514 sed,
792 450 827 504 ut
838 439 1025 527 praeclarum
1037 462 1105 504 osso
1120 440 1261 524 judicant,
1307 435 1308 452 ¹

269 549 384 614 liberos
396 548 436 611 ad
446 546 573 634 justitiae
589 547 839 610 observationem
854 545 981 632 angelos
996 556 1028 609 at
1046 545 1184 609 homines
1197 569 1261 610 croa-

268 658 325 731 ait,
341 678 379 720 ao
397 665 539 738 tempora
560 651 700 714 definivit
721 653 825 738 quoad
842 653 963 715 honum
983 673 1049 714 raso
1069 651 1211 736 judicarat
1225 675 1260 716 cat

268 761 369 826 libero
381 760 426 824 uti
436 759 566 823 arbitrio
576 779 584 820 ε
596 759 711 844 atquin
723 757 1036 846 pariterpraeolarum
1048 777 1118 820 esso
1125 757 1259 842 judinta.
1305 749 1308 828 l

268 882 301 933 ot
312 867 470 954 generalia
487 879 518 930 ct
534 866 733 954 particularia
749 867 866 954 judicia
881 866 969 938 fecit,
981 873 1131 928 manente
1145 863 1262 951 utiquelr

270 979 346 1039 bero
365 973 506 1037 arbitrio.
528 973 617 1037 Unde
637 973 799 1060 Scriptura
811 973 843 1038 in
861 973 958 1035 turris
971 971 1262 1036 exstructioncatlia

269 1101 403 1170 guarum
423 1077 588 1166 multiplici
604 1079 755 1143 divisione
771 1101 809 1143 ao
824 1077 1000 1141 mutatione
1019 1077 1092 1140 haeo
1108 1077 1178 1140 dicit
1194 1098 1201 1138 ε
1216 1077 1261 1140 nn

269 1217 282 1247 a
300 1188 543 1252 dixitDorninus
558 1211 565 1249 :
580 1187 663 1251 Ecce
675 1209 772 1273 genus
791 1207 902 1258 unum,
920 1195 952 1248 ct
967 1181 1092 1247 labium
1110 1204 1199 1246 unum
1213 1205 1262 1246 ou-

270 1321 282 1354 »
298 1294 385 1356 nium
403 1317 410 1355 :
426 1294 466 1356 Et
481 1292 544 1357 hoc
559 1291 664 1355 lacero
679 1302 855 1378 cuperant,
868 1301 900 1354 ot
912 1310 999 1354 nunc
1010 1311 1076 1354 non
1094 1288 1262 1354 doliciontrl

269 1401 342 1464 »cis
361 1419 568 1484 quacumque
585 1399 774 1462 tentaverint
788 1399 891 1463 facero
901 1397 923 1460 ².
942 1395 1054 1461 »Illud
1070 1409 1191 1461 autam:
1207 1397 1267 1460 ula-
1306 1438 1307 1495 p

269 1507 377 1570 »aruit
388 1518 539 1591 tanquam
551 1516 629 1569 tosta
643 1505 740 1569 virtus
752 1504 834 1578 mca',
847 1517 879 1568 et
891 1503 995 1590 lingua
1008 1523 1082 1566 moa
1095 1501 1212 1568 adhasit
1220 1501 1265 1566 lau
1306 1502 1307 1505 ’

269 1642 282 1673 a
301 1613 390 1678 cibus
402 1613 479 1675 mois
489 1611 513 1684 ¹,
531 1641 544 1671 a
559 1611 702 1676 similitor
712 1633 823 1676 eorum
834 1633 904 1698 quae
916 1609 1095 1680 secundum
1108 1607 1265 1674 votunuon

266 1719 369 1802 ¹Patris
379 1717 523 1781 ⁴lactarus
535 1727 615 1791 crat,
632 1718 854 1804 praenuntiatio
867 1717 935 1781 suit.
953 1717 1101 1780 Potentia
1116 1715 1194 1780 anian
1204 1711 1264 1780 itta

267 1827 356 1889 verbi
372 1826 430 1898 vis,
446 1847 503 1911 por
520 1847 755 1912 quamscmpar
765 1825 935 1890 Pharisaeos
947 1837 979 1888 ct
995 1824 1139 1899 Scribas,
1154 1825 1200 1910 qui
1211 1845 1265 1888 cau

268 1955 306 1995 oo
319 1932 534 2019 disputabant,
542 1955 582 1996 ac
591 1955 700 1997 omncs
706 1955 833 2020 prorsus
844 1931 877 1996 in
889 1954 1004 2019 gonaro
1014 1943 1125 1995 vostro
1134 1931 1265 2018 magistros

269 2041 595 2125 urguebat‚.suspensa
607 2039 748 2104 constitit
760 2040 856 2102 instar
867 2038 1068 2102 exuberantis
1079 2048 1116 2100 ot
1130 2035 1268 2102 7111111101-

266 2144 306 2208 tis
323 2145 414 2230 cujus
429 2167 510 2230 aqua
522 2169 629 2210 avorsa
645 2159 705 2220 ost,
724 2167 798 2210 cum
810 2144 915 2212 sileret
927 2146 1010 2233 ipso,
1024 2165 1063 2206 ac
1074 2143 1186 2210 nemini
1195 2143 1266 2230 quil

267 2273 363 2337 quam
385 2260 497 2315 coram'
516 2251 615 2316 Pilato
635 2253 824 2339 respondero
844 2250 949 2324 vellet,
973 2249 1224 2336 quemamodum
1242 2250 1266 2312 in

268 2359 502 2423 commentariis
522 2359 745 2447 Apostolorum
763 2364 832 2448 ejus
854 2361 1107 2424 demonstratum
1122 2369 1176 2432 cat,
1193 2369 1224 2420 ot
1240 2369 1266 2418 et

266 2462 347 2528 illius
368 2467 467 2530 Esniae
486 2467 563 2531 dicti
582 2467 703 2530 fructus
721 2467 832 2531 efficax
851 2475 1006 2530 cxstarot:
1038 2465 1207 2530 «Dominus
1226 2463 1268 2526 dat

142 2603 150 2612 ·
266 2599 279 2632 a
296 2571 372 2636 mihi
384 2571 536 2661 linguam,
554 2585 589 2638 ut
601 2575 703 2647 norim
715 2575 842 2659 quando
853 2595 905 2638 mo
917 2585 1062 2662 oporteat
1075 2575 1202 2640 vertum
1210 2593 1268 2658 pru

268 2709 280 2739 i
296 2678 380 2765 loqui
391 2679 413 2744 ⁴.
428 2708 441 2740 »
456 2681 553 2758 Quod
564 2694 671 2746 autom
684 2683 761 2748 dicit
775 2705 783 2745 t
802 2683 911 2746 «Deus
926 2704 1061 2746 meuses
1074 2691 1129 2754 tus
1147 2679 1269 2746 ncdiacr·

268 2789 348 2852 »das
373 2811 389 2852 a
411 2811 462 2853 mo
475 2789 525 2864 ⁵‚a
551 2789 644 2854 simul
665 2792 758 2856 docet
778 2792 810 2854 in
829 2789 945 2864 Deum,
967 2790 1021 2876 qui
1040 2791 1149 2854 omnia
1164 2773 1266 2854 cacavit.

267 2917 392 2980 sperare
413 2919 522 2960 omnes
545 2897 672 2974 dabore,
693 2910 724 2962 ct
742 2900 837 2962 abeo
855 2897 921 2961 solo
939 2897 1073 2962 salutem
1089 2909 1124 2962 et
1145 2895 1267 2962 auxilirut

266 3023 422 3088 quaerore;
446 3027 506 3068 nec
521 3017 707 3070 coetororum
726 3006 891 3071 hominum
907 3027 995 3069 more
1015 3003 1151 3069 salutem
1165 3015 1269 3093 proptor

265 3131 375 3196 genus,
396 3122 450 3174 aut
470 3113 578 3186 robur,
600 3126 654 3176 aut
675 3113 808 3186 divitias,
830 3121 884 3176 aut
903 3111 1101 3197 sapientiam,
1123 3110 1269 3198 assequisc

265 3242 358 3304 posse
373 3219 504 3306 opinari.
526 3220 627 3298 Quale
643 3222 790 3308 estquod
805 3222 862 3308 ipsi
878 3243 1005 3307 quoquc
1021 3243 1147 3308 sempor
1162 3219 1268 3284 lenatia

266 3327 319 3411 qui
330 3326 499 3414 aliquando
511 3331 639 3415 quidam
651 3327 785 3394 vitulum
796 3329 967 3405 conflastis,
984 3309 1110 3416 compar
1121 3317 1223 3392 auton
1233 3327 1268 3390 ir-

264 3444 369 3519 gratos
392 3445 423 3500 at
445 3438 603 3523 justorum
625 3439 854 3514 interfectores,
877 3449 909 3502 ot
930 3437 1105 3525 arrogantia
1128 3436 1172 3502 ob
1190 3457 1269 3525 genus

264 3554 402 3608 vostrum
423 3545 554 3612 inllatoa
568 3569 623 3612 voa
636 3549 837 3614 orhibui'atis.
866 3548 945 3614 Nam
968 3547 993 3612 si
1015 3545 1112 3611 Filius
1133 3545 1204 3618 Dei,
1225 3567 1269 3608 nac

296 3689 381 3740 ¹Gcn.
403 3683 440 3751 iu,
467 3699 503 3745 15.
524 3725 553 3732 —
571 3697 655 3744 ²Gen.
676 3715 709 3754 κι,
727 3698 751 3743 6.
771 3727 799 3734 -
815 3695 902 3744 ³1t-n1.
918 3713 969 3746 xxi.
986 3695 1020 3742 16.
1039 3723 1067 3731 -
1082 3691 1168 3740 ‘Fani
1182 3709 1203 3752 a,
1215 3689 1270 3748 l.-

261 3772 345 3822 5ΡειηΙ.
357 3791 408 3836 xxi,
425 3793 461 3826 rr.
