2616 4620
369 323 409 364 AD
433 320 631 372 surculeum,
656 321 716 364 ult·
740 321 761 360 1.
1019 321 1077 388 129

60 432 200 520 spiritum
211 429 327 504 dicam,
340 449 444 494 meam
455 427 550 514 ipsius
562 425 801 513 respirationem
812 426 884 491 dico
896 448 906 489 :¹
920 426 945 491 si
960 427 1078 515 sapien·

59 544 132 606 tiam
147 540 263 616 dicem,
277 540 346 627 ejus
354 523 540 628 progeniem
553 536 625 602 dico
640 558 647 599 :
666 536 692 602 si
704 537 803 601 robur
814 534 930 612 dicam,
945 538 1015 626 ejus
1026 559 1080 625 po

59 650 188 716 tentiam
203 648 274 714 dico
293 670 300 710 :
319 645 344 711 si
361 646 509 712 virtutem
524 643 641 719 dicam,
658 644 726 731 ejus
747 643 962 731 operationem
981 645 1052 711 dico
1069 670 1076 710 ε

60 759 85 824 si
101 756 331 848 providentium
346 754 464 830 dicam,
480 753 548 842 ejus
562 753 789 841 benignitatem
804 753 875 820 dico
888 775 896 818 ε
911 754 937 818 si
949 777 1081 844 regnum

61 867 254 954 dicam,ejus
266 863 398 954 gloriam
406 863 495 930 dico:
508 862 706 930 eideminu'm
715 861 831 936 dicam,
840 862 979 949 judicem
992 865 1081 930 dico:

60 977 85 1042 si
100 974 240 1064 judicem
253 975 367 1048 dicem,
381 974 500 1060 justum
510 995 585 1040 eum
597 971 669 1038 dico
683 997 691 1038 ε
706 973 730 1038 si
747 985 869 1062 patrem
885 973 1001 1049 dicem,
1014 994 1085 1039 om·
1145 949 1152 966 .

61 1085 111 1152 niu
126 1106 201 1150 eum
213 1083 305 1149 dico:
321 1083 347 1147 si
359 1083 464 1171 iguem
475 1082 591 1156 dicam,
608 1081 804 1148 iracundiam
815 1082 886 1168 ejus.
896 1081 977 1148 dico.
992 1084 1085 1149 Dices

62 1195 156 1282 igitur
170 1192 250 1260 mihi
263 1214 271 1256 ε
286 1191 436 1258 Irascitur
453 1190 559 1256 Densi
570 1190 704 1256 Maxime
719 1212 727 1254 t
741 1191 887 1256 irascitur
900 1191 985 1257 euim
1003 1191 1085 1257 mele

62 1301 238 1392 agentibus,
254 1302 358 1366 bonus
373 1311 492 1366 vernet
511 1299 666 1388 benignus
683 1311 716 1364 et
731 1300 908 1366 misericors
923 1313 971 1365 cst
986 1302 1087 1368 ineos

63 1413 117 1500 qui
128 1433 204 1476 eum
214 1422 321 1476 amant
331 1431 369 1476 eo
380 1408 503 1477 timent.
518 1409 575 1474 Est
586 1408 671 1473 enim
683 1407 969 1496 magisterpiornm
985 1421 1016 1474 et
1030 1432 1088 1499 pas

63 1536 112 1586 ter
121 1521 291 1608 justornm,
303 1518 400 1606 judex
412 1540 486 1584 vero
498 1529 531 1584 et
543 1517 656 1584 vindex
667 1517 848 1606 impiorum.

107 1628 159 1694 lV.
176 1628 269 1696 Caret
286 1627 442 1716 principio
461 1627 533 1715 quio
553 1627 709 1716 ingenitus
727 1638 776 1692 est
796 1649 804 1690 ε
822 1626 1027 1694 immutabilis
1042 1640 1090 1694 est

63 1752 217 1829 quatenus
233 1736 429 1806 immortalis.
448 1736 677 1811 Benedicitur,
700 1738 743 1796 διὰ
761 1739 793 1796 τὸ
811 1743 960 1810 τεθεικέναι,
978 1737 1011 1804 id
1029 1751 1090 1816 est,-

64 1850 136 1937 quiu
152 1847 256 1914 omniu
272 1847 305 1911 in
319 1869 375 1912 suo
395 1844 493 1933 ipsius
515 1843 683 1910 stabilitate
702 1845 819 1932 posuit,
838 1858 871 1910 et
888 1847 932 1906 as
952 1849 984 1908 τὸ
1005 1852 1087 1912 θέην.

65 1958 150 2046 quod
165 1957 249 2021 idem
259 1966 307 2020 est
318 1977 356 2020 sc
367 1976 496 2020 currere
507 1964 540 2017 et
555 1975 694 2026 morere,
707 1965 739 2018 et
756 1954 892 2042 operari,
909 1957 1090 2033 etnutrirc,

66 2080 99 2132 ot
109 2065 286 2154 providere,
295 2075 328 2130 et
337 2061 495 2130 vivificare
507 2062 623 2128 omnia.
639 2062 792 2128 Dominus
803 2076 851 2128 est
862 2065 934 2151 quia
946 2067 1093 2132 omuibus

66 2175 247 2240 dominatur
254 2196 263 2245 ;
272 2184 375 2259 pater,
384 2172 457 2259 quia
468 2181 541 2238 aute
552 2171 673 2258 omnim
685 2172 868 2237 conditoret
876 2186 1011 2249 crentur,
1020 2175 1092 2261 quia

65 2283 170 2348 omnia
191 2279 334 2348 condidit
352 2294 384 2346 et
406 2281 537 2352 creavisr
557 2278 738 2356 altissimus,
762 2281 834 2367 quia
855 2303 949 2369 supra
967 2285 1090 2356 omnint

65 2391 278 2478 omnipotens,
291 2390 363 2477 quia
377 2390 482 2457 omnin
495 2400 581 2454 tenet
595 2399 627 2452 et
642 2385 875 2473 complectitur.
891 2389 970 2455 Nam
984 2401 1018 2454 et
1030 2389 1093 2455 alte

1 2479 2 2508 ³
66 2496 234 2570 coelorum,
256 2509 288 2560 et
310 2496 466 2583 profunde
487 2496 674 2580 abyssorum
693 2503 725 2556 et
750 2494 876 2558 termini
897 2497 982 2562 orbis
1002 2511 1093 2564 tene

67 2618 141 2672 sunt
155 2607 188 2672 in
204 2627 300 2670 manu
314 2605 403 2690 ejus:
419 2625 479 2668 nee
493 2615 540 2666 est
555 2602 644 2668 locus
658 2601 692 2667 in
707 2625 771 2688 quo
788 2615 929 2668 moretur
941 2618 973 2670 et
987 2608 1094 2694 quies-

66 2726 127 2780 cat.
148 2715 204 2780 Est
224 2712 310 2778 enim
329 2709 445 2777 eoelum
466 2710 535 2797 ejus
556 2731 649 2796 opus,
666 2720 750 2776 terra
774 2720 807 2774 et
827 2734 914 2776 mare
936 2714 1005 2800 ejus
1024 2716 1095 2804 opi-

66 2821 188 2898 ficium,
201 2819 297 2886 homo
313 2818 381 2906 ejus
397 2817 584 2905 figmentum
603 2829 635 2882 ct
649 2815 763 2904 imago.
778 2816 845 2891 sol,
862 2817 936 2884 luna
951 2833 984 2884 et
998 2821 1095 2890 stellae

66 2941 142 2996 sunt
160 2930 230 3016 ejus
249 2926 417 3000 elementa,
437 2924 470 2990 iu
492 2924 578 3013 signa
598 2935 630 2988 ct
652 2935 807 3012 tempora,
823 2936 855 2988 et
870 2925 936 2992 dies
950 2940 982 2994 et
996 2951 1095 2997 anuos

68 3037 209 3110 condita,
227 3047 261 3100 ut
277 3035 454 3100 ministrent
468 3043 501 3096 et
515 3031 651 3096 serviant
666 3031 857 3097 hominibus.
876 3034 980 3123 Atque
991 3041 1095 3106 omnia

68 3150 155 3214 Deus
173 3145 260 3220 lecit,
276 3165 350 3210 cum
368 3153 459 3208 antea
477 3164 541 3209 nou
556 3151 672 3215 essent,
689 3153 725 3206 nt
739 3165 778 3208 ex
799 3145 947 3231 operibus
962 3171 1097 3238 cognos-

69 3270 163 3325 catur
177 3267 210 3320 ct
224 3250 414 3340 intelligatur
424 3253 493 3340 ejus
509 3251 666 3338 majestas.

113 3363 153 3432 V.
172 3362 253 3430 Nam
268 3359 534 3448 quemadmodum
552 3359 656 3424 anima
673 3361 703 3424 in
725 3359 853 3429 homine
875 3387 939 3430 nou
959 3367 1094 3445 ridetur,
1129 3391 1132 3398 ’

70 3473 127 3542 sed
142 3495 217 3538 cum
232 3470 329 3558 lugiet
344 3468 498 3534 humanos
514 3467 609 3541 visus,
625 3491 663 3536 ex
678 3480 767 3535 motu
789 3473 930 3560 corporis
949 3475 1096 3566 intelligi-

70 3599 137 3658 tur,
154 3582 243 3646 itaet
260 3579 345 3644 Deus
364 3575 462 3644 oculis
482 3577 627 3643 humanis
649 3577 745 3644 videri
766 3603 830 3645 uon
849 3593 964 3668 potest,
981 3585 1036 3649 sed
1057 3609 1096 3651 ex

69 3690 267 3782 providentia
282 3701 313 3754 et
329 3689 476 3776 operibus
491 3688 615 3754 ridetur
629 3698 661 3753 et
676 3687 866 3778 intelligitur.
884 3691 1096 3770 Quemadmo-

70 3801 150 3866 ‹lunr
165 3799 249 3864 enim
265 3810 297 3862 et
315 3818 426 3864 novem
439 3795 509 3882 quis
524 3795 557 3860 in
571 3795 650 3860 muri
667 3795 852 3862 instructam
867 3811 899 3862 et
914 3817 1093 3868 currentem

71 3907 182 3974 videns
193 3919 224 3972 et
238 3905 279 3971 od
290 3904 376 3972 littus
386 3901 609 3993 appellantem,
621 3902 731 3992 procul
744 3904 840 3970 dubio
850 3907 1093 3993 gubernatorem

162 4037 196 4080 u.
898 4038 917 4100 9
