2616 4620
295 228 355 294 rso
632 251 656 292 s.
683 249 711 292 r.
737 247 767 292 s.
794 247 960 292 rusorum

290 355 416 422 infundo
430 353 567 422 facinora
586 354 626 419 ub
641 354 692 420 bis
709 353 825 442 pauori
843 353 999 418 dixeumt.
1015 349 1067 417 dc
1085 349 1182 416 loris
1198 351 1305 437 quidun

289 465 440 551 imprimis
454 463 569 530 nesurie
581 462 661 528 facts
672 461 804 550 pleniori
819 485 874 527 ore
887 473 989 550 poctae
1003 460 1205 548 praedicnnt.
1220 459 1301 524 cns-

291 573 396 660 sippns
407 583 512 638 sutem
530 572 584 658 qui
603 570 704 638 multa.
718 582 853 658 nugetus
862 583 926 646 est,
941 593 1052 636 ennon
1072 569 1258 656 significare
1272 595 1303 632 u-

291 681 414 748 venitur
430 681 588 746 Junonem
604 704 657 746 ore
673 681 796 768 impuro
811 701 884 745 cum
899 679 979 744 Jove
997 701 1072 744 esse
1097 679 1300 765 congressum

292 788 379 866 Quid
399 789 483 854 enim
504 789 611 853 metris
632 786 725 863 iltius,
743 811 811 873 quae
832 786 959 862 dicitur,
983 787 1147 860 deorum,
1171 798 1226 849 aut
1240 785 1298 848 ion

291 895 420 962 Latiaris
435 896 617 983 sanguinem
631 895 805 960 humanum
820 894 964 969 sitientis,
979 905 1039 959 eut
1060 893 1190 960 Attidis
1206 907 1291 958 cestre

292 1002 432 1069 lascivius
451 1003 653 1070 recenseam?
669 1016 723 1068 nut
737 1004 847 1069 Jovem
867 1001 957 1070 illum
977 1001 1188 1091 cognomine
1202 1001 1297 1088 Trage-

293 1110 381 1185 dum,
394 1111 546 1198 quisnam
562 1112 670 1204 ipsius,
683 1123 719 1176 ut
735 1111 912 1202 perbibent,
934 1133 1073 1178 monum
1092 1109 1295 1180 inundentur

292 1243 379 1286 nunc
391 1220 467 1286 deus
478 1221 563 1308 apud
573 1221 730 1290 Romrnos
742 1219 875 1300 colitur?
886 1219 991 1288 Taceo
1002 1219 1140 1307 templa
1156 1219 1295 1287 Antist&

294 1340 492 1404 caeterorum,
511 1352 587 1416 quos
605 1341 729 1404 vocent,
745 1329 892 1400 dmrnm
911 1329 1012 1394 risum
1028 1327 1146 1402 enim.
1167 1327 1239 1392 drnn
1250 1349 1291 1389 nn-

293 1449 414 1512 rnntur,
426 1437 560 1504 cordatis
572 1439 644 1504 viris
659 1439 832 1504 excutiunt.
842 1435 899 1502 vot
914 1436 1095 1524 impietatis
1109 1437 1293 1524 igiturerui

293 1543 431 1632 ipsorum
445 1543 566 1632 scriptis
582 1555 757 1633 arguuntur
771 1544 824 1631 qni
841 1541 911 1610 tolio
929 1541 1161 1631 philosophati
1182 1555 1256 1614 sunt,
1268 1567 1288 1600 r

294 1652 388 1716 etium
403 1651 573 1738 promiscui
591 1675 629 1718 uc
645 1651 769 1716 nefandi
784 1650 981 1716 concubitus.
1001 1651 1098 1729 Quin
1117 1649 1221 1716 etiam
1231 1649 1293 1714 tun

293 1781 370 1822 num
391 1759 599 1824 rorandorum
616 1759 826 1826 inbumnnitns
841 1759 923 1846 opud
939 1781 993 1822 eos
1009 1757 1262 1847 deprehenditur
1272 1781 1291 1816 n

293 1865 331 1931 iis
348 1888 417 1951 que
432 1867 545 1953 scripte
561 1866 771 1954 reliquendum
785 1880 817 1932 et
836 1891 912 1954 quos
929 1866 1040 1933 colunt
1056 1868 1160 1942 deos,
1174 1867 1290 1956 princip*

293 1995 347 2038 eos
364 1973 505 2038 scribunt
519 1973 613 2039 fuisso
628 1974 742 2039 borum
755 1974 927 2040 sucinorum
942 1972 1167 2038 edendorum.

336 2075 392 2140 IX.
411 2077 474 2145 Nos
490 2090 594 2144 nutem
608 2089 640 2144 et
654 2079 756 2146 Deum
779 2078 981 2152 confitentum
995 2078 1056 2144 sed
1077 2101 1204 2154 rm,
1219 2079 1290 2144 cond·

294 2194 394 2248 torem
408 2196 440 2277 et
455 2197 671 2252 creotoremet
689 2185 834 2274 opificem
857 2185 951 2274 buius
968 2185 1115 2252 universi
1139 2209 1152 2250 ι
1173 2201 1205 2252 et
1221 2209 1290 2274 pror.-

295 2291 398 2358 dentis
419 2295 586 2380 gubernari
604 2296 709 2364 omnia
724 2296 851 2370 snimru,
868 2294 923 2362 sed
937 2295 975 2362 'nb
992 2315 1032 2360 ee
1051 2294 1133 2363 sudu
1149 2320 1159 2360 ι
1178 2309 1210 2360 et
1223 2296 1291 2382 tege

295 2407 436 2467 unctus
443 2399 619 2474 didicimus,
629 2401 686 2468 sed
695 2399 1066 2489 legislatorembobemus
1079 2425 1201 2468 reru
1211 2403 1284 2468 Βειιι

296 2528 312 2570 n
329 2529 391 2592 qno
406 2519 437 2576 et
451 2509 604 2594 justitium
621 2508 723 2581 colere
739 2520 771 2578 et
785 2509 932 2597 pietatem
947 2519 980 2575 et
998 2509 1086 2576 boun
1104 2534 1208 2598 open
1219 2511 1293 2574 isoes«

296 2614 479 2686 edocemur.
491 2617 537 2684 Ae
549 2618 587 2683 de
599 2619 714 2706 pietate
726 2619 852 2706 quidem
863 2618 907 2684 sie
918 2617 1091 2705 proecepite
1114 2644 1129 2680 ι
1144 2621 1206 2708 Non
1220 2623 1294 2683 enm

295 2723 377 2788 stibi
393 2725 435 2788 dii
450 2724 541 2790 alieni
556 2738 668 2813 preter
683 2750 744 2791 me.
760 2727 829 2792 Non
845 2726 938 2792 iacies
954 2725 1011 2790 tibi
1029 2726 1092 2812 ipsi
1111 2727 1240 2800 idolum,
1251 2745 1295 2793 mn

296 2859 308 2892 s
324 2833 510 2918 cujusquam
529 2831 763 2908 similitudinem
781 2855 987 2921 quaecumque
1004 2833 1037 2896 in
1060 2833 1158 2900 omlis
1176 2837 1294 2920 desuper,

296 2967 309 3000 s
322 2951 377 3003 uut
387 2963 591 3028 quecumque
604 2941 635 3006 in
644 2953 725 3020 term
735 2941 1179 3031 deorsum‚uutqumcumque
1192 2945 1222 3010 in
1231 2939 1293 3028 equi

297 3075 310 3108 ι
324 3057 396 3111 sunt
408 3050 515 3114 subter
530 3061 655 3113 terrum.
674 3049 743 3114 Non
754 3049 899 3114 adorabis
910 3072 1061 3135 carneque
1074 3051 1166 3120 coles
1178 3052 1242 3122 itta:

297 3154 407 3218 »enim
419 3177 488 3219 sum
501 3155 653 3220 Dominus
668 3155 751 3220 Deus
762 3154 865 3220 tuus¹.
885 3183 899 3216 ι
912 3155 959 3220 De
978 3156 1072 3220 bonis
1087 3169 1202 3224 antem
1218 3183 1235 3222 o
1276 3152 1284 3173 ‘

296 3265 354 3332 bus
366 3264 411 3329 sic
421 3263 478 3328 nit:
493 3263 640 3328 «Honora
653 3276 773 3350 putrem
785 3274 875 3329 tuum
885 3275 918 3328 et
929 3276 1063 3329 matrem
1076 3277 1181 3343 tunm.
1195 3281 1229 3332 ut
1260 3291 1264 3296 ·

297 3372 379 3436 stibi
395 3372 446 3447 sit,
458 3383 490 3434 et
500 3383 535 3435 ut
546 3371 755 3460 longevussis
773 3393 867 3460 super
882 3384 997 3437 terram
1012 3396 1108 3460 quum
1127 3397 1189 3464 ego
1206 3375 1266 3438 dot

297 3509 309 3541 s
325 3480 476 3546 Dominus
488 3479 581 3544 Deus.
593 3481 717 3567 »Atque
725 3479 819 3544 etiam
832 3480 870 3544 de
881 3479 999 3566 justitie
1009 3501 1018 3542 τ
1030 3479 1125 3546 «Non
1137 3483 1242 3546 moecb

298 3590 375 3654 sris.
392 3588 460 3656 Non
472 3587 606 3658 occides.
621 3587 691 3658 Non
702 3587 865 3660 bushoeis.
881 3587 949 3658 Nou
968 3585 1049 3654 sobo
1059 3591 1253 3659 tesubmiw

297 3722 310 3755 ι
324 3694 555 3781 truprorimum
567 3705 656 3769 tuum
668 3695 883 3769 tenimentum
891 3692 1013 3766 tubum.
1027 3695 1102 3765 Neu
1111 3700 1256 3785 concupi
