2648 4598
301 173 359 248 rol,
699 193 911 234 sruauucoee

295 309 401 366 autem
415 323 474 366 nec
488 300 601 365 lrustra
613 301 774 370 bominem
786 299 877 372 leoit3
892 309 941 364 est
950 299 1031 364 enim
1039 297 1221 386 sapieus,uulun

295 418 403 474 autem
415 407 572 495 sapientie
583 431 661 496 opus
672 406 801 474 inutiles
814 429 874 472 nec
882 407 925 473 ad
935 407 1222 495 propriumsuumusun

297 513 381 580 nulla
396 515 481 580 enim
496 537 529 580 te
544 515 679 604 indiget;
699 515 754 604 qui
770 527 876 580 autem
891 512 979 580 nulla
992 513 1104 579 omnino
1116 534 1141 576 rc
1152 512 1222 596 iulipu

298 647 351 690 sue
367 625 396 689 ei
411 647 506 712 opera
521 624 599 690 nihil
613 626 655 691 ad
667 626 829 714 proprium
841 647 937 690 usum
946 621 1102 689 attulerint
1114 621 1222 686 &duob

297 731 435 819 aliquam
457 755 562 798 rerum
584 755 601 798 a
625 757 658 798 se
678 745 856 800 creatarum
877 732 1038 798 bominem
1055 729 1171 796 coadidit.
1185 728 1222 791 llil

296 841 382 906 enim
395 863 434 904 cx
448 841 493 908 eis
509 865 578 930 quae
593 842 714 908 ratione
728 853 760 908 et
773 843 893 930 judicio
904 850 1049 912 utuntur.
1059 839 1094 904 ad
1106 837 1222 902 alteriuiu

298 951 466 1040 superioris
478 952 542 1018 sive
558 952 711 1020 inferioris
726 975 818 1018 usum
834 963 980 1026 creatum
991 963 1037 1016 est
1049 944 1222 1018 euteretue'

296 1057 337 1122 orl
355 1061 516 1148 propriam
535 1085 646 1128 eorum
661 1063 715 1148 qui
734 1073 881 1126 creantur
899 1061 1000 1128 sitam
1017 1071 1048 1124 et
1065 1057 1222 1146 perpetuitlen

298 1166 407 1252 Neque
427 1168 512 1232 enim
533 1171 612 1233 ratio
632 1193 723 1234 usum
739 1167 839 1234 ullum
853 1168 974 1256 reperit
988 1167 1041 1253 qui
1055 1185 1133 1230 caue
1144 1163 1170 1226 sit
1177 1161 1225 1224 lo·

298 1297 375 1340 num
389 1275 614 1363 generatione
629 1277 745 1365 quippe
756 1276 864 1344 cumii
879 1277 934 1364 qui
951 1271 1128 1340 immortales
1136 1279 1224 1334 uirtute

299 1382 503 1472 indigentiam
518 1407 646 1455 omnem
661 1386 754 1474 positi
774 1386 850 1460 sint.
864 1407 926 1451 nec
945 1382 1012 1450 ullo
1031 1391 1129 1470 egeant
1141 1378 1224 1443 henim

298 1494 438 1562 subsidio
453 1507 488 1560 ut
503 1496 650 1568 existantt
666 1494 779 1563 bellum
793 1507 899 1562 autem
914 1507 1031 1562 natura
1045 1492 1165 1579 subjecte
1172 1488 1224 1550 tittl

299 1603 341 1668 ad
355 1626 433 1690 quos
448 1627 580 1692 querque
599 1628 674 1670 usus
695 1605 945 1679 instituerunt,
966 1627 1023 1668 eos
1041 1591 1224 1666 homobeni

300 1711 408 1785 beent,
422 1733 621 1798 nequaquam
632 1721 738 1778 autem
753 1714 795 1780 ita
811 1723 1005 1800 comparatae
1016 1711 1087 1784 sint,
1097 1703 1223 1770 ubutb

301 1830 440 1884 utantur.
463 1820 571 1906 Neque
591 1821 676 1886 euim
694 1819 739 1886 fas
761 1831 809 1885 est
829 1831 884 1885 aut
904 1820 979 1894 luit,
1000 1820 1034 1886 id
1048 1815 1123 1904 quod
1135 1813 1221 1898 impul

301 1927 513 2014 principatum
532 1939 631 2002 tenet,
652 1929 692 1994 ad
714 1952 807 1994 usum
825 1929 1014 1994 inferiorum
1030 1909 1225 2013 dejicerent

303 2036 424 2100 ratione
445 2036 556 2110 utitur,
577 2037 671 2099 rebus
686 2035 815 2100 rationis
836 2035 1035 2122 expertibus,
1050 2021 1224 2112 memorat

303 2143 535 2230 imperandum,
551 2144 756 2208 summittere.
776 2144 995 2222 Quamobrem
1011 2145 1038 2209 si
1059 2165 1115 2208 nec
1127 2141 1219 2204 ΜΝ·

305 2274 365 2316 nec
380 2251 494 2316 srustre
507 2263 631 2318 creatus
643 2264 690 2318 est
704 2252 801 2318 bomo
816 2251 912 2339 (nihil
927 2254 1016 2320 enim
1029 2249 1219 2324 interemor

304 2356 429 2433 inutile,
441 2368 596 2445 quantum
608 2360 648 2424 ad
659 2361 796 2426 auctoris
811 2358 980 2428 consilium
991 2344 1226 2449 speetat)‚ttt¹lll‘

305 2467 370 2532 sius
385 2467 535 2531 creatoris
552 2491 658 2542 usum.
675 2490 735 2534 neo
748 2468 791 2534 ut
808 2465 935 2533 alterius
952 2469 1126 2558 cujuspiam
1136 2461 1165 2526 πὶ
1172 2451 1226 2535 sl'ps

306 2576 454 2649 concitet
473 2573 571 2664 liquet
585 2578 702 2653 Deum,
718 2579 744 2643 si
758 2578 860 2666 prima
874 2589 907 2642 et
922 2577 1016 2644 latius
1031 2587 1132 2668 patens
1145 2561 1227 2636 crull

306 2700 358 2751 tur
379 2687 471 2762 ratio,
485 2699 614 2776 propter
630 2689 768 2777 seipsum
783 2699 817 2752 et
829 2685 1009 2754 elucentem
1024 2689 1059 2754 in
1075 2681 1186 2752 omnibtt
1193 2667 1232 2756 'pit

204 2865 209 2872 ,
308 2795 454 2881 operibus
474 2795 649 2862 bonitatem
667 2807 700 2860 et
716 2795 902 2884 sapientiam
920 2795 1095 2862 adductum
1106 2789 1175 2856 luisse
1186 2775 1234 2886 ullu

308 2903 428 3003 minem
442 2903 575 2976 leceret;
594 2905 620 2968 si
635 2926 709 2972 vero
725 2905 870 2992 proprior
883 2917 917 2970 ct
931 2905 1005 2992 ipsis
1021 2899 1176 2970 bominibus
1188 2889 1235 2994 wll*

309 3009 440 3074 interior
461 3012 539 3078 ratio
555 3023 728 3098 spectetur,
744 3023 876 3102 propter
894 3013 1035 3100 ipsorum
1050 3012 1146 3080 vium,
1160 3010 1236 3088 qffip

311 3118 384 3184 dem
400 3141 464 3184 non
479 3120 520 3185 ad
535 3122 630 3186 breve
646 3119 774 3207 aliquod
789 3133 912 3208 tempus
924 3115 1147 3188 succendenda,
1156 3131 1182 3173 ³0
1193 3107 1238 3190 put·

314 3229 443 3295 omnino
459 3229 686 3317 exstinguenda
702 3231 750 3294 ait.
769 3228 944 3318 Reptilibus
959 3230 1045 3294 enim
1060 3238 1089 3294 et
1103 3215 1235 3290 rolatlihttt

312 3337 505 3413 natatilibus,
522 3349 566 3412 ct,
584 3350 619 3402 ut
635 3336 727 3403 latius
742 3347 848 3426 pateat
862 3337 947 3424 quod
963 3337 1048 3414 dico,
1064 3310 1242 3434 omnibutlllll³

215 3495 217 3498 -
313 3449 468 3535 ejusmodi
482 3449 578 3518 ritum
594 3449 736 3514 attribuit
750 3449 844 3514 Deus.
863 3447 926 3526 Qui
938 3469 1012 3513 uero
1027 3446 1117 3534 ipsius
1129 3441 1238 3544 creatore

316 3557 493 3624 mulacrum
516 3559 548 3622 in
569 3581 602 3624 so
621 3558 696 3646 ipsis
714 3558 832 3632 lerunt,
848 3581 886 3622 oc
899 3569 1005 3622 mente
1023 3549 1171 3644 praeditet
1184 3547 1245 3602 etet

317 3663 472 3750 judicium
494 3665 603 3730 sortiti
613 3678 699 3740 sunt,
717 3665 752 3729 iis
774 3665 1016 3752 perpetuitatem
1035 3637 1242 3749 desponlllllll

320 3769 430 3834 tinovit
454 3783 590 3844 creator,
615 3781 650 3836 ut
670 3784 834 3838 auctorem
853 3795 944 3838 suum
963 3773 1091 3858 ejusque
1110 3752 1244 3853 potentiana

1248 3869 1249 3904 l
