2630 4614
271 300 393 346 eourna
418 298 538 344 amcos
561 299 686 342 orario.
944 280 980 343 δι

25 418 61 474 ut
77 429 183 474 meum
198 407 376 474 institutum
396 405 542 478 mentium
561 417 593 470 et
608 405 661 493 qui
676 416 811 470 mortem
826 427 844 470 a
862 417 894 471 te
909 427 986 473 con-

7 517 71 582 mni
86 516 221 591 dictitas,
237 536 296 579 eur
310 511 444 578 hortaris
459 523 495 578 ut
509 533 579 578 eam
594 524 662 578 natu
677 511 855 580 declinant
873 514 914 581 alt
928 539 986 604 ego

9 649 29 690 r
47 625 130 691 cerri
148 645 212 690 non
230 621 358 688 habeo:
378 632 551 688 vestrarum
566 632 672 690 autem
690 620 865 688 litterarum
883 625 986 690 studia

7 733 227 823 {uanissimam
237 730 413 799 Thersitam
427 731 598 798 imitantur.
618 731 783 811 Quomodo
798 733 925 800 credam
937 734 987 798 di-

11 844 61 910 nti
81 840 178 908 solem
197 863 265 908 esse
283 861 417 906 massam
431 840 560 928 ignitam
575 839 742 930 lunamque
761 843 988 909 terramillam

7 953 61 1018 rim
75 953 243 1018 verborum
257 969 361 1038 pugna
378 961 463 1026 sunt,
478 971 542 1015 nou
558 949 695 1016 veritatis
710 948 881 1018 illustratio.
898 953 988 1032 Quo-

7 1061 71 1128 odo
82 1061 168 1127 enim
178 1083 241 1126 nou
253 1059 385 1126 stultum
396 1059 547 1126 Herodoti
561 1061 600 1124 de
612 1059 754 1126 Herculis
765 1061 891 1126 historia
903 1061 989 1128 libris

7 1171 117 1246 edere,
132 1179 249 1235 terram
264 1169 456 1258 superiorem
470 1166 724 1255 praedicantibus,
742 1191 779 1234 aa
794 1171 866 1235 inde
882 1170 989 1261 delap-

7 1303 45 1344 m
62 1277 186 1345 leonem
205 1301 300 1366 quem
322 1275 470 1343 Hercules
495 1275 633 1344 occidit?
652 1277 738 1357 Quid
758 1277 844 1344 enim
865 1281 991 1367 prodest

7 1385 76 1472 plus
91 1387 203 1453 atticus
225 1398 257 1451 et
276 1383 535 1475 philosophorum
550 1386 674 1460 sorites,
689 1398 722 1451 et
742 1384 992 1474 syllogismorum

8 1493 210 1562 obahilitates
226 1505 258 1560 at
279 1506 370 1560 terrm
384 1514 537 1560 mensuras
553 1505 584 1558 et
599 1505 756 1560 astrorum
778 1494 948 1581 positiones
963 1505 995 1560 et

7 1604 48 1668 lis
63 1604 196 1670 cursus?
207 1605 369 1691 Ejusmodi
384 1602 468 1668 enim
483 1603 706 1691 questionibus
724 1602 873 1690 occupari
889 1602 993 1668 homi-

7 1737 55 1778 rm
69 1725 117 1777 est
132 1713 191 1778 sihi
205 1713 349 1802 dogmata
365 1712 463 1777 instar
477 1709 553 1801 legis
569 1710 819 1799 imponentium.'

14 1821 171 1888 XXVlll.
192 1821 394 1909 Quapropter
405 1831 522 1886 vestras
533 1841 658 1908 quoque
669 1817 775 1908 legum
785 1820 995 1886 institutiones

7 1929 168 2016 ‚ntempsi
188 1927 289 1994 Unum
304 1928 390 1992 enim
402 1928 568 2014 oportebat
582 1949 649 1992 esse
666 1938 698 1991 et
712 1949 914 1994 communem
930 1951 995 1993 om-

8 2061 71 2104 um
91 2035 213 2101 risendi
228 2057 381 2101 normam.
401 2035 494 2100 Nunc
508 2047 613 2100 autem
629 2047 705 2123 quot
720 2037 871 2112 civitates,
887 2047 934 2102 tot
947 2035 995 2101 le-

7 2170 57 2212 un
76 2144 301 2218 institutionem
318 2145 359 2210 itu
376 2155 412 2208 ut
426 2165 496 2230 quae
510 2143 595 2232 apud
608 2142 774 2210 nonnullos
791 2146 893 2232 turpia
909 2157 994 2223 sunt,

7 2255 65 2320 ·ud
81 2252 156 2319 alios
168 2253 229 2318 sint
242 2251 401 2340 praeclara.
418 2251 535 2317 Graeois
550 2251 698 2316 nimirum
713 2251 897 2342 fugiendum
909 2253 995 2318 vide·

9 2391 27 2430 r
46 2387 87 2429 ne
103 2362 172 2451 quis
187 2383 261 2427 eum
272 2371 372 2426 matre
388 2360 599 2448 conjungatur
612 2382 620 2422 ε
634 2371 666 2424 at
680 2360 712 2424 id
722 2360 994 2448 praeclarissimum

7 2465 66 2539 'ud
79 2472 243 2537 Persarum
259 2491 365 2558 magos
384 2469 571 2534 institutum.
590 2467 763 2533 Puerorum
783 2491 872 2534 amor
888 2492 906 2534 a
922 2471 995 2534 bur-

7 2583 65 2647 rris
88 2580 304 2652 damnatur,a
330 2576 476 2644 Romanis
497 2589 602 2642 autem
624 2578 824 2666 prerogativa
849 2578 996 2654 donatur,

7 2692 27 2756 ri
55 2709 227 2778 puerorum
248 2707 369 2775 greges,
385 2685 482 2752 instar
502 2707 657 2774 equorum
678 2683 862 2773 gregalium,
885 2707 997 2773 cogare

7 2801 117 2865 udent.

18 2907 150 2978 XXIX.
178 2907 253 2972 Haeo
276 2926 350 2972 oum
378 2904 523 2970 vidissem
549 2925 586 2968 ae
607 2914 756 2990 praterea
777 2900 1000 2988 mysteriorum

7 3019 139 3103 trtieeps
159 3015 271 3090 faetus,
287 3013 387 3080 varias
407 3011 523 3099 ubique
539 3009 717 3098 religiones,
734 3031 803 3097 quae
817 3009 945 3097 quidem
959 3012 1000 3078 ab

7 3123 171 3192 semiustis
184 3133 216 3187 et
230 3121 418 3210 androgyuis
432 3129 654 3209 procurantur,
671 3115 895 3205 explorassem
911 3141 1000 3186 aum-

7 3258 46 3300 ue
63 3232 246 3320 reperissem
261 3229 417 3296 Latiarem
427 3227 512 3318 apud
523 3226 679 3294 Romanos
693 3227 804 3292 doram
816 3249 928 3294 eruore
939 3230 1001 3295 hu·

7 3363 81 3410 ¹auo
108 3350 141 3406 et
162 3321 312 3426 sanguino¹
337 3360 376 3402 ex
397 3335 571 3404 homicidiis
593 3335 739 3402 delectari
746 3359 757 3409 ς
785 3335 918 3402 Dianam
938 3361 1002 3404 non

7 3447 98 3518 ·ocul
123 3444 308 3536 Megalopoli
334 3445 448 3512 similes
474 3446 612 3512 actiones
637 3443 790 3533 profiteri,
816 3456 849 3510 et
869 3443 1003 3510 aliorum

7 3562 58 3630 ibi
82 3559 263 3624 daemonum
283 3556 443 3624 molitione
462 3555 560 3624 multa
577 3555 693 3623 nefarie
716 3553 802 3629 lieris
818 3566 853 3619 ut
872 3575 923 3620 me
938 3555 1003 3642 ipse

7 3668 110 3756 ›llegi
127 3668 286 3755 quomodo
309 3687 419 3732 verum
441 3665 579 3732 invenire
596 3685 720 3752 possem
738 3663 902 3751 inquisivi:
917 3685 1005 3730 eum-

7 3803 44 3844 ue
63 3777 203 3842 animum
224 3798 282 3864 per
299 3775 416 3865 optima
437 3795 567 3862 quaeque
583 3794 751 3848 versarem,
768 3771 847 3838 lorte
867 3774 898 3839 in
913 3797 1005 3862 quos-

7 3911 57 3956 rm
82 3887 264 3954 barbaricos
291 3884 388 3964 libros
411 3885 519 3960 incidi,
543 3883 733 3972 antiquiores
756 3904 850 3970 quum
872 3893 907 3949 ut
931 3906 1003 3962 aunt
