2492 4632
369 315 491 358 coarat
516 314 666 356 narrasns.
969 300 1034 383 449

10 441 85 484 :m
97 471 115 495 ‚
136 435 171 488 et
183 421 293 490 eduxit
305 424 344 490 de
359 421 497 513 AEgypto
509 420 663 513 populum
679 425 711 490 in
727 425 855 502 virtute,
870 428 914 492 uti
927 453 1035 494 rursus

6 541 46 592 :t
76 529 202 600 horna
218 532 391 623 discipulus
405 545 438 600 at
452 547 591 601 sectator
605 535 684 608 Dei:
700 547 732 600 et
745 536 903 626 affligebat
915 539 1035 607 indicto

7 641 100 708 ien
107 655 178 720 tes,
193 655 229 712 ut
244 669 309 712 non
321 657 564 714 contemnerent
576 671 650 714 eam
662 647 716 736 qui
728 647 862 724 salacit3
877 661 910 717 et
920 673 1036 718 manna

5 753 105 816 avit
122 777 215 831 eum,
233 757 278 820 uti
294 753 480 820 rationalem
496 756 678 844 acciperent
693 779 813 833 escam,
827 760 1038 848 quemadmo-

2 885 32 927 ει
52 875 114 929 et
129 863 256 953 Moyses
272 865 304 931 in
316 865 566 932 Deuteronomio
579 867 621 932 ait
636 890 644 931 ε
657 893 670 926 a
685 867 725 932 Et
735 866 851 933 cibavit
863 879 895 934 te
906 892 1036 945 manna,

3 973 103 1038 aod
119 997 191 1040 non
202 974 345 1048 sciebant
353 967 457 1064 patres
474 975 533 1050 tui,
550 975 596 1040 uti
612 998 785 1064 cognoscas
804 977 957 1064 quoniam
971 1002 1037 1045 non

4 1117 5 1124 κ
33 1105 157 1170 pane
170 1081 237 1149 solo
249 1084 324 1149 vivit
337 1083 447 1157 homo,
465 1081 565 1150 sedin
578 1083 666 1148 omni
677 1084 775 1149 verbo
788 1083 860 1159 Dei,
873 1086 1038 1175 quodpro-

3 1191 106 1258 edit
126 1191 171 1258 de
189 1214 244 1257 ore
258 1192 342 1279 ejus,
359 1191 436 1256 vivit
451 1191 548 1256 homo
566 1189 588 1253 ¹.
609 1189 761 1294 rEtprga
775 1191 878 1257 Deum
893 1189 1040 1260 dileetio·

2 1326 40 1366 n
68 1300 310 1392 praecipiebat,
328 1313 361 1366 et
381 1323 452 1366 eant
470 1323 540 1389 quae
560 1299 601 1365 ad
622 1300 801 1388 proximam
821 1313 870 1366 est
885 1303 1039 1392 justitiam

4 1413 199 1487 innabat,
212 1422 315 1478 utnec
324 1411 474 1500 injustus,
484 1409 700 1498 necindignus
709 1409 837 1484 sitDeo;
848 1425 1038 1501 praestruens

2 1523 166 1589 minem
181 1545 239 1612 per
255 1519 451 1611 Decalogum
467 1519 500 1585 in
520 1523 610 1585 suam
624 1520 812 1596 amicitiam,
829 1531 862 1586 et
882 1545 953 1588 eam
967 1547 1038 1612 quaa

1 1655 69 1698 rca
95 1631 286 1722 proximam
307 1640 355 1695 est
372 1627 578 1696 concordiam
598 1628 691 1716 (qua
707 1629 837 1717 quidem
852 1630 911 1719 ipsi
926 1631 1039 1720 prode·

31 1757 50 1808 t
70 1743 210 1810 homini
224 1743 257 1830 );
275 1739 354 1807 nihil
370 1752 478 1806 tamen
490 1739 651 1828 indigente
667 1737 735 1806 Deo
750 1741 789 1806 ab
807 1739 948 1808 bomine.

17 1853 91 1920 lv.
121 1853 259 1941 Propter
273 1852 337 1917 hoe
352 1847 517 1940 Scriptura
531 1850 575 1915 ait
592 1871 599 1914 :
625 1845 718 1916 «llas
738 1873 899 1916 sermones
916 1849 1041 1918 locutus

1 1975 62 2028 est
71 1963 242 2028 Dominus
249 1959 291 2026 ad
302 1981 431 2026 omnem
443 1979 635 2048 synagogam
646 1955 787 2025 filiorum
798 1957 893 2025 lsrael
906 1959 939 2026 in
947 1984 1041 2030 mon-

7 2085 59 2146 te.
80 2085 120 2138 et
139 2069 220 2138 nibil
235 2069 354 2160 adjecit
373 2067 403 2142 ²3
422 2096 435 2128 r
451 2065 529 2133 nihil
549 2068 648 2142 enim,
668 2067 941 2156 quemadmodum
956 2093 1039 2160 prse-

2 2183 153 2256 trimus,
167 2179 330 2270 indigebat
341 2180 381 2244 ab
393 2179 448 2244 eis.
463 2179 505 2244 Et
515 2178 632 2243 iterum
646 2177 770 2266 Moyses
782 2178 846 2244 ait:
860 2205 873 2238 ι
887 2179 926 2246 Et
938 2203 1038 2258 nanc,

12 2291 142 2368 lsrael,
159 2289 237 2379 qnid
247 2289 404 2356 Dominus
420 2287 506 2353 Dens
521 2298 594 2353 tuus
609 2285 750 2376 postulat
763 2310 780 2352 a
792 2299 837 2366 te,
854 2290 913 2356 nisi
927 2291 1040 2358 timere

11 2401 202 2467 Dominum
225 2399 329 2464 Deam
351 2411 457 2472 tuum,
478 2395 642 2462 ambulare
666 2398 697 2463 in
720 2399 867 2466 omnibus
883 2401 941 2468 viia
955 2404 1038 2491 ejus.
1066 2397 1077 2408 ’

17 2522 58 2573 et
72 2507 207 2597 diligere
219 2530 309 2583 eam,
321 2517 355 2572 et
368 2507 486 2572 sarrire
502 2507 639 2574 Domino
655 2506 723 2573 Deo
738 2519 794 2573 tuo
807 2531 848 2573 ex
862 2511 1039 2578 totocorde

2 2656 5 2673 ι
24 2629 103 2694 tuo,
118 2631 151 2684 et
165 2641 201 2684 ex
213 2629 279 2685 tota
295 2617 400 2684 anima
415 2627 470 2682 tua
487 2617 522 2682 'i
537 2645 550 2682 s
567 2617 767 2684 llaecautem
782 2615 956 2705 gloriosum
971 2620 1039 2708 qui·

2 2730 74 2794 lem
95 2727 255 2816 faciebant
272 2727 449 2802 bominem,
472 2725 506 2790 id
528 2724 615 2814 quod
635 2723 743 2789 deerat
761 2723 790 2788 ei
806 2723 982 2812 implentia,
1006 2727 1039 2792 id

4 2853 55 2916 est,
75 2840 251 2906 amicitiam
258 2837 322 2910 'Dei
331 2861 340 2912 ς
354 2836 422 2903 Deo
434 2849 542 2902 autem
552 2835 744 2923 praestabant
756 2827 833 2898 nihil
849 2857 856 2897 τ
874 2857 934 2918 nec
951 2837 1037 2902 eninr

6 2951 164 3041 adigebat
182 2949 268 3018 Dens
288 2931 458 3014 dilectione
478 2945 626 3010 hominis.
651 2942 768 3008 Deerat
789 2954 897 3008 autem
916 2944 1037 3011 bomini

5 3058 100 3148 gloria
119 3059 192 3136 Dei,
215 3080 313 3148 quam
335 3053 424 3122 nullo
444 3053 542 3120 modo
557 3061 683 3142 poterat
704 3051 881 3141 percipere,
902 3053 962 3118 nisi
981 3077 1039 3142 per
1132 3085 1135 3090 ·

6 3193 70 3235 ram
87 3167 329 3260 obsequentiam
348 3189 419 3256 quae
434 3177 483 3232 est
498 3185 571 3252 erga
583 3157 698 3228 D'eum.
714 3161 754 3226 Et
764 3155 897 3250 propter
907 3159 969 3229 boe
980 3163 1037 3229 ite·
1096 3163 1098 3168 ’

6 3303 71 3345 rum
96 3279 221 3368 Moyses
236 3277 280 3344 ait
295 3277 340 3342 eis
358 3300 366 3342 ι
385 3302 398 3336 ι
417 3273 634 3363 illigandum,
660 3282 697 3336 ut
716 3271 802 3337 vivas
817 3282 851 3337 tu
873 3283 906 3362 et
927 3295 1036 3342 semen

7 3399 137 3470 nuum,
160 3383 290 3474 diligere
311 3383 484 3450 Dominum
506 3380 610 3446 Deum
631 3391 736 3452 taum,
758 3375 907 3466 obaudire
926 3401 1038 3446 voceur

8 3500 115 3587 sajus,
138 3505 171 3562 et
190 3492 430 3583 apprehendere
445 3513 520 3556 eum
536 3511 545 3553 t
563 3488 713 3576 quoniam
729 3487 797 3554 haec
819 3498 867 3553 est
888 3489 949 3554 vita
968 3499 1035 3566 tua,

8 3635 16 3664 r
29 3619 58 3670 et
71 3602 237 3694 longitudo
249 3601 373 3666 dierum
385 3611 515 3666 tuorum
526 3596 547 3661 ⁴.
559 3596 619 3663 »ln
629 3619 726 3686 quam
737 3595 833 3661 vitam
845 3609 1035 3684 prestruens
1103 3643 1106 3650 .

9 3715 178 3792 bominem,
193 3711 343 3801 Decalogi
356 3710 486 3801 quidam
497 3707 594 3774 rerba
605 3707 672 3796 ipse
685 3705 958 3794 persemetipsum
971 3731 1037 3773 om-

11 3827 99 3894 nibus
112 3823 256 3892 similiter
269 3823 426 3892 Dominus
441 3820 567 3888 locutus
582 3828 630 3884 est
647 3839 655 3882 ε
676 3827 708 3882 et
721 3814 794 3882 ideo
806 3813 949 3884 similiter
962 3841 1036 3908 per·

39 3959 131 4010 ¹Dent.
145 3973 201 4018 vrrs,
213 3957 235 4006 3.
247 3983 278 3996 -
288 3953 383 4005 'Dent
393 3969 419 4014 v,
432 3969 471 4004 aa.
486 3981 516 3992 -
528 3951 537 3986 ¹
551 3951 627 4001 Dent.
640 3963 665 4010 a,
681 3963 758 3999 ta.—
768 3947 779 3981 ⁴
789 3947 864 3997 Dent.
875 3963 933 4008 nr,
947 3965 985 4014 19,
999 3963 1036 3999 ao.

94 4066 127 4110 ιι.
817 4056 857 4120 ²9
