2688 4626
135 213 211 357 s
265 215 344 357 1.
398 213 487 360 u.
542 213 989 385 ruamur,
1074 126 1081 134 ’

244 513 528 582 PHILOSOPHI
554 513 610 580 ET
634 513 886 597 MARTYRJS,

78 737 219 851 An
264 693 1042 854 111111111110.
1098 827 1102 844 .

34 1017 78 1056 ’Ξῖ
108 1017 273 1064 Sl'BPllffl
291 1019 588 1063 tnrnnranrn't'tortn
606 1018 752 1064 ptumus
771 1019 857 1064 LOCIS
876 1019 1058 1064 nannents.

445 1229 684 1254 n*—

67 1415 101 1478 1.
124 1413 151 1479 Ν
155 1437 174 1480 a
186 1413 373 1490 existimate,
387 1413 505 1492 Graeci,
518 1414 605 1482 nulla
620 1438 673 1481 me
688 1434 765 1481 eum
776 1412 912 1486 ratione,
925 1421 980 1474 aut
990 1406 1077 1475 nullo

41 1543 112 1586 nrm
134 1521 258 1608 judicio
276 1547 294 1588 a
310 1524 424 1590 vestris
439 1526 554 1592 ritibus
570 1523 748 1591 descivisse.
767 1519 853 1588 Nihil
876 1518 962 1584 enim
975 1519 1008 1583 in
1021 1515 1081 1582 illis

34 1654 56 1714 ³.
60 1641 192 1694 netum
206 1641 262 1694 aut
274 1631 344 1697 Deo
360 1643 532 1720 acceptum
550 1632 666 1697 inveni.
685 1629 743 1695 llla
759 1628 915 1716 siquidem
929 1628 1082 1714 ipsaque
1102 1695 1105 1702 ,

34 1750 144 1803 ›octae
163 1739 261 1802 vestri
281 1751 545 1826 composuerunt,
562 1740 661 1804 rabiei
680 1750 713 1803 et
732 1735 898 1802 vinolentae
918 1733 1085 1821 eujusdam

34 1843 235 1908 sotulantiae
250 1855 326 1910 sunt
339 1857 556 1910 monumenta.
573 1845 652 1910 Nam
667 1845 773 1932 siquis
785 1843 825 1908 ad
840 1863 913 1907 enm
928 1841 983 1929 qui
998 1839 1083 1930 apud

34 1975 97 2016 ros
127 1951 278 2016 doctrina
301 1949 442 2028 excellit,
466 1951 607 2019 discendi
629 1953 727 2040 gratia
754 1949 899 2022 accedat,
923 1949 955 2013 in
977 1945 1082 2035 plures

34 2082 143 2144 param
164 2059 333 2145 «pruisquam
351 2059 515 2126 hominum
539 2057 738 2126 difficultates
755 2055 920 2122 delabitur.
939 2053 1096 2148 Primum·

34 2279 120 2354 biei,
137 2289 171 2342 et
185 2276 298 2343 ellreni
313 2279 480 2366 cupiditati
491 2278 705 2354 auxiliantem,
718 2276 815 2343 filiam
831 2275 872 2340 ad
887 2271 1080 2340 sacrificium

35 2387 135 2452 haud
150 2398 273 2474 gravme
292 2386 427 2464 dedisse,
445 2399 477 2452 11
491 2399 592 2454 totam
607 2387 763 2453 Graeciam
778 2385 934 2458 turbasse,
956 2393 993 2445 ut
1013 2381 1080 2446 lle-

45 2491 156 2558 lrnam
168 2506 377 2584 recuperaret,
390 2519 461 2584 quae
475 2520 493 2560 a
510 2497 653 2563 scabioso
664 2505 789 2584 pastore
802 2504 890 2580 rapte
902 2501 981 2554 erat.
997 2487 1079 2554 Cum

40 2615 156 2666 1111111
170 2601 251 2668 bello
266 2604 362 2668 otiam
379 2605 621 2692 superveniente
632 2604 772 2691 captivos
784 2600 1002 2670 abduxerunt,
1015 2596 1081 2683 ipse

42 2711 264 2797 Agamemnon
280 2735 297 2774 a
318 2695 492 2798 Chryseida
511 2713 653 2799 captivus
668 2709 827 2775 abductus
845 2717 908 2779 est,
924 2719 955 2768 et
970 2703 1085 2768 adver·
1129 2752 1132 2758 .

41 2843 95 2882 sus
113 2817 257 2882 Thetidis
275 2817 377 2882 filium
393 2831 524 2908 propter
538 2818 716 2884 Briseidem
728 2813 911 2880 inimicitias
930 2809 1078 2897 suscepit.
1165 2893 1169 2902 .

42 2926 116 3014 lpse
131 2938 240 2990 autem
255 2924 389 2999 Pelides,
407 2927 462 3011 qui
476 2925 609 2990 ssuvium
621 2925 701 2990 saltu
713 2921 871 2997 transiliit,
886 2919 940 3007 qui
952 2917 1081 3005 Troiam

37 3033 175 3106 evertit,
193 3032 247 3117 qui
262 3032 432 3097 Hectorem
447 3032 480 3096 in
496 3042 685 3118 potestatem
700 3031 833 3123 redegit,
846 3040 949 3095 vester
962 3024 1014 3091 ille
1029 3026 1082 3092 he-

42 3161 115 3210 ros,
132 3135 301 3222 Polyxenus
321 3139 503 3203 servitutem
526 3139 692 3214 serviebat,
714 3141 753 3204 ab
776 3139 937 3206 Amazone
956 3146 1082 3200 mortua

44 3256 222 3334 superatus
236 3257 323 3309 erat:
343 3269 416 3310 cum
431 3269 517 3312 arma
531 3271 549 3312 a
564 3249 624 3314 deo
638 3248 791 3314 fabricata
806 3247 957 3318 exuisset,
970 3255 1004 3307 et
1013 3265 1084 3308 res·

47 3369 126 3429 um,
151 3350 281 3440 qualem
304 3354 408 3439 sponsi
429 3367 552 3440 gerunt,
575 3357 740 3430 induisset,
757 3354 875 3420 amoris
891 3349 1084 3416 conciliatrix

51 3457 611 3550 111111111111111111111111111111
634 3465 676 3530 At
699 3461 874 3529 Ithacensis
891 3458 1079 3534 Laertiades,

51 3593 87 3631 rx
105 3551 315 3658 improbitate
333 3567 452 3634 samam
472 3569 594 3636 virtutis
611 3570 753 3637 lucratus
771 3582 829 3636 est.
851 3567 960 3636 Fuisse
974 3580 1079 3634 autem

55 3677 137 3742 bonae
163 3677 343 3766 prudentie
364 3689 540 3766 expertem,
573 3677 624 3745 illa
647 3681 731 3747 circa
755 3677 858 3747 locum
879 3679 932 3746 nbi
955 3677 1079 3746 Sirenes

57 3799 137 3854 11111
156 3787 316 3878 navigatio
339 3785 533 3857 declaravit:
553 3813 627 3859 cum
641 3791 807 3882 prudentia
822 3813 914 3858 aures
932 3789 1082 3855 obturare
