2516 4636
7 291 54 344 ἡ
330 347 454 392 coarat
479 347 630 392 aenaeae.
933 329 995 394 505

7 433 137 551 fflleo.
163 455 226 534 Qui
245 465 352 520 autem
375 475 468 542 poena
492 467 565 520 sunt
583 455 681 544 digni,
705 455 839 522 abibunt
858 457 891 522 in
912 481 996 534 eam,

7 549 68 660 Ἢ
83 589 155 632 suas
169 564 324 632 babentes
338 563 472 639 animas,
488 576 520 628 et
535 586 591 628 aua
607 586 753 652 corpora,
770 565 930 652 inquibus
944 569 999 633 ab·

7 657 112 742 ‘²³unt
130 698 149 740 a
166 674 225 740 Dei
246 674 398 740 bonitate.
423 673 463 738 Et
482 673 651 740 cessabunt
669 675 796 762 utrique
815 677 880 763 jam
900 701 999 767 ganc-

67 795 98 852 et
118 784 275 874 generari,
294 794 327 850 et
347 783 464 850 ducere
483 801 628 858 uxoram,
649 795 681 848 et
696 783 816 850 nubere
823 809 833 858 t
857 798 892 852 ut
907 807 998 852 com-

7 891 143 962 ²²=urata
162 893 333 962 multitudo
348 905 422 960 ante
439 892 595 983 praelinita
613 915 631 958 a
646 893 715 959 Deo
729 894 851 983 generis
866 895 998 964 humani

48 1017 178 1073 ctorum
194 1025 348 1092 compago
360 1003 424 1069 sive
435 1003 555 1091 aptatio
566 1013 733 1070 conservet
742 1002 852 1070 Patris.

8 1261 9 1264 Ἴ
36 1197 53 1279 ι)
75 1179 211 1249 Animae
231 1188 316 1246 sunt
334 1173 556 1244 immortales
570 1175 595 1240 ¹.

7 1345 22 1384 1³
30 1331 189 1398 *cnissime
206 1340 314 1396 autem
332 1329 488 1396 Dominus
503 1327 627 1405 docuit,
649 1351 715 1396 non
734 1327 837 1394 solum
851 1351 997 1417 persevc-

7 1461 44 1512 ;·;,
58 1465 124 1508 nou
139 1440 179 1507 tle
190 1463 323 1529 corpore
334 1440 368 1506 in
378 1461 495 1528 corpus
512 1437 778 1528 transgredientes
792 1437 923 1515 animae,
941 1443 998 1506 sod

7 1563 230 1620 :mercatorem
248 1549 403 1638 corporis,
419 1549 453 1634 in
472 1571 536 1636 quo
554 1550 651 1614 etiam
668 1547 871 1636 adaptantur,
890 1563 999 1616 cuato-

45 1658 210 1734 eumdem,
225 1671 259 1724 et
271 1658 453 1728 meminisse
467 1679 521 1722 eas
535 1679 669 1746 operum
684 1679 755 1744 quae
776 1668 910 1746 egerunt
929 1658 997 1735 bic,

13 1839 16 1843 „
42 1769 158 1858 quibus
175 1778 391 1842 cessaverunt,
413 1766 446 1832 in
464 1787 500 1830 aa
527 1761 679 1832 relatione
698 1788 768 1853 quae
789 1765 939 1834 scribitur
958 1769 998 1834 de

7 1903 56 1954 με
68 1877 154 1944 etde
167 1875 286 1942 Lazaro
300 1897 339 1941 eo
355 1873 409 1961 qui
420 1871 626 1962 refrigerabat
644 1872 676 1938 in
700 1873 771 1938 sinn
786 1870 946 1940 Abrahae:
964 1876 997 1941 in

14 1989 92 2068 ¹ait,
103 1985 233 2052 divitem
242 2005 436 2074 cognoscere
445 1982 600 2048 Lazarum
610 1993 839 2071 postmortem,
850 1994 884 2048 et
895 1983 999 2050 Abra-

16 2106 159 2184 pautem
172 2093 328 2171 similiter,
344 2104 378 2160 et
392 2114 520 2160 manere
536 2091 568 2157 in
584 2114 641 2157 suo
656 2091 768 2158 ordine
782 2115 999 2182 ununquem-

12 2269 20 2293 ·.
34 2209 191 2294 ipsorum,
206 2215 240 2268 et
250 2199 410 2290 postulare
426 2200 508 2266 mitti
519 2199 549 2264 ei
561 2198 602 2264 ad
613 2222 708 2290 opem
724 2199 887 2266 ferendam
897 2201 997 2268 Laza-

8 2341 45 2406 ἐέι,
60 2312 113 2380 cni
123 2335 164 2378 ne
176 2310 305 2399 quidem
318 2309 357 2376 de
368 2329 486 2376 mense
497 2331 561 2374 suae
572 2308 663 2374 micis
674 2309 950 2376 communicabat:
965 2323 998 2376 et

8 2421 155 2510 „Abrabae
173 2441 336 2508 responso,
355 2418 410 2505 qui
429 2441 493 2484 non
518 2427 643 2484 tantum
660 2439 697 2484 ea
724 2441 795 2507 qua
820 2417 997 2486 secundum

9 2506 81 2610 ,ised
92 2541 125 2595 et
137 2552 207 2618 quae
222 2524 396 2594 secondum
410 2525 539 2592 divitem
551 2538 668 2602 essent,
686 2526 822 2600 sciebat;
840 2540 873 2592 et
883 2529 999 2617 praeci-

9 2648 69 2722 bat
92 2637 193 2724 Moysi
210 2635 362 2702 assentire
380 2646 414 2701 et
431 2633 598 2724 Prophetis
622 2657 677 2700 eos
700 2635 754 2724 qui
778 2657 843 2702 non
867 2633 999 2703 mallent

9 2727 126 2816 ¹venire
141 2748 174 2812 in
188 2745 284 2812 illum
295 2744 403 2812 locum
417 2767 533 2835 paenae,
548 2757 580 2810 et
597 2745 785 2834 recipientes
801 2746 998 2833 praeconium

9 2860 95 2949 aqui
108 2856 313 2924 reamrexerit
331 2880 348 2922 a
362 2856 507 2922 mortuis.
521 2855 582 2920 Per
591 2855 661 2921 tae
671 2854 757 2921 enim
768 2853 933 2920 manifeste
945 2855 998 2920 de·

10 2981 115 3036 ratum
126 2978 186 3041 cst,
201 2976 235 3032 et
249 2987 450 3053 perseverare
464 2963 598 3037 animae,
620 2975 653 3027 et
671 2985 736 3027 non
755 2962 794 3028 de
815 2985 949 3052 corporo
964 2965 998 3030 in

11 3101 76 3168 pus
93 3073 240 3148 transire,
259 3085 292 3138 et
311 3073 430 3139 babere
448 3071 586 3138 bominis
604 3072 811 3161 figuram-ut
829 3073 924 3140 etiam
944 3098 997 3142 co-

11 3195 166 3256 ncentor,
189 3193 222 3246 et
242 3181 446 3248 meminerint
463 3201 577 3246 eorum
596 3203 666 3266 quae
688 3180 750 3246 sint
774 3175 843 3254 bic'r
865 3193 899 3248 et
924 3205 997 3270 pro·

12 3295 127 3361 tticum
141 3311 267 3378 quoque
282 3288 391 3355 adesse
405 3287 554 3363 abrahe,
575 3299 608 3352 et
624 3287 751 3378 dignam
767 3289 995 3358 habitationem

12 3421 222 3492 rmqnamque
233 3409 361 3487 gentem
371 3399 548 3488 percipere,
564 3397 661 3464 etiam
671 3411 745 3463 ante
760 3399 927 3486 judicium.

12 3516 35 3582 ti
54 3511 110 3600 qui
126 3521 234 3586 autem
248 3509 312 3576 hoc
327 3508 359 3574 in
374 3505 445 3574 loco
460 3507 581 3582 dicant,
601 3531 666 3572 non
685 3531 776 3598 posse
794 3510 915 3574 animas
930 3533 994 3586 cas,

13 3653 26 3694 e
46 3619 146 3712 paulo
160 3629 234 3684 ante
248 3639 316 3684 esse
332 3616 500 3706 ceperint,
516 3615 549 3680 in
568 3613 705 3680 multum
724 3617 875 3704 temporis
889 3639 997 3705 perse-

13 3756 84 3806 are,
105 3728 162 3794 sed
180 3737 327 3816 oportere
345 3749 398 3790 eas
414 3736 469 3790 aut
487 3722 687 3792 innascibiles
703 3747 784 3801 esse,
804 3737 840 3790 ut
858 3725 920 3792 sint
935 3725 996 3792 im-

14 3839 128 3913 rtales;
149 3837 199 3904 val
217 3839 242 3904 si
257 3835 469 3926 generationis
486 3834 612 3902 initium
627 3834 823 3924 acceperint,
839 3839 913 3903 cnm
929 3836 996 3926 ipso

14 3973 81 4032 Cap.
94 3983 179 4016 xxxiv,

45 4075 83 4121 tt·
806 4071 846 4114 20
