2772 4620
275 291 422 334 mucosus
447 289 509 332 cun
530 287 693 330 rnrruonu
715 286 829 329 sunno.
1001 267 1063 352 ὄις

33 391 214 456 admodum
225 394 398 481 prophetia
414 415 517 457 sermo
533 413 572 454 ex
587 411 720 478 persona
733 390 827 454 unius
840 411 953 454 eorum
963 392 1017 476 qui
1033 393 1066 456 in

34 495 131 562 illum
151 499 297 575 eredunt,
317 499 451 587 figurate
468 495 615 560 declarat.
638 495 718 561 Nam
738 507 771 558 ut
788 517 806 557 a
823 494 985 560 daemoniis
1001 519 1069 562 ser·

33 627 165 680 remur,
182 630 281 693 quiea
297 607 355 670 Dei
367 603 457 672 cultu
467 601 568 668 aliena
584 613 669 676 suut,
687 623 817 688 quaeque
828 601 903 667 olim
916 603 1070 669 adorabo·
1137 637 1142 652 ι

33 734 127 787 mus,
148 711 252 777 Deum
273 734 398 798 semper
415 734 473 798 per
491 710 600 774 Jesum
620 709 780 773 Christum
799 711 1014 784 obsecramus,
1035 721 1070 774 ut

33 831 214 904 postquam
231 841 289 906 per
307 841 380 884 eam
399 818 440 882 ad
457 818 559 883 Deum
577 817 721 882 conversi
739 816 866 892 luimus,
893 817 1069 881 intaminati

35 926 155 990 simus.
171 925 358 1015 ddjutorem
369 925 493 990 enimet
504 925 736 1011 redemptorem
747 947 820 988 eum
832 945 1000 990 vocamus:
1015 947 1069 990 cu-

37 1032 97 1115 jus
114 1031 244 1116 quidem
255 1028 303 1095 vel
315 1030 449 1095 nominis
464 1031 637 1116 potentiam
650 1029 803 1093 daemouia
813 1030 878 1114 ipsa
890 1029 1070 1116 perhorres-

39 1146 142 1206 cunt;
166 1157 204 1200 ac
224 1135 316 1200 bodie
338 1159 396 1222 per
416 1158 531 1200 nomen
552 1135 627 1198 lesu
650 1134 780 1208 Christi,
803 1135 855 1221 qui
876 1136 933 1200 snb
954 1135 1067 1200 Pontio

38 1237 282 1305 Pilatotudaeae
300 1241 431 1328 praeside
450 1240 619 1306 crucifixus
636 1240 708 1314 fuit,
730 1240 872 1325 adjurata
894 1242 1068 1326 subjiciun-

41 1359 110 1408 tur.
137 1347 263 1431 Exque
284 1347 430 1411 omnibus
451 1358 537 1432 patet
557 1356 677 1410 tantam
693 1347 722 1408 ei
742 1346 886 1410 datama
901 1346 994 1412 Patre
1015 1369 1069 1432 po·

43 1464 205 1526 testatem,
224 1464 259 1516 ut
278 1455 396 1518 nomini
417 1454 486 1540 ejus
508 1461 540 1516 et
555 1453 705 1538 passionis
724 1453 951 1538 dispensationi
976 1454 1071 1520 etiam

42 1558 201 1622 daemonia
217 1559 433 1644 subjiciantur.

91 1663 215 1729 XXXl.
239 1666 335 1742 Quod
349 1667 373 1729 si
389 1667 563 1751 potentiam
578 1688 648 1751 quae.
664 1667 733 1752 ejus
748 1668 900 1754 passionis
913 1667 1073 1754 dispensa-

44 1775 168 1838 tionem
180 1787 372 1860 consequuta
385 1785 476 1838 estet
487 1775 702 1862 consequitur,
714 1788 834 1840 tantam
845 1800 914 1842 esse
926 1778 1076 1842 demons-

44 1890 152 1942 tratur
159 1904 168 1952 ς
191 1891 306 1966 quanta
326 1879 455 1942 tandem
474 1903 510 1942 en
530 1879 635 1944 sutura
654 1891 702 1944 est
721 1882 753 1945 in
772 1880 907 1968 glorioso
929 1885 998 1971 ejus
1018 1882 1081 1946 ard-¹

46 1989 168 2050 ventui
182 1985 296 2051 Veniet
303 1987 388 2051 enim
398 1986 637 2072 tanquamlilius
649 1988 785 2052 hominis
796 2012 833 2052 ex
844 1989 1074 2062 altisuubibus,

47 2103 88 2156 ut
108 2090 219 2156 Daniel
239 2091 419 2169 declaravit,
440 2093 648 2182 angeliacum
668 2120 707 2159 eo
724 2096 970 2162 advenientibus.
995 2096 1078 2161 Sunt

46 2210 159 2264 autem
176 2200 243 2266 baee
258 2203 352 2265 verba
369 2199 527 2264 Danielis:
545 2201 766 2289 «Aspiciebam
780 2203 882 2268 donec
897 2203 1002 2268 throni
1017 2226 1076 2292 po-

47 2336 62 2368 »
80 2307 130 2372 siti
146 2319 229 2382 sunt,
246 2319 278 2371 et
293 2308 440 2392 antiquus
461 2308 582 2371 dierum
598 2310 690 2385 sedit,
709 2309 827 2374 habens
842 2311 1076 2397 operimentum

48 2443 62 2474 ι
82 2411 176 2478 veluti
188 2414 355 2480 candidam
371 2414 487 2489 nivem,
500 2425 532 2478 et
544 2417 684 2480 caesaries
696 2417 805 2502 capitis
818 2417 888 2504 ejus
903 2418 991 2502 quasi
1007 2415 1077 2481 lana

52 2551 65 2580 a
83 2521 200 2584 munda
212 2543 220 2582 :
239 2522 372 2585 thronus
386 2521 454 2607 ejus
470 2521 556 2606 quasi
572 2521 700 2586 llamma
717 2522 795 2608 iguis
807 2547 815 2586 z
829 2535 906 2587 rotae
918 2524 988 2609 ejus
1000 2523 1080 2609 ignis

54 2656 67 2686 a
86 2649 189 2690 urens.
199 2625 408 2716 Fluviusiguis
417 2625 612 2701 volvebatur,
621 2627 807 2714 prossueusa
817 2628 896 2693 facio
904 2630 983 2715 ejus.
996 2627 1081 2692 Mille

53 2763 66 2794 i
84 2731 179 2798 millia
188 2733 402 2798 deserviebant
411 2735 440 2797 ei
452 2757 460 2797 τ
473 2745 505 2798 et
514 2735 593 2798 dena
605 2732 702 2796 millia
716 2733 832 2798 denum
844 2733 980 2806 millium
989 2735 1082 2798 assis-

52 2871 66 2902 »
84 2841 191 2904 lebant
202 2840 240 2904 ei.
256 2841 342 2906 Libri
354 2841 454 2927 aperti
466 2851 552 2912 sunt,
564 2852 596 2903 et
608 2839 764 2926 judicium
775 2838 866 2902 sedit.
882 2840 1083 2927 Aspiciebam

53 2977 66 3008 ι
86 2969 179 3032 super
194 2968 304 3010 vocem
324 2967 506 3010 sermonum
521 2945 702 3032 grandium,
723 2967 802 3030 quos
817 2967 917 3010 cornu
931 2945 1083 3034 loqueba-

55 3085 69 3116 »
87 3068 150 3125 tur,
168 3063 200 3114 et
214 3052 347 3115 distenta
363 3062 411 3116 est
424 3051 537 3124 bestia,
558 3064 590 3116 et
605 3052 722 3115 interiit
737 3074 851 3137 corpus
866 3054 947 3140 ejus,
964 3067 996 3120 et
1012 3057 1083 3120 duta

58 3191 73 3224 n
89 3171 136 3225 est
147 3161 179 3224 in
190 3163 441 3227 combustionem
450 3163 538 3249 ignis.
554 3162 759 3248 Etareliquis
768 3163 862 3228 etiam
873 3164 980 3230 bestiis
988 3179 1085 3231 trans·

58 3300 74 3332 s
90 3268 172 3331 latus
192 3276 239 3328 est
256 3267 447 3352 principatus
461 3291 582 3342 earum,
602 3281 635 3333 et
653 3279 777 3354 tempus
797 3271 868 3334 vitae
884 3271 992 3336 bestiis
1007 3295 1086 3338 oon-

58 3407 72 3438 »
89 3397 214 3442 cessum
230 3375 385 3458 usquead
401 3385 523 3438 certum
539 3378 622 3440 diem
637 3388 669 3440 et
687 3388 821 3464 tempus.
840 3377 1039 3464 Aspiciebam
1055 3383 1087 3445 in

60 3515 73 3546 i
89 3483 208 3546 visione
223 3480 328 3546 noctis
342 3502 350 3542 ε
367 3491 400 3543 et
414 3502 489 3544 ecce
501 3503 574 3545 cum
586 3483 723 3547 nubibus
736 3479 820 3556 coeli,
837 3483 925 3568 quasi
941 3482 1022 3548 lilius
1034 3486 1088 3549 ho

62 3623 74 3654 ι
90 3592 181 3656 minis
192 3589 334 3663 veniens,
351 3601 383 3652 et
399 3611 498 3675 usque
513 3589 553 3654 ad
565 3591 731 3676 antiquum
742 3590 865 3654 derum
878 3593 1028 3677 pervenit.
1047 3595 1087 3658 Et

63 3698 197 3762 »aderat
215 3698 248 3762 in
268 3709 443 3784 conspectu
454 3696 542 3784 ejus,·
565 3697 665 3783 etqui
683 3697 868 3762 assistebant
888 3698 1085 3768 adduxerunt

63 3827 174 3870 neum.
198 3804 321 3870 Etdata
342 3806 370 3870 ei
390 3816 439 3872 est
457 3816 594 3893 potestas
613 3815 645 3870 et
664 3803 797 3892 dignitas
816 3804 911 3894 regin,
933 3817 963 3874 et
978 3823 1084 3898 gentes
