2772 4620
281 343 431 386 aratocns
455 343 518 387 cun
540 342 702 386 ranrnosn
725 343 840 386 ranno.
1012 325 1074 386 515

37 473 54 505 ιι
71 443 208 530 plenus?
219 445 371 512 Torcular
381 470 464 511 unns
476 447 543 532 ipse
554 458 587 510 et
597 444 681 510 solus
693 444 824 521 calcavi,
837 446 920 511 etde
932 449 1078 535 gentibus

36 578 54 610 ιι
76 573 144 616 non
159 563 207 615 est
222 553 268 616 vir
283 573 430 618 meeum:
453 564 485 615 et
500 551 684 618 conculcavi
699 575 753 617 eos
767 553 800 617 in
814 553 921 618 surore
935 577 943 618 ε
958 567 989 619 et
1007 577 1080 621 con-

36 685 53 716 ι
71 659 156 746 fregi
172 681 240 735 eos,
257 659 346 746 qnasi
370 671 487 724 terram
507 680 516 721 t
535 671 567 722 et
581 660 696 725 deduxi
715 661 898 748 sanguinem
916 685 1028 727 eornm
1047 663 1079 726 in

37 793 55 824 ιι
74 775 209 830 terrem.
235 765 310 828 Dies
330 764 415 828 enim
436 763 650 830 retributionis
669 765 755 828 venit
773 765 830 840 eis,
854 777 886 829 et
904 789 1005 831 annus
1028 789 1081 830 ra-

40 897 57 931 s
76 869 272 954 demptionis
283 869 380 934 adest.
395 871 434 934 Et
446 869 562 956 aspexi,
577 880 609 933 et
620 891 684 935 non
696 879 763 934 erat
771 867 948 935 auxiliator:
963 884 996 937 et
1007 895 1082 938 con-

42 1005 59 1037 ιι
81 974 233 1049 sideravi,
246 987 278 1040 et
289 973 393 1038 nullus
404 975 566 1062 praebebat
580 972 743 1040 auxilium.
757 975 798 1039 Et
808 976 889 1040 eruit
899 977 1078 1050 brachium,

43 1111 60 1143 ιι
81 1092 117 1146 et
134 1081 222 1146 suror
236 1103 325 1147 meus
344 1082 470 1146 advenit
487 1103 494 1143 :
515 1091 547 1144 et
568 1079 753 1146 conculcavi
768 1105 821 1146 eos
837 1083 869 1148 in
885 1083 930 1147 ira
944 1105 1032 1158 mea,
1048 1095 1081 1147 et

44 1217 60 1248 ιι
79 1188 199 1253 deduxi
215 1189 247 1253 in
263 1201 380 1254 terram
395 1188 580 1274 sanguinein
594 1187 736 1252 eornm¹.
752 1217 766 1249 ιι

96 1293 232 1360 XXVll.
257 1295 317 1360 llic
340 1293 470 1382 Trypho
490 1317 499 1357 ε
523 1295 588 1358 Cur
608 1317 677 1382 qnae
692 1294 818 1382 placent
834 1318 873 1360 ex
893 1295 1082 1384 propheticis

47 1402 252 1467 sermonibus
267 1399 381 1467 selecta
397 1402 529 1473 recitem
545 1424 615 1488 quar
626 1425 700 1467 vero
715 1403 904 1467 nominatim
916 1403 1083 1468 sabbatum

48 1511 223 1573 observare
250 1508 374 1594 jubent,
403 1531 515 1574 eornm
534 1530 599 1572 non
625 1509 818 1574 meministi?
841 1507 896 1574 Sic
918 1510 1002 1574 enim
1029 1508 1088 1596 pei·

48 1615 179 1680 Esaiam
191 1613 370 1680 dictumest
385 1637 393 1676 ε
411 1614 468 1678 «Si
485 1615 635 1680 averteris
651 1615 766 1702 pedem
783 1627 875 1680 tunm
887 1615 919 1680 in
935 1616 1084 1690 sabbatis,

51 1751 65 1784 ιι
83 1734 200 1787 utnon
219 1722 314 1788 iacias
331 1721 507 1786 voluntates
525 1731 596 1786 tuns
613 1723 646 1788 in
664 1723 715 1788 die
735 1736 857 1797 saneto,
875 1735 909 1788 et
929 1725 1088 1788 vocaveris

50 1832 219 1896 »sabbata
244 1829 375 1895 delicata
396 1841 503 1893 sancta
526 1829 585 1893 Dei
603 1830 667 1902 tui;
688 1831 714 1893 si
736 1853 801 1894 non
821 1819 955 1896 moveris
971 1831 1088 1918 pedem

52 1965 67 1998 ιι
82 1949 177 1999 tunm
192 1936 233 2000 ad
247 1959 339 2022 opus,
356 1957 416 2000 uec
431 1932 580 2020 loquutus
595 1935 690 2000 ineris
701 1939 834 2001 verbnm
844 1960 884 2000 ex
895 1960 949 2002 oro
962 1949 1017 2001 tno
1032 1961 1040 2001 ι
1054 1950 1088 2002 et

53 2071 68 2101 ιι
86 2041 227 2108 Domino
242 2039 396 2115 confides,
414 2051 446 2104 et
459 2029 614 2127 perducet
628 2053 659 2105 te
674 2041 715 2105 ad
726 2043 809 2108 bons
821 2055 924 2119 terrm,
936 2055 968 2110 et
979 2055 1089 2131 pascet

54 2177 69 2210 ιι
87 2159 121 2212 te
135 2145 318 2211 hereditate
336 2144 436 2210 Jacob
452 2146 549 2232 patris
564 2147 619 2212 tui.
642 2146 686 2212 Os
705 2147 791 2213 enim
811 2149 937 2216 Domini
953 2151 1021 2217 haec
1036 2150 1086 2223 lo-

54 2285 70 2317 ιι
85 2266 224 2342 quntum
239 2266 287 2320 est
295 2255 316 2318 ¹.
336 2283 350 2316 ι

100 2361 183 2428 Tum
198 2385 257 2450 ego
274 2359 288 2426 ἰ
312 2362 383 2428 Νοιι
405 2364 490 2450 qnod
512 2364 589 2430 mibi
610 2363 816 2433 adversentur
834 2367 989 2457 ejusmodi
1007 2391 1083 2456 pro-

56 2469 186 2556 phetiae,
208 2491 272 2544 eas,
290 2468 397 2545 amici,
417 2471 619 2558 praetermisi:
638 2473 693 2539 sed
714 2474 800 2560 qnod
818 2473 1033 2540 intellexeritis
1051 2484 1086 2537 et

59 2572 251 2661 intelligatis,
263 2575 385 2640 etiamsi
399 2575 483 2641 Dens
496 2577 583 2642 vobis
598 2599 655 2664 per
667 2601 776 2646 omnes
787 2580 959 2667 Prophetes
971 2579 1085 2644 eadem

59 2682 220 2770 praecipiat
240 2681 395 2757 iacienda,
423 2707 492 2770 quae
512 2697 545 2748 et
563 2707 620 2772 per
634 2685 764 2772 Moysen
782 2687 944 2774 precepit,
964 2685 1083 2751 idcirco

59 2791 168 2856 cadem
184 2789 273 2856 illum
287 2815 412 2878 semper
427 2792 577 2868 clamare,
593 2807 724 2881 propter
740 2794 888 2858 duritiem
905 2794 1009 2858 cordis
1020 2816 1083 2857 ves·

60 2898 111 2973 tri,
126 2908 158 2964 et
173 2898 286 2986 ingrati
302 2899 334 2962 in
350 2898 440 2963 illum
462 2899 559 2964 animi
575 2899 707 2972 vitinm3
727 2912 763 2963 nt
780 2902 842 2965 hoc
859 2898 970 2963 saltem
986 2899 1082 2964 modo

59 3005 277 3092 paenitentiam
292 3003 461 3092 aliquando
477 3019 604 3093 agentes
620 3008 649 3070 ei
664 3006 825 3094 placeatis,
841 3027 901 3070 nec
915 3005 994 3072 lilios
1011 3030 1083 3072 ves-

61 3121 126 3173 tros
145 3109 304 3174 daemoniis
324 3108 505 3184 immoletis,
526 3133 586 3174 nec
604 3110 711 3174 surum
729 3110 895 3197 participes
911 3113 990 3190 sitis,
1010 3111 1081 3178 dili-

63 3229 171 3305 gentes
191 3239 333 3292 mnners,
354 3231 576 3306 persequentes
597 3219 849 3294 retributionem,
871 3220 996 3309 pupillis
1017 3246 1083 3288 non

62 3325 253 3414 judicantes,
269 3335 301 3388 et
314 3325 432 3411 jndicio
449 3326 550 3392 vidue
564 3327 705 3391 animum
721 3349 784 3392 non
799 3328 1012 3400 advertentem
1032 3330 1083 3395 de

64 3432 157 3518 nique
181 3442 216 3496 nt
235 3453 296 3496 nec
319 3453 429 3496 manns
452 3432 559 3519 plenas
581 3434 730 3520 sangnine
751 3434 902 3499 habeatis.
929 3435 1032 3501 «Nem
1052 3449 1084 3504 et

65 3569 77 3602 ι
91 3539 160 3605 liliae
175 3539 252 3603 Sion
267 3549 395 3606 extento
414 3541 560 3628 ingressae
575 3553 648 3605 sunt
667 3540 761 3615 collo,
782 3555 814 3606 et
828 3543 956 3608 nutibus
973 3543 1083 3610 oculo-

67 3679 79 3710 ι
92 3673 160 3716 rnm
174 3647 382 3724 colludentes,
400 3661 432 3714 et
445 3650 567 3714 tunicas
584 3649 743 3715 trahentes
753 3649 776 3715 ¹.
795 3649 914 3717 Omnes
928 3655 1015 3719 enim*
1026 3655 1083 3721 de-

68 3785 79 3818 ι
93 3755 296 3832 clinasernnt,
313 3755 429 3822 clamat
448 3757 625 3846 Scriptura,
643 3779 752 3822 omnes
767 3771 851 3824 certe
869 3761 991 3830 inutiles
1005 3763 1080 3830 laeti

98 3880 179 3930 ¹lissi.
193 3897 250 3940 cras,
263 3897 300 3932 ro.
310 3908 341 3920 -
352 3881 363 3915 ¹
373 3881 436 3931 Etsi.
451 3898 520 3942 ιιιιι,
534 3883 569 3932 rs.
584 3880 634 3919 -l
647 3881 711 3932 nnat.
725 3901 763 3942 m,
779 3885 816 3932 16.
