2616 4620
332 209 391 270 itio
673 231 696 270 s.
723 229 749 270 r.
778 231 806 272 a.
835 229 1000 274 senorium

329 365 341 396 s
357 335 533 402 observabit
549 347 642 424 caput
658 347 761 411 tuum,
777 347 810 400 et
821 348 855 400 tu
871 337 1047 401 observabis
1058 338 1116 424 ejus
1129 337 1235 406 utana

328 471 340 504 s
355 443 404 509 Ad
415 441 578 508 mulierem
593 464 667 508 vero
682 443 759 508 dixit
775 465 784 505 :
802 442 1040 531 biultipiicando
1052 443 1242 532 muidplitsbod

328 551 434 617 »iores
449 563 520 616 tuos
531 563 562 616 et
572 551 725 642 gemitum
736 564 827 618 tuum
841 577 848 616 :
863 550 1018 618 indolere
1032 553 1121 641 paries
1132 551 1197 628 ilios,
1206 575 1242 620 aa

328 661 457 726 »virum
470 673 559 724 tuum
577 661 637 724 erit
651 661 813 726 conversio
828 673 895 736 tua,
914 673 949 725 et
965 661 1031 750 ipsc
1048 661 1242 726 dominabitcrtt

328 769 403 837 »Ad
419 769 520 836 Adam
535 793 609 835 vcro
624 769 702 834 dixit
717 791 726 834 τ
742 769 822 848 Quia
841 769 959 836 audisti
975 793 1080 840 vocem
1096 772 1176 834 uxoris
1189 783 1237 834 ue

328 877 519 944 »comedisti
547 877 586 942 de
608 878 722 942 arbore
742 877 782 944 de
802 902 863 966 qua
885 900 1096 968 praeceperam
1112 877 1157 942 tibi
1172 889 1192 940 ut
1204 868 1254 940 us

327 1016 339 1047 ι
357 985 421 1052 scia
436 1009 501 1052 non
516 985 713 1058 comederess
728 984 895 1052 maledicta
910 998 960 1052 est
972 987 1094 1052 terrain
1107 985 1239 1073 operibntu

327 1095 386 1159 »in
402 1090 512 1158 dolore
529 1092 674 1158 comedes
687 1115 758 1158 eam
774 1094 921 1160 omnibus
939 1093 1054 1160 diebus
1066 1094 1127 1158 site
1142 1105 1239 1166 tuadi.¹

327 1225 410 1268 »nas
436 1214 528 1289 atque
550 1199 682 1266 tribulos
700 1201 887 1290 germinabit
906 1203 980 1276 tibi,
999 1214 1033 1267 et
1050 1201 1210 1268 manducabis
1219 1201 1237 1262 b,

326 1339 338 1372 s
353 1313 427 1376 bam
441 1310 507 1400 agri
519 1311 574 1374 tui.
595 1309 631 1374 in
645 1309 759 1374 sudore
775 1308 877 1376 vultus
889 1311 934 1374 tui
948 1309 1082 1376 vesceris
1097 1331 1163 1397 panc
1176 1319 1236 1376 tuom

327 1442 414 1486 »nee
432 1418 596 1483 revertaris
609 1418 640 1482 iu
659 1429 775 1482 terram
795 1419 834 1484 de
852 1442 913 1506 qua
934 1431 1080 1507 sumptus
1096 1441 1136 1491 es,
1149 1415 1234 1502 quispe

326 1557 338 1590 s
354 1551 400 1603 cs,
416 1540 447 1592 et
462 1528 495 1593 in
510 1524 672 1614 pulverem
688 1549 868 1592 reversurus
886 1551 931 1594 es.
951 1559 964 1589 ι

368 1637 474 1703 XXII.
495 1637 588 1702 Dices
610 1636 704 1726 igitur
718 1636 796 1702 mihi
816 1657 824 1698 ε
844 1636 948 1703 Deum
975 1639 1101 1704 dicebas
1119 1633 1232 1721 capua:

325 1748 396 1815 loce
411 1771 474 1813 non
486 1747 617 1818 debere3
632 1746 791 1833 quomodo
802 1769 875 1812 eum
887 1771 977 1814 nuuc
993 1749 1026 1814 in
1036 1743 1241 1813 Paradisodt'sn

325 1855 456 1924 bularei
474 1854 555 1922 Audi
576 1854 652 1941 quid
668 1854 874 1943 respondeam
894 1878 902 1918 :
925 1856 1014 1922 Deus
1029 1867 1061 1920 et
1078 1866 1156 1943 peter
1169 1851 1231 1914 uniar

324 1992 408 2043 rum,
424 1989 488 2042 non
510 1977 614 2056 potest
634 1963 685 2029 itta
708 1964 835 2054 quidem
858 1965 1099 2056 comprehendi,
1113 1962 1235 2028 necinus·

324 2079 357 2144 in
374 2076 457 2151 loeo,
474 2098 576 2162 neque
594 2075 680 2140 enim
697 2084 745 2140 est
764 2073 851 2141 loeus
867 2076 986 2163 requiei
1002 2076 1080 2163 ejus.
1097 2071 1150 2136 Sed
1163 2063 1234 2154 ejusd:

323 2188 414 2258 bum,
426 2207 482 2272 per
492 2181 579 2271 quod
592 2181 666 2248 seuit
682 2180 799 2256 omnin,
813 2205 887 2246 cum
899 2182 938 2247 sit
950 2184 1022 2271 ejus
1033 2181 1125 2246 virtus
1134 2169 1236 2260 stopie

323 2317 484 2360 assumens
492 2293 628 2381 patriset
636 2291 755 2358 domini
768 2293 986 2358 universorum
997 2281 1238 2382 personamsstffltb

322 2408 354 2472 in
365 2404 546 2470 Paradisum
562 2403 620 2468 sub
635 2424 767 2490 persons
782 2401 853 2476 Dei,
866 2413 898 2466 et
913 2424 990 2466 cum
1007 2386 1240 2478 adamantaque·

323 2529 383 2581 tur.
396 2513 476 2580 Nam
487 2526 519 2576 et
530 2513 595 2600 ipsa
606 2533 663 2576 uos
675 2509 779 2576 divina
790 2509 884 2576 docet
891 2509 1056 2599 Scriptura
1064 2507 1185 2576 Adamuu
1191 2496 1238 2560 aa

323 2623 462 2688 auditam
473 2644 540 2686 esse
551 2643 569 2684 a
581 2641 614 2684 se
626 2639 746 2685 vocem.
762 2617 830 2684 Vox
841 2629 945 2686 autem
961 2618 1014 2684 itta
1026 2617 1102 2708 quid
1115 2610 1236 2686 dictur

322 2745 383 2799 test
394 2753 488 2820 quum
499 2729 641 2796 Verbum
655 2728 726 2803 Dei,
738 2728 823 2814 quod
834 2729 903 2816 ejus
914 2751 1041 2816 quoque
1058 2725 1134 2794 filius
1148 2720 1238 2788 etttttm

322 2855 422 2931 poetae
439 2852 471 2905 ct
487 2837 663 2905 fabularum
682 2837 849 2926 scriptores
868 2837 948 2904 filios
967 2839 1098 2904 deorum
1116 2857 1147 2900 cx
1158 2817 1238 2934 muttit

321 2951 440 3041 genitos
452 2947 587 3036 fingunt,
600 2946 656 3011 sed
667 2957 702 3009 ut
712 2947 824 3013 veritas
836 2959 954 3022 narrat,
967 2946 1106 3014 Verbum
1122 2943 1239 3024 scmpttffl‘*

320 3071 389 3125 tens
408 3069 439 3121 et
454 3057 485 3120 in
500 3054 595 3121 corde
611 3054 669 3120 Dei
688 3055 837 3120 insitum?
852 3057 932 3122 Ante
948 3057 1035 3122 enim
1054 3075 1138 3144 quarn
1154 3040 1238 3135 quidqu

321 3169 423 3242 fieret,
446 3165 649 3230 coutebatur
669 3161 864 3238 consiliario;
883 3165 1000 3253 quippe
1024 3189 1092 3234 cum
1112 3152 1241 3247 ejusntflt‘i

321 3276 486 3367 prudentia
505 3273 555 3339 sit.
575 3273 657 3338 Cum
677 3281 783 3336 autem
799 3270 896 3337 voluit
917 3274 1001 3339 Deus
1021 3297 1056 3340 ea
1071 3271 1156 3337 iacere
1166 3259 1239 3346 quat

354 3476 364 3510 ¹
378 3477 454 3524 Filius
464 3477 567 3523 assumit
578 3490 709 3540 persenam
721 3477 810 3534 Patria,
826 3485 850 3525 ct
862 3479 931 3528 venit
943 3480 967 3526 in
982 3473 1145 3528 Paradisumin
1156 3449 1237 3544 iffi-i

322 3553 376 3610 tris,
388 3568 438 3600 uun
451 3549 518 3614 quod
532 3551 585 3614 ipse
597 3550 724 3598 attributis
737 3552 877 3600 divinitatis
888 3563 981 3613 carcat,
992 3555 1037 3602 scd
1049 3561 1074 3600 ut
1085 3549 1148 3598 virtut
1159 3538 1202 3618 dim
1211 3536 1222 3572 ‘¹
1230 3541 1241 3557 ¹*

321 3625 433 3688 pientia:
456 3623 570 3681 Verbum,
590 3625 652 3685 quod
668 3640 760 3688 sempor
778 3625 862 3674 existit
878 3627 977 3675 insitum
994 3629 1019 3676 ist
1036 3623 1097 3678 mrdt
1105 3610 1254 3703 M’Wmit

322 3699 435 3760 silias-ius,
458 3705 480 3746 ct
503 3716 577 3758 mens,
600 3707 623 3746 ct
639 3699 774 3760 paradarum,
796 3701 871 3760 Deus,
896 3709 920 3749 ct
937 3718 968 3750 ac
988 3702 1039 3752 Dao
1055 3699 1141 3764 genitus
1157 3688 1235 3758 ΡθῑῠξΓ

322 3785 453 3834 porsouam
471 3787 520 3819 non
536 3771 624 3820 codem
645 3774 721 3825 modu
734 3775 838 3822 assumit
855 3783 883 3823 nt
900 3777 1011 3839 angelus,
1025 3776 1065 3826 vel
1075 3771 1151 3834 legatus
1162 3777 1171 3806 a
1181 3755 1231 3799 tus

318 3846 409 3892 stantia
421 3846 524 3894 alienus.
