<?xml version="1.0" encoding="UTF-8"?>
<!DOCTYPE html PUBLIC "-//W3C//DTD XHTML 1.0 Transitional//EN"
    "http://www.w3.org/TR/xhtml1/DTD/xhtml1-transitional.dtd">
<html xmlns="http://www.w3.org/1999/xhtml" xml:lang="en" lang="en">
 <head>
  <title>
</title>
<meta http-equiv="Content-Type" content="text/html;charset=utf-8" />
  <meta name='ocr-system' content='tesseract 3.04.00' />
  <meta name='ocr-capabilities' content='ocr_page ocr_carea ocr_par ocr_line ocrx_word'/>
</head>
<body>
  <div class='ocr_page' id='page_1' title='image "./collectioselect02guilgoog_0884.png"; bbox 0 0 2648 4634; ppageno 0'>
   <div class='ocr_carea' id='block_1_1' title="bbox 392 333 1131 400">
    <p class='ocr_par' dir='ltr' id='par_1_1' title="bbox 392 333 1131 400">
     <span class='ocr_line' id='line_1_1' title="bbox 392 333 1131 400; baseline 0.004 -3"><span class='ocrx_word' id='word_1_1' title='bbox 392 353 515 399; x_wconf 81' lang='lat' dir='ltr'><strong>conrns</strong></span> <span class='ocrx_word' id='word_1_2' title='bbox 538 353 687 398; x_wconf 76' lang='lat' dir='ltr'><strong>annesae.</strong></span> <span class='ocrx_word' id='word_1_3' title='bbox 989 333 1053 400; x_wconf 79' lang='grc'><strong>585</strong></span> <span class='ocrx_word' id='word_1_4' title='bbox 1126 389 1131 400; x_wconf 96' lang='grc'>.</span> 
     </span>
    </p>
   </div>
   <div class='ocr_carea' id='block_1_2' title="bbox 28 429 1059 3951">
    <p class='ocr_par' dir='ltr' id='par_1_2' title="bbox 28 429 1059 2524">
     <span class='ocr_line' id='line_1_2' title="bbox 28 429 1055 551; baseline 0.006 -27"><span class='ocrx_word' id='word_1_5' title='bbox 28 429 47 470; x_wconf 39' lang='lat' dir='ltr'><strong>&#39;l‘</strong></span> <span class='ocrx_word' id='word_1_6' title='bbox 57 461 135 528; x_wconf 89' lang='lat' dir='ltr'><strong>obis</strong></span> <span class='ocrx_word' id='word_1_7' title='bbox 147 483 283 550; x_wconf 80' lang='lat' dir='ltr'>agonem</span> <span class='ocrx_word' id='word_1_8' title='bbox 299 462 440 551; x_wconf 79' lang='lat' dir='ltr'><strong>praebere</strong></span> <span class='ocrx_word' id='word_1_9' title='bbox 451 460 645 538; x_wconf 89' lang='lat' dir='ltr'><strong>bominibus,</strong></span> <span class='ocrx_word' id='word_1_10' title='bbox 662 471 695 526; x_wconf 94' lang='lat' dir='ltr'><strong>et</strong></span> <span class='ocrx_word' id='word_1_11' title='bbox 709 459 978 550; x_wconf 84' lang='lat' dir='ltr'><strong>quemadmodum</strong></span> <span class='ocrx_word' id='word_1_12' title='bbox 993 463 1055 530; x_wconf 87' lang='lat' dir='ltr'><strong>Do·</strong></span> 
     </span>
     <span class='ocr_line' id='line_1_3' title="bbox 28 569 1055 662; baseline 0.003 -27"><span class='ocrx_word' id='word_1_13' title='bbox 28 569 155 662; x_wconf 53' lang='lat' dir='ltr'><strong>suiuus</strong></span> <span class='ocrx_word' id='word_1_14' title='bbox 170 582 299 661; x_wconf 85' lang='lat' dir='ltr'><strong>praestat</strong></span> <span class='ocrx_word' id='word_1_15' title='bbox 314 569 471 660; x_wconf 75' lang='lat' dir='ltr'><strong>agonem?</strong></span> <span class='ocrx_word' id='word_1_16' title='bbox 487 569 620 660; x_wconf 76' lang='lat' dir='ltr'><strong>Propter</strong></span> <span class='ocrx_word' id='word_1_17' title='bbox 636 571 699 638; x_wconf 92' lang='lat' dir='ltr'><strong>boc</strong></span> <span class='ocrx_word' id='word_1_18' title='bbox 714 570 868 638; x_wconf 85' lang='lat' dir='ltr'><strong>Dominus</strong></span> <span class='ocrx_word' id='word_1_19' title='bbox 884 571 950 661; x_wconf 89' lang='lat' dir='ltr'><strong>ipse</strong></span> <span class='ocrx_word' id='word_1_20' title='bbox 966 573 1055 641; x_wconf 83' lang='lat' dir='ltr'><strong>dabit</strong></span> 
     </span>
     <span class='ocr_line' id='line_1_4' title="bbox 28 669 1057 772; baseline -0.003 -20"><span class='ocrx_word' id='word_1_21' title='bbox 28 669 142 752; x_wconf 36' lang='lat' dir='ltr'><strong>bobis</strong></span> <span class='ocrx_word' id='word_1_22' title='bbox 168 682 303 772; x_wconf 89' lang='lat' dir='ltr'><strong>signum.</strong></span> <span class='ocrx_word' id='word_1_23' title='bbox 327 683 425 757; x_wconf 88' lang='lat' dir='ltr'><strong>Ecce,</strong></span> <span class='ocrx_word' id='word_1_24' title='bbox 441 678 539 770; x_wconf 86' lang='lat' dir='ltr'><strong>Virgo</strong></span> <span class='ocrx_word' id='word_1_25' title='bbox 555 681 588 749; x_wconf 95' lang='lat' dir='ltr'><strong>in</strong></span> <span class='ocrx_word' id='word_1_26' title='bbox 609 693 719 748; x_wconf 85' lang='lat' dir='ltr'><strong>ventre</strong></span> <span class='ocrx_word' id='word_1_27' title='bbox 738 680 884 770; x_wconf 79' lang='lat' dir='ltr'><strong>accipiet,</strong></span> <span class='ocrx_word' id='word_1_28' title='bbox 908 695 940 747; x_wconf 87' lang='lat' dir='ltr'><strong>et</strong></span> <span class='ocrx_word' id='word_1_29' title='bbox 955 684 1057 772; x_wconf 89' lang='lat' dir='ltr'><strong>pariet</strong></span> 
     </span>
     <span class='ocr_line' id='line_1_5' title="bbox 29 787 1058 880; baseline 0.004 -26"><span class='ocrx_word' id='word_1_30' title='bbox 29 789 167 867; x_wconf 81' lang='lat' dir='ltr'><strong>&#39;&#39;ilium,</strong></span> <span class='ocrx_word' id='word_1_31' title='bbox 187 803 219 856; x_wconf 87' lang='lat' dir='ltr'><strong>et</strong></span> <span class='ocrx_word' id='word_1_32' title='bbox 239 789 391 858; x_wconf 84' lang='lat' dir='ltr'><strong>vocabitis</strong></span> <span class='ocrx_word' id='word_1_33' title='bbox 409 812 528 856; x_wconf 91' lang='lat' dir='ltr'><strong>nomen</strong></span> <span class='ocrx_word' id='word_1_34' title='bbox 548 792 618 880; x_wconf 89' lang='lat' dir='ltr'><strong>ejus</strong></span> <span class='ocrx_word' id='word_1_35' title='bbox 633 787 832 856; x_wconf 79' lang='lat' dir='ltr'><strong>Emmanuel.</strong></span> <span class='ocrx_word' id='word_1_36' title='bbox 852 789 1011 879; x_wconf 76' lang='lat' dir='ltr'><strong>Butyrum</strong></span> <span class='ocrx_word' id='word_1_37' title='bbox 1024 806 1058 860; x_wconf 91' lang='lat' dir='ltr'><strong>et</strong></span> 
     </span>
     <span class='ocr_line' id='line_1_6' title="bbox 40 883 1055 991; baseline 0.003 -25"><span class='ocrx_word' id='word_1_38' title='bbox 40 900 112 966; x_wconf 80' lang='lat' dir='ltr'><strong>¹uel</strong></span> <span class='ocrx_word' id='word_1_39' title='bbox 128 901 357 969; x_wconf 79' lang='lat' dir='ltr'><strong>manducabit:</strong></span> <span class='ocrx_word' id='word_1_40' title='bbox 377 902 562 991; x_wconf 85' lang='lat' dir='ltr'><strong>priusquam</strong></span> <span class='ocrx_word' id='word_1_41' title='bbox 578 911 749 989; x_wconf 86' lang='lat' dir='ltr'><strong>cognoscat</strong></span> <span class='ocrx_word' id='word_1_42' title='bbox 769 910 824 965; x_wconf 86' lang='lat' dir='ltr'><strong>aut</strong></span> <span class='ocrx_word' id='word_1_43' title='bbox 842 883 937 990; x_wconf 87' lang='lat' dir='ltr'><strong>eligat</strong></span> <span class='ocrx_word' id='word_1_44' title='bbox 959 901 1055 981; x_wconf 87' lang='lat' dir='ltr'><strong>mala,</strong></span> 
     </span>
     <span class='ocr_line' id='line_1_7' title="bbox 32 1009 1057 1099; baseline 0.005 -25"><span class='ocrx_word' id='word_1_45' title='bbox 32 1029 43 1037; x_wconf 90' lang='lat'><strong>··</strong></span> <span class='ocrx_word' id='word_1_46' title='bbox 49 1010 260 1078; x_wconf 73' lang='lat' dir='ltr'><strong>commutabit</strong></span> <span class='ocrx_word' id='word_1_47' title='bbox 270 1010 394 1077; x_wconf 90' lang='lat' dir='ltr'><strong>bonum</strong></span> <span class='ocrx_word' id='word_1_48' title='bbox 403 1009 574 1098; x_wconf 69' lang='lat' dir='ltr'><strong>:quoniam</strong></span> <span class='ocrx_word' id='word_1_49' title='bbox 584 1009 769 1099; x_wconf 90' lang='lat' dir='ltr'><strong>priusquam</strong></span> <span class='ocrx_word' id='word_1_50' title='bbox 777 1021 947 1099; x_wconf 86' lang='lat' dir='ltr'><strong>cognoscat</strong></span> <span class='ocrx_word' id='word_1_51' title='bbox 955 1011 1057 1079; x_wconf 84' lang='lat' dir='ltr'><strong>infans</strong></span> 
     </span>
     <span class='ocr_line' id='line_1_8' title="bbox 36 1114 1059 1210; baseline 0.006 -28"><span class='ocrx_word' id='word_1_52' title='bbox 36 1122 177 1184; x_wconf 51' lang='lat' dir='ltr'><strong>¹bonum</strong></span> <span class='ocrx_word' id='word_1_53' title='bbox 201 1115 251 1183; x_wconf 88' lang='lat' dir='ltr'><strong>vel</strong></span> <span class='ocrx_word' id='word_1_54' title='bbox 269 1114 402 1192; x_wconf 90' lang='lat' dir='ltr'><strong>malum,</strong></span> <span class='ocrx_word' id='word_1_55' title='bbox 425 1139 491 1182; x_wconf 91' lang='lat' dir='ltr'><strong>non</strong></span> <span class='ocrx_word' id='word_1_56' title='bbox 517 1115 694 1182; x_wconf 76' lang='lat' dir='ltr'><strong>consentiet</strong></span> <span class='ocrx_word' id='word_1_57' title='bbox 714 1115 874 1206; x_wconf 76' lang='lat' dir='ltr'><strong>nequitias,</strong></span> <span class='ocrx_word' id='word_1_58' title='bbox 897 1117 944 1184; x_wconf 82' lang='lat' dir='ltr'><strong>uti</strong></span> <span class='ocrx_word' id='word_1_59' title='bbox 962 1117 1059 1210; x_wconf 91' lang='lat' dir='ltr'><strong>eligat</strong></span> 
     </span>
     <span class='ocr_line' id='line_1_9' title="bbox 36 1222 1054 1316; baseline 0.005 -23"><span class='ocrx_word' id='word_1_60' title='bbox 36 1239 174 1293; x_wconf 69' lang='lat' dir='ltr'><strong>‘sonum</strong></span> <span class='ocrx_word' id='word_1_61' title='bbox 186 1225 209 1292; x_wconf 88' lang='lat'><strong>¹.</strong></span> <span class='ocrx_word' id='word_1_62' title='bbox 232 1254 245 1290; x_wconf 88' lang='grc' dir='ltr'><strong>ι</strong></span> <span class='ocrx_word' id='word_1_63' title='bbox 272 1222 448 1314; x_wconf 82' lang='lat' dir='ltr'><strong>Diligenter</strong></span> <span class='ocrx_word' id='word_1_64' title='bbox 462 1223 557 1316; x_wconf 88' lang='lat' dir='ltr'><strong>igitur</strong></span> <span class='ocrx_word' id='word_1_65' title='bbox 572 1223 760 1314; x_wconf 83' lang='lat' dir='ltr'><strong>significavit</strong></span> <span class='ocrx_word' id='word_1_66' title='bbox 774 1223 910 1316; x_wconf 79' lang='lat' dir='ltr'><strong>Spiritus</strong></span> <span class='ocrx_word' id='word_1_67' title='bbox 925 1240 1054 1298; x_wconf 80' lang='lat' dir='ltr'><strong>sanctus</strong></span> 
     </span>
     <span class='ocr_line' id='line_1_10' title="bbox 30 1334 1058 1427; baseline 0.006 -26"><span class='ocrx_word' id='word_1_68' title='bbox 30 1358 78 1402; x_wconf 64' lang='grc' dir='ltr'><strong>-ιι</strong></span> <span class='ocrx_word' id='word_1_69' title='bbox 97 1361 139 1404; x_wconf 90' lang='lat' dir='ltr'><strong>ea</strong></span> <span class='ocrx_word' id='word_1_70' title='bbox 152 1361 224 1427; x_wconf 81' lang='lat' dir='ltr'><strong>quae</strong></span> <span class='ocrx_word' id='word_1_71' title='bbox 239 1335 322 1405; x_wconf 87' lang='lat' dir='ltr'><strong>dicta</strong></span> <span class='ocrx_word' id='word_1_72' title='bbox 340 1346 426 1412; x_wconf 89' lang='lat' dir='ltr'><strong>sunt,</strong></span> <span class='ocrx_word' id='word_1_73' title='bbox 439 1334 675 1424; x_wconf 79' lang='lat' dir='ltr'><strong>generationem</strong></span> <span class='ocrx_word' id='word_1_74' title='bbox 690 1336 760 1424; x_wconf 89' lang='lat' dir='ltr'><strong>ejus</strong></span> <span class='ocrx_word' id='word_1_75' title='bbox 779 1348 911 1424; x_wconf 70' lang='lat' dir='ltr'><strong>quaeest</strong></span> <span class='ocrx_word' id='word_1_76' title='bbox 930 1361 969 1403; x_wconf 86' lang='lat' dir='ltr'><strong>ex</strong></span> <span class='ocrx_word' id='word_1_77' title='bbox 983 1339 1058 1407; x_wconf 88' lang='lat' dir='ltr'><strong>Vir-</strong></span> 
     </span>
     <span class='ocr_line' id='line_1_11' title="bbox 50 1441 1059 1532; baseline 0.004 -22"><span class='ocrx_word' id='word_1_78' title='bbox 50 1469 113 1522; x_wconf 91' lang='lat' dir='ltr'><strong>ne,</strong></span> <span class='ocrx_word' id='word_1_79' title='bbox 128 1457 160 1511; x_wconf 89' lang='lat' dir='ltr'><strong>et</strong></span> <span class='ocrx_word' id='word_1_80' title='bbox 171 1443 390 1520; x_wconf 87' lang='lat' dir='ltr'><strong>substantiam,</strong></span> <span class='ocrx_word' id='word_1_81' title='bbox 402 1441 553 1532; x_wconf 90' lang='lat' dir='ltr'><strong>quoniam</strong></span> <span class='ocrx_word' id='word_1_82' title='bbox 563 1441 650 1506; x_wconf 86' lang='lat' dir='ltr'><strong>Deus</strong></span> <span class='ocrx_word' id='word_1_83' title='bbox 672 1441 881 1528; x_wconf 76' lang='lat' dir='ltr'><strong>(Emmanuel</strong></span> <span class='ocrx_word' id='word_1_84' title='bbox 899 1448 988 1516; x_wconf 73' lang='lat' dir='ltr'><strong>enim‘</strong></span> <span class='ocrx_word' id='word_1_85' title='bbox 1004 1471 1059 1514; x_wconf 91' lang='lat' dir='ltr'><strong>uo-</strong></span> 
     </span>
     <span class='ocr_line' id='line_1_12' title="bbox 28 1549 1054 1644; baseline 0.003 -23"><span class='ocrx_word' id='word_1_86' title='bbox 28 1597 31 1604; x_wconf 90' lang='lat'><em>·</em></span> <span class='ocrx_word' id='word_1_87' title='bbox 52 1579 98 1621; x_wconf 91' lang='lat' dir='ltr'><strong>en</strong></span> <span class='ocrx_word' id='word_1_88' title='bbox 120 1555 185 1623; x_wconf 91' lang='lat' dir='ltr'><strong>boc</strong></span> <span class='ocrx_word' id='word_1_89' title='bbox 204 1551 377 1644; x_wconf 84' lang='lat' dir='ltr'><strong>significat)</strong></span> <span class='ocrx_word' id='word_1_90' title='bbox 394 1575 403 1618; x_wconf 83' lang='grc' dir='ltr'><strong>ι</strong></span> <span class='ocrx_word' id='word_1_91' title='bbox 424 1563 458 1618; x_wconf 90' lang='lat' dir='ltr'><strong>et</strong></span> <span class='ocrx_word' id='word_1_92' title='bbox 469 1549 655 1634; x_wconf 79' lang='lat' dir='ltr'><strong>¹manifestat</strong></span> <span class='ocrx_word' id='word_1_93' title='bbox 670 1553 822 1641; x_wconf 90' lang='lat' dir='ltr'><strong>quoniam</strong></span> <span class='ocrx_word' id='word_1_94' title='bbox 840 1551 950 1634; x_wconf 94' lang='lat' dir='ltr'><strong>bomo,</strong></span> <span class='ocrx_word' id='word_1_95' title='bbox 966 1557 1001 1624; x_wconf 90' lang='lat' dir='ltr'><strong>in</strong></span> <span class='ocrx_word' id='word_1_96' title='bbox 1015 1581 1054 1624; x_wconf 93' lang='lat' dir='ltr'><strong>eo</strong></span> 
     </span>
     <span class='ocr_line' id='line_1_13' title="bbox 47 1661 1051 1758; baseline 0.006 -28"><span class='ocrx_word' id='word_1_97' title='bbox 47 1664 111 1731; x_wconf 86' lang='lat' dir='ltr'><strong>rod</strong></span> <span class='ocrx_word' id='word_1_98' title='bbox 129 1663 207 1732; x_wconf 89' lang='lat' dir='ltr'><strong>dicit</strong></span> <span class='ocrx_word' id='word_1_99' title='bbox 221 1685 230 1728; x_wconf 76' lang='grc' dir='ltr'><strong><em>ε</em></strong></span> <span class='ocrx_word' id='word_1_100' title='bbox 248 1663 417 1752; x_wconf 79' lang='lat' dir='ltr'><strong>Butyrum</strong></span> <span class='ocrx_word' id='word_1_101' title='bbox 430 1677 461 1727; x_wconf 79' lang='lat' dir='ltr'><strong>et</strong></span> <span class='ocrx_word' id='word_1_102' title='bbox 478 1661 544 1727; x_wconf 85' lang='lat' dir='ltr'><strong>mel</strong></span> <span class='ocrx_word' id='word_1_103' title='bbox 562 1661 793 1740; x_wconf 81' lang='lat' dir='ltr'><strong>manducabit,</strong></span> <span class='ocrx_word' id='word_1_104' title='bbox 813 1676 845 1730; x_wconf 92' lang='lat' dir='ltr'><strong>et</strong></span> <span class='ocrx_word' id='word_1_105' title='bbox 861 1666 894 1732; x_wconf 91' lang='lat' dir='ltr'><strong>in</strong></span> <span class='ocrx_word' id='word_1_106' title='bbox 911 1670 1051 1758; x_wconf 86' lang='lat' dir='ltr'><strong>eoquod</strong></span> 
     </span>
     <span class='ocr_line' id='line_1_14' title="bbox 51 1773 1059 1866; baseline 0.004 -26"><span class='ocrx_word' id='word_1_107' title='bbox 51 1775 179 1840; x_wconf 82' lang='lat' dir='ltr'><strong>fantem</strong></span> <span class='ocrx_word' id='word_1_108' title='bbox 201 1774 346 1840; x_wconf 90' lang='lat' dir='ltr'><strong>nominat</strong></span> <span class='ocrx_word' id='word_1_109' title='bbox 363 1795 450 1849; x_wconf 88' lang='lat' dir='ltr'><strong>eum,</strong></span> <span class='ocrx_word' id='word_1_110' title='bbox 468 1784 512 1849; x_wconf 88' lang='lat' dir='ltr'><strong>et,</strong></span> <span class='ocrx_word' id='word_1_111' title='bbox 532 1773 731 1861; x_wconf 80' lang='lat' dir='ltr'><strong>priusquam</strong></span> <span class='ocrx_word' id='word_1_112' title='bbox 749 1795 918 1866; x_wconf 81' lang='lat' dir='ltr'><strong>cognoseat</strong></span> <span class='ocrx_word' id='word_1_113' title='bbox 936 1777 1059 1844; x_wconf 81' lang='lat' dir='ltr'><strong>bonum</strong></span> 
     </span>
     <span class='ocr_line' id='line_1_15' title="bbox 28 1881 1054 1973; baseline 0.006 -23"><span class='ocrx_word' id='word_1_114' title='bbox 28 1905 29 1940; x_wconf 83' lang='lat'>1</span> <span class='ocrx_word' id='word_1_115' title='bbox 65 1885 223 1960; x_wconf 83' lang='lat' dir='ltr'><strong>melum,-</strong></span> <span class='ocrx_word' id='word_1_116' title='bbox 244 1883 316 1950; x_wconf 83' lang='lat' dir='ltr'><strong>baec</strong></span> <span class='ocrx_word' id='word_1_117' title='bbox 336 1881 421 1948; x_wconf 89' lang='lat' dir='ltr'><strong>enim</strong></span> <span class='ocrx_word' id='word_1_118' title='bbox 436 1881 542 1948; x_wconf 91' lang='lat' dir='ltr'><strong>omnia</strong></span> <span class='ocrx_word' id='word_1_119' title='bbox 558 1881 645 1973; x_wconf 84' lang='lat' dir='ltr'><strong>signa</strong></span> <span class='ocrx_word' id='word_1_120' title='bbox 666 1894 740 1950; x_wconf 87' lang='lat' dir='ltr'><strong>sunt</strong></span> <span class='ocrx_word' id='word_1_121' title='bbox 757 1885 894 1954; x_wconf 92' lang='lat' dir='ltr'><strong>bominis</strong></span> <span class='ocrx_word' id='word_1_122' title='bbox 916 1887 1054 1956; x_wconf 81' lang='lat' dir='ltr'><strong>infantis.</strong></span> 
     </span>
     <span class='ocr_line' id='line_1_16' title="bbox 29 1993 1053 2086; baseline 0.003 -25"><span class='ocrx_word' id='word_1_123' title='bbox 29 1995 126 2074; x_wconf 49' lang='lat' dir='ltr'><strong>“ruod</strong></span> <span class='ocrx_word' id='word_1_124' title='bbox 146 2006 253 2060; x_wconf 84' lang='lat' dir='ltr'><strong>autem</strong></span> <span class='ocrx_word' id='word_1_125' title='bbox 273 2015 343 2060; x_wconf 82' lang='grc' dir='ltr'><strong>ιιοιι</strong></span> <span class='ocrx_word' id='word_1_126' title='bbox 358 1993 533 2059; x_wconf 78' lang='grc' dir='ltr'><strong>οιιιιιιιιιὶιι</strong></span> <span class='ocrx_word' id='word_1_127' title='bbox 552 1993 722 2080; x_wconf 76' lang='lat' dir='ltr'><strong>nequitiae,</strong></span> <span class='ocrx_word' id='word_1_128' title='bbox 745 1995 897 2086; x_wconf 73' lang='lat' dir='ltr'><strong>uestigat</strong></span> <span class='ocrx_word' id='word_1_129' title='bbox 918 1995 1053 2074; x_wconf 83' lang='lat' dir='ltr'><strong>bouum,</strong></span> 
     </span>
     <span class='ocr_line' id='line_1_17' title="bbox 28 2101 1059 2194; baseline 0.003 -23"><span class='ocrx_word' id='word_1_130' title='bbox 28 2103 192 2194; x_wconf 84' lang='lat' dir='ltr'><strong>roprium</strong></span> <span class='ocrx_word' id='word_1_131' title='bbox 207 2103 269 2172; x_wconf 90' lang='lat' dir='ltr'><strong>boc</strong></span> <span class='ocrx_word' id='word_1_132' title='bbox 288 2114 335 2170; x_wconf 88' lang='lat' dir='ltr'><strong>est</strong></span> <span class='ocrx_word' id='word_1_133' title='bbox 350 2101 422 2180; x_wconf 91' lang='lat' dir='ltr'><strong>Dei,</strong></span> <span class='ocrx_word' id='word_1_134' title='bbox 439 2101 486 2168; x_wconf 82' lang='lat' dir='ltr'><strong>uti</strong></span> <span class='ocrx_word' id='word_1_135' title='bbox 507 2125 572 2168; x_wconf 94' lang='lat' dir='ltr'><strong>non</strong></span> <span class='ocrx_word' id='word_1_136' title='bbox 590 2124 649 2192; x_wconf 85' lang='lat' dir='ltr'><strong>per</strong></span> <span class='ocrx_word' id='word_1_137' title='bbox 665 2101 728 2170; x_wconf 93' lang='lat' dir='ltr'><strong>boc</strong></span> <span class='ocrx_word' id='word_1_138' title='bbox 749 2103 836 2194; x_wconf 83' lang='lat' dir='ltr'><strong>quod</strong></span> <span class='ocrx_word' id='word_1_139' title='bbox 852 2106 1059 2176; x_wconf 82' lang='lat' dir='ltr'><strong>manducabit</strong></span> 
     </span>
     <span class='ocr_line' id='line_1_18' title="bbox 32 2209 1057 2303; baseline 0.003 -23"><span class='ocrx_word' id='word_1_140' title='bbox 32 2227 180 2303; x_wconf 49' lang='lat' dir='ltr'><strong>⁶utyrum</strong></span> <span class='ocrx_word' id='word_1_141' title='bbox 201 2227 233 2280; x_wconf 86' lang='lat' dir='ltr'><strong>et</strong></span> <span class='ocrx_word' id='word_1_142' title='bbox 251 2211 328 2290; x_wconf 92' lang='lat' dir='ltr'><strong>mel,</strong></span> <span class='ocrx_word' id='word_1_143' title='bbox 350 2211 436 2278; x_wconf 89' lang='lat' dir='ltr'><strong>nude</strong></span> <span class='ocrx_word' id='word_1_144' title='bbox 457 2209 656 2278; x_wconf 88' lang='lat' dir='ltr'><strong>solummodo</strong></span> <span class='ocrx_word' id='word_1_145' title='bbox 672 2233 747 2277; x_wconf 90' lang='lat' dir='ltr'><strong>eum</strong></span> <span class='ocrx_word' id='word_1_146' title='bbox 761 2211 924 2281; x_wconf 90' lang='lat' dir='ltr'><strong>bominem</strong></span> <span class='ocrx_word' id='word_1_147' title='bbox 940 2213 1057 2282; x_wconf 90' lang='lat' dir='ltr'><strong>intelli-</strong></span> 
     </span>
     <span class='ocr_line' id='line_1_19' title="bbox 28 2319 1057 2450; baseline 0.009 -66"><span class='ocrx_word' id='word_1_148' title='bbox 28 2347 30 2384; x_wconf 93' lang='lat'><strong>:</strong></span> <span class='ocrx_word' id='word_1_149' title='bbox 43 2347 186 2400; x_wconf 75' lang='lat' dir='ltr'><strong>e,remus</strong></span> <span class='ocrx_word' id='word_1_150' title='bbox 207 2345 310 2411; x_wconf 88' lang='lat' dir='ltr'><strong>neque</strong></span> <span class='ocrx_word' id='word_1_151' title='bbox 326 2343 434 2389; x_wconf 88' lang='lat' dir='ltr'><strong>rursus</strong></span> <span class='ocrx_word' id='word_1_152' title='bbox 452 2343 510 2411; x_wconf 91' lang='lat' dir='ltr'><strong>per</strong></span> <span class='ocrx_word' id='word_1_153' title='bbox 524 2340 642 2387; x_wconf 89' lang='lat' dir='ltr'><strong>nomen</strong></span> <span class='ocrx_word' id='word_1_154' title='bbox 655 2319 857 2399; x_wconf 87' lang='lat' dir='ltr'><strong>Emmanuel,</strong></span> <span class='ocrx_word' id='word_1_155' title='bbox 874 2323 941 2390; x_wconf 87' lang='lat' dir='ltr'><strong>sius</strong></span> <span class='ocrx_word' id='word_1_156' title='bbox 962 2340 1057 2450; x_wconf 82' lang='lat' dir='ltr'><strong>carne</strong></span> 
     </span>
     <span class='ocr_line' id='line_1_20' title="bbox 39 2435 477 2524; baseline -0.002 -23.991"><span class='ocrx_word' id='word_1_157' title='bbox 39 2460 99 2502; x_wconf 82' lang='lat' dir='ltr'><strong>rm</strong></span> <span class='ocrx_word' id='word_1_158' title='bbox 115 2435 221 2500; x_wconf 89' lang='lat' dir='ltr'><strong>Deum</strong></span> <span class='ocrx_word' id='word_1_159' title='bbox 237 2435 477 2524; x_wconf 87' lang='lat' dir='ltr'><strong>suspicaremur.</strong></span> 
     </span>
    </p>

    <p class='ocr_par' dir='ltr' id='par_1_3' title="bbox 28 2541 1059 3951">
     <span class='ocr_line' id='line_1_21' title="bbox 28 2541 1058 2635; baseline 0.004 -25.149"><span class='ocrx_word' id='word_1_160' title='bbox 28 2543 161 2610; x_wconf 85' lang='lat' dir='ltr'><strong>·&#39;Et1n</strong></span> <span class='ocrx_word' id='word_1_161' title='bbox 172 2565 210 2608; x_wconf 90' lang='lat' dir='ltr'><strong>eo</strong></span> <span class='ocrx_word' id='word_1_162' title='bbox 222 2541 307 2633; x_wconf 84' lang='lat' dir='ltr'><strong>quod</strong></span> <span class='ocrx_word' id='word_1_163' title='bbox 316 2543 419 2610; x_wconf 80' lang='lat' dir='ltr'><strong>&lt;bort</strong></span> <span class='ocrx_word' id='word_1_164' title='bbox 438 2542 564 2609; x_wconf 80' lang='lat' dir='ltr'><strong>Audite</strong></span> <span class='ocrx_word' id='word_1_165' title='bbox 582 2543 697 2610; x_wconf 85' lang='lat' dir='ltr'><strong>domus</strong></span> <span class='ocrx_word' id='word_1_166' title='bbox 707 2543 837 2620; x_wconf 82' lang='lat' dir='ltr'><strong>Dauid,</strong></span> <span class='ocrx_word' id='word_1_167' title='bbox 853 2545 1058 2635; x_wconf 79' lang='lat' dir='ltr'><strong>significantis</strong></span> 
     </span>
     <span class='ocr_line' id='line_1_22' title="bbox 28 2650 1059 2744; baseline 0.004 -25"><span class='ocrx_word' id='word_1_168' title='bbox 28 2663 108 2730; x_wconf 63' lang='lat' dir='ltr'><strong>arat,</strong></span> <span class='ocrx_word' id='word_1_169' title='bbox 126 2654 276 2744; x_wconf 90' lang='lat' dir='ltr'><strong>quoniam</strong></span> <span class='ocrx_word' id='word_1_170' title='bbox 288 2675 381 2744; x_wconf 85' lang='lat' dir='ltr'><strong>quem</strong></span> <span class='ocrx_word' id='word_1_171' title='bbox 392 2652 537 2744; x_wconf 89' lang='lat' dir='ltr'><strong>promisit</strong></span> <span class='ocrx_word' id='word_1_172' title='bbox 553 2653 637 2720; x_wconf 90' lang='lat' dir='ltr'><strong>Deus</strong></span> <span class='ocrx_word' id='word_1_173' title='bbox 652 2650 753 2719; x_wconf 82' lang='lat' dir='ltr'><strong>David</strong></span> <span class='ocrx_word' id='word_1_174' title='bbox 765 2652 804 2720; x_wconf 84' lang='lat' dir='ltr'><strong>dc</strong></span> <span class='ocrx_word' id='word_1_175' title='bbox 821 2653 928 2721; x_wconf 86' lang='lat' dir='ltr'><strong>fructu</strong></span> <span class='ocrx_word' id='word_1_176' title='bbox 940 2655 1059 2724; x_wconf 84' lang='lat' dir='ltr'><strong>ventris</strong></span> 
     </span>
     <span class='ocr_line' id='line_1_23' title="bbox 28 2759 1058 2858; baseline 0 -28"><span class='ocrx_word' id='word_1_177' title='bbox 28 2767 93 2856; x_wconf 75' lang='lat' dir='ltr'><strong>2jus</strong></span> <span class='ocrx_word' id='word_1_178' title='bbox 110 2775 268 2830; x_wconf 73' lang='lat' dir='ltr'><strong>aeternum</strong></span> <span class='ocrx_word' id='word_1_179' title='bbox 290 2763 516 2858; x_wconf 78' lang='lat' dir='ltr'><strong>suscitaturum</strong></span> <span class='ocrx_word' id='word_1_180' title='bbox 531 2785 564 2828; x_wconf 87' lang='lat' dir='ltr'><strong>se</strong></span> <span class='ocrx_word' id='word_1_181' title='bbox 579 2761 710 2852; x_wconf 82' lang='lat' dir='ltr'><strong>Regem,</strong></span> <span class='ocrx_word' id='word_1_182' title='bbox 732 2759 786 2830; x_wconf 93' lang='lat' dir='ltr'><strong>bic</strong></span> <span class='ocrx_word' id='word_1_183' title='bbox 800 2775 848 2828; x_wconf 86' lang='lat' dir='ltr'><strong>est</strong></span> <span class='ocrx_word' id='word_1_184' title='bbox 862 2763 917 2852; x_wconf 90' lang='lat' dir='ltr'><strong>qui</strong></span> <span class='ocrx_word' id='word_1_185' title='bbox 931 2785 970 2829; x_wconf 88' lang='lat' dir='ltr'><strong>ex</strong></span> <span class='ocrx_word' id='word_1_186' title='bbox 983 2761 1058 2830; x_wconf 90' lang='lat' dir='ltr'><strong>Vir-</strong></span> 
     </span>
     <span class='ocr_line' id='line_1_24' title="bbox 31 2869 1058 2964; baseline -0.001 -23"><span class='ocrx_word' id='word_1_187' title='bbox 31 2877 109 2952; x_wconf 88' lang='lat' dir='ltr'><strong>ine,</strong></span> <span class='ocrx_word' id='word_1_188' title='bbox 123 2897 195 2963; x_wconf 85' lang='lat' dir='ltr'><strong>quae</strong></span> <span class='ocrx_word' id='word_1_189' title='bbox 211 2873 271 2939; x_wconf 86' lang='lat' dir='ltr'><strong>luit</strong></span> <span class='ocrx_word' id='word_1_190' title='bbox 283 2873 322 2939; x_wconf 87' lang='lat' dir='ltr'><strong>de</strong></span> <span class='ocrx_word' id='word_1_191' title='bbox 337 2895 453 2964; x_wconf 88' lang='lat' dir='ltr'><strong>genere</strong></span> <span class='ocrx_word' id='word_1_192' title='bbox 467 2871 581 2948; x_wconf 83' lang='lat' dir='ltr'><strong>David,</strong></span> <span class='ocrx_word' id='word_1_193' title='bbox 597 2881 764 2962; x_wconf 88' lang='lat' dir='ltr'><strong>generatus</strong></span> <span class='ocrx_word' id='word_1_194' title='bbox 775 2883 833 2938; x_wconf 70' lang='lat' dir='ltr'><strong>esc</strong></span> <span class='ocrx_word' id='word_1_195' title='bbox 848 2869 981 2962; x_wconf 86' lang='lat' dir='ltr'><strong>Propter</strong></span> <span class='ocrx_word' id='word_1_196' title='bbox 995 2873 1058 2940; x_wconf 82' lang='lat' dir='ltr'><strong>boc</strong></span> 
     </span>
     <span class='ocr_line' id='line_1_25' title="bbox 28 2979 1058 3072; baseline 0 -22"><span class='ocrx_word' id='word_1_197' title='bbox 28 2984 111 3050; x_wconf 88' lang='lat' dir='ltr'><strong>nim</strong></span> <span class='ocrx_word' id='word_1_198' title='bbox 132 2994 166 3048; x_wconf 91' lang='lat' dir='ltr'><strong>et</strong></span> <span class='ocrx_word' id='word_1_199' title='bbox 183 2983 223 3050; x_wconf 80' lang='lat' dir='ltr'><strong>sle</strong></span> <span class='ocrx_word' id='word_1_200' title='bbox 239 2983 345 3050; x_wconf 78' lang='lat' dir='ltr'><strong>fructu</strong></span> <span class='ocrx_word' id='word_1_201' title='bbox 360 2981 478 3048; x_wconf 81' lang='lat' dir='ltr'><strong>ventris</strong></span> <span class='ocrx_word' id='word_1_202' title='bbox 493 2981 562 3070; x_wconf 86' lang='lat' dir='ltr'><strong>ejus</strong></span> <span class='ocrx_word' id='word_1_203' title='bbox 576 2979 696 3070; x_wconf 86' lang='lat' dir='ltr'><strong>Regem</strong></span> <span class='ocrx_word' id='word_1_204' title='bbox 710 2981 868 3072; x_wconf 84' lang='lat' dir='ltr'><strong>promisit,</strong></span> <span class='ocrx_word' id='word_1_205' title='bbox 883 2982 971 3072; x_wconf 89' lang='lat' dir='ltr'><strong>quod</strong></span> <span class='ocrx_word' id='word_1_206' title='bbox 988 2997 1058 3050; x_wconf 87' lang='lat' dir='ltr'><strong>erat</strong></span> 
     </span>
     <span class='ocr_line' id='line_1_26' title="bbox 28 3089 1056 3184; baseline 0 -26"><span class='ocrx_word' id='word_1_207' title='bbox 28 3093 192 3183; x_wconf 71' lang='lat' dir='ltr'><strong>»roprium</strong></span> <span class='ocrx_word' id='word_1_208' title='bbox 203 3091 339 3184; x_wconf 84' lang='lat' dir='ltr'><strong>Virginis</strong></span> <span class='ocrx_word' id='word_1_209' title='bbox 353 3091 561 3182; x_wconf 76' lang='lat' dir='ltr'><strong>pregnantis3</strong></span> <span class='ocrx_word' id='word_1_210' title='bbox 577 3100 609 3155; x_wconf 91' lang='lat' dir='ltr'><strong>et</strong></span> <span class='ocrx_word' id='word_1_211' title='bbox 621 3113 685 3158; x_wconf 90' lang='lat' dir='ltr'><strong>non</strong></span> <span class='ocrx_word' id='word_1_212' title='bbox 701 3089 740 3156; x_wconf 87' lang='lat' dir='ltr'><strong>de</strong></span> <span class='ocrx_word' id='word_1_213' title='bbox 754 3090 860 3157; x_wconf 87' lang='lat' dir='ltr'><strong>fructu</strong></span> <span class='ocrx_word' id='word_1_214' title='bbox 872 3089 1056 3158; x_wconf 88' lang='lat' dir='ltr'><strong>lumborum</strong></span> 
     </span>
     <span class='ocr_line' id='line_1_27' title="bbox 28 3200 1054 3293; baseline 0.002 -26"><span class='ocrx_word' id='word_1_215' title='bbox 28 3206 110 3293; x_wconf 67' lang='lat' dir='ltr'><strong>ejus,</strong></span> <span class='ocrx_word' id='word_1_216' title='bbox 133 3226 193 3271; x_wconf 91' lang='lat' dir='ltr'><strong>uec</strong></span> <span class='ocrx_word' id='word_1_217' title='bbox 209 3203 249 3270; x_wconf 86' lang='lat' dir='ltr'><strong>de</strong></span> <span class='ocrx_word' id='word_1_218' title='bbox 267 3203 375 3271; x_wconf 84' lang='lat' dir='ltr'><strong>fructu</strong></span> <span class='ocrx_word' id='word_1_219' title='bbox 394 3207 508 3269; x_wconf 88' lang='lat' dir='ltr'><strong>renum</strong></span> <span class='ocrx_word' id='word_1_220' title='bbox 528 3202 610 3290; x_wconf 86' lang='lat' dir='ltr'><strong>ejus,</strong></span> <span class='ocrx_word' id='word_1_221' title='bbox 632 3200 720 3290; x_wconf 88' lang='lat' dir='ltr'><strong>quod</strong></span> <span class='ocrx_word' id='word_1_222' title='bbox 739 3213 788 3266; x_wconf 86' lang='lat' dir='ltr'><strong>est</strong></span> <span class='ocrx_word' id='word_1_223' title='bbox 807 3201 973 3291; x_wconf 90' lang='lat' dir='ltr'><strong>proprium</strong></span> <span class='ocrx_word' id='word_1_224' title='bbox 992 3203 1054 3269; x_wconf 78' lang='lat' dir='ltr'><strong>tiri</strong></span> 
     </span>
     <span class='ocr_line' id='line_1_28' title="bbox 28 3305 1056 3436; baseline -0.002 -55.986"><span class='ocrx_word' id='word_1_225' title='bbox 28 3314 217 3400; x_wconf 83' lang='lat' dir='ltr'><strong>enerantis,</strong></span> <span class='ocrx_word' id='word_1_226' title='bbox 233 3325 266 3380; x_wconf 92' lang='lat' dir='ltr'><strong>et</strong></span> <span class='ocrx_word' id='word_1_227' title='bbox 280 3311 420 3380; x_wconf 90' lang='lat' dir='ltr'><strong>mulieris</strong></span> <span class='ocrx_word' id='word_1_228' title='bbox 436 3336 475 3378; x_wconf 87' lang='lat' dir='ltr'><strong>ex</strong></span> <span class='ocrx_word' id='word_1_229' title='bbox 488 3311 557 3378; x_wconf 85' lang='lat' dir='ltr'><strong>viro</strong></span> <span class='ocrx_word' id='word_1_230' title='bbox 565 3305 810 3436; x_wconf 85' lang='lat' dir='ltr'><strong>conceptionem</strong></span> <span class='ocrx_word' id='word_1_231' title='bbox 820 3309 973 3378; x_wconf 80' lang='lat' dir='ltr'><strong>facientis.</strong></span> <span class='ocrx_word' id='word_1_232' title='bbox 989 3311 1056 3378; x_wconf 85' lang='lat' dir='ltr'><strong>Cir·</strong></span> 
     </span>
     <span class='ocr_line' id='line_1_29' title="bbox 28 3417 1053 3534; baseline -0.001 -44.995"><span class='ocrx_word' id='word_1_233' title='bbox 28 3423 226 3534; x_wconf 82' lang='lat' dir='ltr'><strong>umscripsit</strong></span> <span class='ocrx_word' id='word_1_234' title='bbox 242 3423 337 3513; x_wconf 84' lang='lat' dir='ltr'><strong>igitur</strong></span> <span class='ocrx_word' id='word_1_235' title='bbox 351 3417 545 3512; x_wconf 87' lang='lat' dir='ltr'><strong>genitalia</strong></span> <span class='ocrx_word' id='word_1_236' title='bbox 516 3419 573 3487; x_wconf 86' lang='lat' dir='ltr'><strong>vrri</strong></span> <span class='ocrx_word' id='word_1_237' title='bbox 594 3421 628 3487; x_wconf 91' lang='lat' dir='ltr'><strong>in</strong></span> <span class='ocrx_word' id='word_1_238' title='bbox 642 3420 848 3509; x_wconf 84' lang='lat' dir='ltr'><strong>promissione</strong></span> <span class='ocrx_word' id='word_1_239' title='bbox 863 3419 1053 3511; x_wconf 87' lang='lat' dir='ltr'><strong>Scriptura:</strong></span> 
     </span>
     <span class='ocr_line' id='line_1_30' title="bbox 28 3527 1054 3618; baseline -0.001 -19"><span class='ocrx_word' id='word_1_240' title='bbox 28 3557 87 3599; x_wconf 90' lang='lat' dir='ltr'><strong>mo</strong></span> <span class='ocrx_word' id='word_1_241' title='bbox 111 3555 187 3598; x_wconf 89' lang='lat' dir='ltr'><strong>vero</strong></span> <span class='ocrx_word' id='word_1_242' title='bbox 204 3553 265 3597; x_wconf 91' lang='lat' dir='ltr'><strong>nec</strong></span> <span class='ocrx_word' id='word_1_243' title='bbox 285 3541 566 3606; x_wconf 85' lang='lat' dir='ltr'><strong>commemoratur,</strong></span> <span class='ocrx_word' id='word_1_244' title='bbox 587 3528 737 3618; x_wconf 86' lang='lat' dir='ltr'><strong>quoniam</strong></span> <span class='ocrx_word' id='word_1_245' title='bbox 754 3548 819 3594; x_wconf 93' lang='lat' dir='ltr'><strong>non</strong></span> <span class='ocrx_word' id='word_1_246' title='bbox 836 3551 875 3594; x_wconf 83' lang='lat' dir='ltr'><strong>ex</strong></span> <span class='ocrx_word' id='word_1_247' title='bbox 893 3527 1054 3598; x_wconf 84' lang='lat' dir='ltr'><strong>voluntate</strong></span> 
     </span>
     <span class='ocr_line' id='line_1_31' title="bbox 28 3636 1055 3728; baseline 0.002 -20"><span class='ocrx_word' id='word_1_248' title='bbox 28 3643 76 3708; x_wconf 89' lang='lat' dir='ltr'><strong>iri</strong></span> <span class='ocrx_word' id='word_1_249' title='bbox 95 3651 166 3706; x_wconf 85' lang='lat' dir='ltr'><strong>erat</strong></span> <span class='ocrx_word' id='word_1_250' title='bbox 182 3662 236 3728; x_wconf 89' lang='lat' dir='ltr'><strong>qur</strong></span> <span class='ocrx_word' id='word_1_251' title='bbox 227 3641 451 3708; x_wconf 74' lang='grc' dir='ltr'><strong>’.ιιιιιιιιιιιιιῑιιι</strong></span> <span class='ocrx_word' id='word_1_252' title='bbox 467 3637 585 3706; x_wconf 84' lang='lat' dir='ltr'><strong>Statuit</strong></span> <span class='ocrx_word' id='word_1_253' title='bbox 596 3648 702 3703; x_wconf 82' lang='lat' dir='ltr'><strong>autem</strong></span> <span class='ocrx_word' id='word_1_254' title='bbox 713 3647 745 3702; x_wconf 89' lang='lat' dir='ltr'><strong>et</strong></span> <span class='ocrx_word' id='word_1_255' title='bbox 756 3636 957 3708; x_wconf 83' lang='lat' dir='ltr'><strong>confirmavit</strong></span> <span class='ocrx_word' id='word_1_256' title='bbox 971 3639 1055 3710; x_wconf 76' lang='lat' dir='ltr'><strong>fruc</strong></span> 
     </span>
     <span class='ocr_line' id='line_1_32' title="bbox 28 3747 1054 3842; baseline -0.001 -21"><span class='ocrx_word' id='word_1_257' title='bbox 28 3775 91 3820; x_wconf 91' lang='lat' dir='ltr'><strong>um</strong></span> <span class='ocrx_word' id='word_1_258' title='bbox 103 3751 236 3828; x_wconf 86' lang='lat' dir='ltr'><strong>ventris,</strong></span> <span class='ocrx_word' id='word_1_259' title='bbox 253 3764 288 3817; x_wconf 87' lang='lat' dir='ltr'><strong>ut</strong></span> <span class='ocrx_word' id='word_1_260' title='bbox 302 3751 538 3842; x_wconf 89' lang='lat' dir='ltr'><strong>generationem</strong></span> <span class='ocrx_word' id='word_1_261' title='bbox 552 3751 621 3840; x_wconf 90' lang='lat' dir='ltr'><strong>ejus</strong></span> <span class='ocrx_word' id='word_1_262' title='bbox 636 3749 690 3839; x_wconf 91' lang='lat' dir='ltr'><strong>qui</strong></span> <span class='ocrx_word' id='word_1_263' title='bbox 705 3761 774 3815; x_wconf 88' lang='lat' dir='ltr'><strong>erat</strong></span> <span class='ocrx_word' id='word_1_264' title='bbox 788 3747 913 3818; x_wconf 85' lang='lat' dir='ltr'><strong>iuturus</strong></span> <span class='ocrx_word' id='word_1_265' title='bbox 930 3775 969 3818; x_wconf 87' lang='lat' dir='ltr'><strong>ex</strong></span> <span class='ocrx_word' id='word_1_266' title='bbox 980 3751 1054 3822; x_wconf 83' lang='lat' dir='ltr'><strong>Vir·</strong></span> 
     </span>
     <span class='ocr_line' id='line_1_33' title="bbox 29 3851 1055 3951; baseline -0.003 -22"><span class='ocrx_word' id='word_1_267' title='bbox 29 3865 107 3937; x_wconf 91' lang='lat' dir='ltr'><strong>ine,</strong></span> <span class='ocrx_word' id='word_1_268' title='bbox 127 3862 359 3950; x_wconf 86' lang='lat' dir='ltr'><strong>pronuntiaret,</strong></span> <span class='ocrx_word' id='word_1_269' title='bbox 376 3858 646 3950; x_wconf 84' lang='lat' dir='ltr'><strong>quemadmodum</strong></span> <span class='ocrx_word' id='word_1_270' title='bbox 658 3854 823 3928; x_wconf 81' lang='lat' dir='ltr'><strong>Elisabeth</strong></span> <span class='ocrx_word' id='word_1_271' title='bbox 837 3857 966 3950; x_wconf 83' lang='lat' dir='ltr'><strong>impleta</strong></span> <span class='ocrx_word' id='word_1_272' title='bbox 981 3851 1055 3951; x_wconf 75' lang='lat' dir='ltr'><strong>Spi-¹</strong></span> 
     </span>
    </p>
   </div>
   <div class='ocr_carea' id='block_1_3' title="bbox 43 3991 963 4144">
    <p class='ocr_par' dir='ltr' id='par_1_4' title="bbox 43 3991 963 4144">
     <span class='ocr_line' id='line_1_34' title="bbox 43 3991 361 4056; baseline -0.006 -14"><span class='ocrx_word' id='word_1_273' title='bbox 43 3993 55 4028; x_wconf 88' lang='lat'>¹</span> <span class='ocrx_word' id='word_1_274' title='bbox 70 3991 143 4042; x_wconf 82' lang='lat' dir='ltr'><strong>Esai.</strong></span> <span class='ocrx_word' id='word_1_275' title='bbox 156 4007 202 4052; x_wconf 81' lang='lat' dir='ltr'><strong>vu,</strong></span> <span class='ocrx_word' id='word_1_276' title='bbox 216 4007 245 4040; x_wconf 86' lang='grc' dir='ltr'><strong>ιιι</strong></span> <span class='ocrx_word' id='word_1_277' title='bbox 254 3999 282 4041; x_wconf 81' lang='lat' dir='ltr'><strong>et</strong></span> <span class='ocrx_word' id='word_1_278' title='bbox 290 4005 361 4056; x_wconf 78' lang='lat' dir='ltr'><strong>seqq.</strong></span> 
     </span>
     <span class='ocr_line' id='line_1_35' title="bbox 109 4077 963 4144; baseline -0.002 -1"><span class='ocrx_word' id='word_1_279' title='bbox 109 4097 144 4144; x_wconf 90' lang='grc' dir='ltr'><strong>ιι.</strong></span> <span class='ocrx_word' id='word_1_280' title='bbox 924 4077 963 4142; x_wconf 85' lang='grc' dir='ltr'><strong>ι5</strong></span> 
     </span>
    </p>
   </div>
   <div class='ocr_carea' id='block_1_4' title="bbox 0 0 1328 4634">
    <p class='ocr_par' dir='ltr' id='par_1_5' title="bbox 0 0 1328 4634">
     <span class='ocr_line' id='line_1_36' title="bbox 0 0 1328 4634; baseline 0 0"><span class='ocrx_word' id='word_1_281' title='bbox 0 0 1328 4634; x_wconf 95' lang='lat' dir='ltr'><strong> </strong></span> 
     </span>
    </p>
   </div>
  </div>
 </body>
</html>
