2684 4638
228 297 290 382 270
551 321 665 366 sartari
690 321 803 369 tarnat
827 325 888 369 ιιι.
915 327 938 370 ιι

224 426 314 494 ἰΙΙιιιιι
326 438 373 493 ost
383 427 515 516 aliquid,
528 429 592 516 jam
605 451 669 496 aon
681 433 827 499 amnium
838 445 886 500 est
897 433 1055 513 Pleroma,
1069 461 1175 528 neque
1187 463 1259 510 con-

223 539 302 605 tinet
322 539 438 604 omnia.
463 537 571 605 Deerit
592 540 678 606 enim
698 539 882 622 Pleromati,
903 557 959 610 aut
979 547 1008 612 oi
1029 549 1083 636 qui
1105 551 1146 616 sit
1166 575 1261 642 super

222 648 328 715 omnia
340 647 421 723 Deo,
434 644 497 714 hoc
509 649 595 735 quod
606 661 694 716 extra
705 673 780 718 eum
791 652 913 720 dicunt.
929 653 1026 735 Quod
1036 669 1145 724 autem
1155 659 1257 736 deest,

220 769 253 826 et
264 756 438 824 delibatum
447 767 495 823 est
505 759 545 824 ab
557 757 675 849 aliquo,
686 759 750 827 hoc
760 779 825 828 non
837 775 884 828 est
894 766 1039 832 omnium
1049 765 1207 836 Pleroma.
1220 773 1258 837 Et

220 868 393 936 terminum
408 878 528 944 antem,
549 879 582 934 et
600 868 817 947 medietatem,
833 881 866 937 et
880 869 978 939 linem
993 874 1126 943 habehit
1145 879 1187 944 ad
1205 901 1258 944 eos

221 979 360 1068 quisunt
372 989 460 1043 extra
471 999 557 1044 eum.
577 976 611 1044 Si
626 989 735 1046 autem
747 980 820 1048 linis
831 994 880 1048 est
894 982 928 1050 in
944 1007 981 1050 ea
997 1009 1068 1075 quae
1082 1001 1159 1054 aunt
1170 989 1259 1056 deor·

219 1109 303 1164 sum,
323 1087 450 1153 initium
466 1099 517 1154 ost
533 1099 568 1160 ,et
584 1087 619 1155 in
638 1111 675 1154 ea
695 1113 765 1180 quae
783 1103 857 1159 sunt
875 1115 1012 1162 sursum.
1030 1095 1187 1166 Similiter
1201 1124 1258 1169 au-

218 1211 284 1264 tem
302 1207 392 1263 etex
410 1194 538 1285 reliquis
556 1197 698 1286 partibus
719 1201 889 1268 necessitas
908 1215 957 1270 est
974 1207 1077 1273 omnis
1097 1208 1132 1276 id
1152 1209 1258 1298 ipsum

216 1305 365 1396 experiri,
383 1317 417 1371 et
431 1307 471 1372 nh
487 1304 532 1371 ais
547 1307 601 1394 qui
616 1305 692 1372 soris
712 1320 786 1375 sunt
800 1311 971 1390 contineri,
987 1325 1020 1379 et
1035 1313 1256 1394 determinari,

215 1427 248 1482 et
267 1413 396 1482 includi.
415 1416 446 1482 Is
461 1399 547 1482 enim
564 1416 619 1504 qui
634 1429 683 1482 est
700 1416 849 1486 deorsum
865 1419 949 1499 linis,
967 1426 1148 1493 necessario
1168 1432 1256 1496 omni

216 1525 312 1592 modo
323 1525 570 1603 circumscribit,
585 1537 617 1593 et
629 1527 808 1595 circumdat
818 1553 893 1596 eum
905 1533 959 1622 qui
971 1532 1101 1600 finiatur
1115 1537 1151 1604 in
1166 1561 1254 1606 eum.

259 1635 323 1716 Qui
341 1634 469 1703 autem¹
486 1635 526 1702 ab
543 1633 672 1726 Angelis
683 1638 840 1705 mundum
853 1639 964 1708 dicunt
973 1641 1182 1725 sabucetum,
1207 1649 1255 1716 rel

212 1747 252 1814 ab
267 1744 329 1811 alio
343 1745 483 1834 quodam
497 1745 610 1822 mundi
625 1739 827 1827 fabricatore,
842 1763 959 1841 praeter
974 1756 1168 1824 sententiam
1184 1761 1256 1848 ejus

213 1853 269 1942 qui
284 1851 500 1943 superomnia
516 1851 610 1920 Pater
622 1864 684 1930 ost,
701 1854 951 1945 primoquidem
964 1883 1003 1927 ex
1018 1861 1080 1940 hoc
1096 1864 1167 1954 ipso
1182 1887 1258 1956 pec

214 1974 300 2040 cant,
319 1975 434 2053 praeter
448 1961 645 2030 voluntatem
660 1967 755 2055 primi
769 1965 827 2035 Dei
844 1967 941 2036 talem
955 1982 988 2037 et
1003 1983 1125 2042 tantam
1140 1979 1256 2045 conffl-

212 2074 333 2139 tionem
348 2070 485 2162 Angeloa
496 2072 608 2140 secisse
621 2072 785 2144 dicentes:
803 2079 893 2166 quasi
907 2079 1102 2150 efficaciores
1116 2085 1182 2153 sint
1192 2088 1253 2156 An

212 2180 273 2272 geli
295 2203 392 2270 quam
414 2181 513 2257 Deus,
536 2193 592 2268 aut
615 2205 724 2249 rursus
748 2185 836 2272 quasi
858 2183 912 2252 ille
933 2188 1096 2279 negligens
1119 2193 1175 2270 sit,
1198 2208 1250 2260 aut

209 2292 314 2358 minor
328 2291 476 2365 existens,
497 2301 552 2353 aut
572 2289 693 2358 nullam
711 2315 823 2360 curam
847 2296 969 2362 hahens
992 2321 1107 2390 eorum
1127 2323 1198 2390 qun
1212 2305 1242 2368 in

207 2395 343 2487 propriis
369 2397 467 2485 ipsius
491 2395 585 2471 liant;
611 2409 795 2466 utrumnam
818 2401 901 2470 male
926 2427 967 2472 an
989 2408 1073 2474 hena
1094 2409 1186 2487 liant,
1210 2426 1245 2478 ut

209 2507 286 2575 illud
304 2507 433 2596 quidem
452 2501 582 2596 dissipet
601 2521 634 2574 et
653 2510 833 2598 prohibeat,
857 2513 993 2583 alterum
1012 2531 1129 2586 autem·
1140 2520 1251 2588 laudet

207 2631 240 2684 ot
254 2617 390 2708 gaudent
406 2641 414 2681 ι
437 2618 501 2684 hoo
520 2629 629 2685 autem
644 2643 685 2688 ne
703 2621 826 2692 homini
840 2626 972 2712 quidem
986 2627 1095 2696 solerti
1110 2631 1254 2721 applicet

209 2727 295 2815 quis;
314 2737 435 2814 quanto
451 2727 551 2815 magis
566 2726 659 2794 Deoi’

251 2835 284 2903 Si
300 2845 408 2902 antem
421 2829 456 2904 in
470 2835 554 2902 illius
568 2837 718 2927 propriis,
733 2838 826 2907 valde
841 2865 959 2910 vanum
973 2847 1034 2912 erit
1048 2860 1166 2937 preter
1178 2873 1254 2920 sen-

206 2943 339 3010 tentiam
357 2944 440 3033 ejus,
459 2942 492 3010 in
507 2943 577 3032 ojus
591 2945 741 3034 propriis,
761 2949 801 3014 ab
817 2949 946 3041 Angelis
960 2967 993 3021 et
1012 2957 1085 3046 ipsis
1099 2961 1155 3050 qui
1173 2975 1252 3030 sunt

205 3051 238 3115 in
259 3060 415 3138 potestate
433 3050 518 3138 ejus,
542 3061 597 3115 aut
620 3051 662 3117 alt
684 3049 746 3118 alio
767 3056 908 3144 quodam
927 3060 1036 3130 dicero
1055 3065 1250 3138 fabricatum

204 3181 272 3227 ease
295 3158 465 3234 mundum,
488 3169 546 3224 aut
568 3161 657 3248 quasi
679 3185 744 3228 non
766 3167 873 3232 omnia
893 3172 1065 3260 prospiciat
1086 3176 1154 3266 ipse
1174 3201 1251 3269 qua·
1340 3183 1341 3186 ’

204 3270 315 3338 sintin
330 3269 408 3345 suis,
425 3280 540 3336 utnon
555 3271 634 3336 sciat
648 3291 720 3362 quo
733 3276 774 3341 ab
791 3275 918 3368 Angelis
932 3280 1039 3350 futura
1055 3287 1128 3353 sint.

248 3377 284 3444 Si
303 3389 412 3444 autem
433 3399 498 3444 non
519 3389 635 3465 proeter
656 3379 852 3451 voluntatem
873 3387 959 3478 ejus,
982 3393 1039 3459 sed
1061 3394 1190 3474 volente
1213 3413 1250 3466 et

203 3487 336 3564 sciente,
356 3487 627 3576 quamadmodum
646 3491 777 3579 quidam
794 3495 981 3587 opinantur:
1003 3503 1069 3591 jam
1086 3527 1152 3573 non
1175 3507 1249 3576 alu·

201 3599 276 3690 goli,
295 3597 344 3665 vel
360 3597 472 3666 mundi
490 3599 778 3690 fabricatorcausae
796 3619 892 3674 erunt
904 3607 1122 3684 labrimtionis
1136 3617 1247 3698 istius,

201 3708 259 3774 sed
283 3706 429 3776 voluntas
454 3708 523 3774 Dei.
554 3707 588 3778 Si
617 3713 703 3778 enim
723 3716 835 3783 mundi
857 3717 1029 3790 labncator
1053 3737 1113 3804 sat,
1137 3728 1249 3820 Ange.

200 3816 248 3883 los
264 3817 332 3905 ipse
350 3815 440 3894 iecit,
461 3818 630 3888 autetiam
645 3827 737 3890 causa
755 3827 923 3898 creationis
945 3853 1057 3904 aarum
1073 3835 1141 3925 ipsc
1158 3837 1244 3916 sarit:

234 3946 317 4012 ¹Cap.
331 3965 360 4010 a,
372 3964 398 3998 n.
413 3948 456 4008 r‚t
467 3957 492 4000 ot
502 3965 577 4016 seqq.
