2688 4626
364 205 405 246 sn
427 203 550 247 ausos
575 203 785 247 cenomanie.
987 177 989 180 ’
1032 183 1089 248 18³

41 335 55 368 ι
74 307 211 396 cipium
226 310 384 385 omnium,
400 311 435 376 in
449 309 530 377 eoelo
546 309 669 386 lumen,
679 321 713 376 et
727 311 872 377 omnium
887 323 990 398 pater,
1004 327 1102 378 meus

44 447 56 476 ι
72 430 113 482 et
135 419 292 486 animatio
313 421 549 496 universorum,
566 419 761 488 circulorum
781 419 926 487 omnium
944 421 1052 487 motio.
1074 449 1087 480 s

42 529 98 591 lta
114 529 223 615 igitur
236 530 444 620 Pythagoras.
548 585 552 591 .

95 635 185 704 XX.
200 637 291 705 Plato
308 653 414 705 autem
431 641 489 706 etsi
506 641 674 728 probabat,
694 654 729 706 ut
747 639 912 706 verisimile
926 653 987 714 est,
1004 639 1097 705 Mesis

44 758 87 810 et
106 745 254 814 aliorum
268 751 493 837 prophetarum
515 751 554 816 de
578 775 641 816 uno
662 763 694 814 et
715 748 865 838 singulari
883 749 953 814 Deo
968 761 1098 814 senten-

45 859 159 932 tiam,
176 882 273 946 quam
288 861 320 924 in
332 859 466 949 AEgypto
478 873 683 949 cognoverat:
703 885 778 926 cum
795 839 899 925 tsinen
915 861 1042 924 timemt
1053 861 1094 924 ob

45 989 95 1029 ea
114 991 191 1054 quse
207 970 386 1034 acciderant
402 970 537 1045 Socrati,
554 995 595 1036 ne
610 993 706 1059 quem
720 972 787 1059 ipse
801 971 942 1057 Anytum
958 981 1013 1034 aut
1028 968 1096 1034 Me-

46 1073 157 1140 litum
173 1075 207 1139 in
222 1101 255 1142 se
270 1080 456 1154 concitaret,
472 1080 525 1166 qui
540 1103 574 1144 se
589 1078 674 1166 apud
690 1071 900 1144 Athenienses
914 1088 1094 1150 accusaret,

52 1204 98 1247 ae
114 1181 237 1248 diceret
253 1207 261 1248 :
280 1184 370 1250 Plato
386 1187 501 1275 injuste
516 1199 548 1252 et
569 1187 692 1252 curiose
713 1209 747 1252 se
770 1175 862 1274 gerit,
885 1209 965 1273 ques
985 1186 1095 1251 civitas

54 1292 206 1378 agnoseit
221 1292 309 1368 deos,
325 1292 429 1359 nullos
444 1295 510 1384 ipse
526 1319 656 1383 prorsus
671 1315 859 1382 agnoscans3
875 1306 965 1359 metu
983 1275 1095 1360 eieutae

54 1400 184 1465 variam
199 1402 370 1489 quamdam
386 1414 418 1466 et
437 1402 618 1468 simulatam
640 1402 680 1467 de
703 1401 763 1466 diis
782 1401 1029 1489 disputationem
1044 1403 1095 1466 in-

56 1509 178 1584 stituit,
203 1521 235 1573 et
257 1509 393 1575 artifieio
414 1510 554 1598 quodam
574 1511 852 1598 consequitur,'ut
877 1509 953 1574 deos
968 1531 1036 1574 esse
1049 1509 1099 1575 his

56 1619 117 1704 qui
141 1617 185 1680 ita
205 1617 360 1693 sentiunt,
377 1618 492 1704 quibus
513 1627 621 1681 autem
641 1639 732 1682 secus
750 1615 892 1690 videtur,
916 1614 1019 1680 nullos
1034 1637 1102 1680 esse

56 1727 170 1801 dican
190 1728 224 1791 id
235 1727 323 1814 qued
332 1726 483 1815 perfacile
494 1739 542 1791 est
552 1750 592 1792 en
607 1725 690 1790 illius
700 1725 791 1791 dietis
803 1745 1004 1814 cognoseere.
1018 1722 1105 1790 Post·

58 1859 169 1922 quam
180 1835 268 1918 enim
284 1827 440 1922 quidquid
450 1834 570 1900 factum
582 1847 641 1910 est,
654 1832 786 1900 mortale
798 1857 866 1899 esse
878 1835 1102 1922 pronuntiavit,

62 1945 151 2009 deos
167 1943 321 2032 deinceps
335 1943 435 2009 sectos
452 1943 545 2010 fuisse
565 1944 651 2010 dicit.
669 1944 768 2032 Igitur
782 1943 807 2008 si
827 1943 1017 2032 principium
1034 1931 1104 2008 om-

60 2055 165 2118 nium
180 2053 287 2118 Deum
306 2065 339 2117 et
356 2047 522 2118 msteniam
542 2075 609 2118 esse
630 2051 708 2126 vult,
732 2051 830 2138 liquet
842 2051 977 2119 einninn
992 2075 1103 2118 neees-

59 2161 191 2226 sarium
206 2181 286 2233 esse,
305 2171 339 2223 ut
356 2182 395 2223 ex
409 2160 539 2224 materis
555 2160 630 2225 deos
645 2159 743 2224 raetos
757 2157 853 2225 dicat.
875 2159 970 2238 Quod
985 2161 1011 2224 si
1027 2159 1101 2226 faeti

59 2293 101 2336 ex
118 2267 270 2340 materia,
285 2289 324 2331 ex
343 2289 404 2353 qua
419 2265 539 2332 maium
553 2278 661 2333 ortum
674 2290 742 2332 esse
762 2267 855 2340 disits
872 2267 979 2356 quales
993 2269 1102 2335 existi-

62 2371 180 2438 mandi
194 2373 257 2436 sint
271 2371 314 2436 dii
328 2395 368 2437 ex
381 2372 514 2438 materia
529 2374 616 2448 sacti,
633 2373 716 2438 sanis
730 2374 889 2439 mentibus
901 2375 1103 2440 consideren-

65 2470 159 2546 dum*
168 2478 301 2565 reliquit.
317 2479 530 2569 Nam-ideirco
545 2481 713 2546 materiam
731 2481 832 2569 ipsam
847 2475 1021 2547 increatam
1035 2503 1104 2546 esse

64 2590 164 2665 dixit,
177 2613 218 2654 ne
229 2589 331 2656 Deum
343 2589 418 2655 mali
431 2589 628 2672 conditorem
635 2589 741 2655 dicere
753 2588 922 2654 videretur.
934 2589 982 2656 Ae
994 2591 1034 2654 de
1045 2589 1105 2655 diis
1118 2579 1121 2585 ¹

63 2701 204 2792 quidem
219 2721 238 2764 a
251 2698 319 2764 Deo
334 2699 470 2764 conditis
486 2697 555 2764 hsee
578 2699 618 2763 ab
637 2721 677 2764 eo
691 2697 776 2764 dieta
797 2721 866 2762 esse
883 2693 1005 2784 liquet:
1025 2723 1038 2755 ι
1054 2697 1105 2763 Dii

64 2811 251 2881 ideonum,
271 2829 408 2894 quorum
426 2829 572 2896 egosum
588 2805 744 2872 conditer.
767 2833 780 2868 s
794 2805 843 2870 De
857 2827 896 2869 eo
917 2815 1036 2878 sutem,
1052 2806 1105 2892 qui

64 2941 147 2988 sene
161 2927 225 2988 est,
235 2913 307 2982 Deo
319 2927 440 2981 sectam
450 2917 576 2982 videtur
586 2914 706 2981 habere
718 2914 918 2980 sententiam.
927 2913 1014 2990 2Nam
1030 2937 1104 2981 eum

66 3027 220 3096 audisset
237 3023 270 3087 in
289 3021 425 3112 AEgypto
443 3023 547 3088 Deum
570 3023 681 3090 dixisse
696 3021 789 3096 diesi,
811 3043 885 3088 eum
899 3044 973 3088 eum
987 3020 1027 3086 ad
1045 3023 1106 3088 He·

69 3139 186 3204 braeos
214 3130 364 3194 missurus
388 3142 486 3204 esset,
510 3130 585 3219 Ego
606 3119 680 3196 siam
698 3130 837 3195 assistens
855 3128 929 3202 itte,
942 3127 1107 3214 ⁴intellexit

72 3245 189 3314 Deum
204 3258 402 3324 nequaquam
416 3261 508 3304 suum
523 3237 567 3304 iili
582 3241 747 3332 propsinm
761 3259 880 3304 nomen
892 3237 1015 3302 dixisse.

123 3347 219 3418 XXI.
237 3343 335 3414 Nullo
350 3346 434 3411 enim
447 3348 573 3436 proprio
585 3346 712 3412 nomine
721 3347 808 3414 Deus
820 3342 971 3434 appellati
976 3355 1104 3434 potest:

78 3472 156 3528 sunt
166 3449 427 3547 quippe'neminn
438 3457 478 3521 ad
488 3456 736 3545 designationem
746 3467 780 3521 et
794 3453 1108 3522 distinetionemsub·

83 3575 240 3660 jectasum
255 3588 380 3640 rerum,
396 3587 466 3654 quae
480 3577 514 3631 et
524 3563 637 3632 multas·
648 3576 681 3630 et
694 3566 786 3630 mriae
802 3572 886 3638 sunt,
902 3561 1038 3629 instituta
1052 3543 1105 3630 iat

86 3704 177 3752 nemo
193 3676 365 3770 psaeextitit
377 3676 431 3766 qui
444 3675 514 3764 Deo
528 3697 645 3745 nemen
657 3670 844 3765 imponeret,
857 3696 916 3740 nee
930 3673 1029 3763 seipse
1043 3696 1105 3754 no-

86 3791 269 3861 mimndum
284 3809 354 3856 esse
368 3786 468 3863 duxit,
485 3808 561 3854 cum
580 3807 660 3852 unus
681 3795 714 3851 et
733 3781 815 3850 selus
831 3783 881 3861 sit,
897 3782 1113 3885 quemadme«
