2710 4662
326 233 480 278 nrrsrocs
507 231 547 276 tn
569 232 855 278 rnrnanstrnssos.
1064 233 1106 296 99

53 342 254 408 divisionem
274 342 477 416 invenerim,
500 339 557 405 sed
573 337 817 408 excolationem.
842 338 1007 426 Quotquot
1027 340 1109 405 eninr

54 452 115 518 nei
132 463 169 518 et
183 451 272 520 «lesu
289 451 415 518 Christi
431 463 519 525 sunt,
537 449 572 516 hi
590 462 665 516 sant
679 471 756 517 cum
773 450 933 538 episcopo.
953 447 1112 537 Quotquot

56 573 175 627 eutem
191 562 393 650 poenitentia
409 559 499 625 ducti
515 559 668 626 redierint
685 559 727 624 ad
743 559 893 624 unitatem
908 555 1070 634 Ecclesiae,
1085 571 1116 624 et

58 668 115 734 isti
133 667 204 733 Dei
222 681 344 740 ernntt
371 680 407 732 ut
425 665 601 732 secundum
617 665 729 731 lesum
752 664 912 732 Christum
931 663 1047 730 vivant.
1071 665 1117 732 Ne

64 776 210 852 erretis,
232 775 349 842 iratres
369 775 439 841 mei.
461 772 495 839 Si
516 773 587 861 quis
606 773 744 840 schisma
765 774 933 842 facientem
955 785 1112 847 sectaturs

71 885 169 972 regni
190 883 256 951 Dei
277 884 486 950 hereditatem
504 905 567 948 non
586 884 800 972 consequntur.
821 883 855 950 Si
873 883 942 971 quis
960 883 995 948 in
1013 881 1114 949 aliena

72 992 241 1059 sententia
259 989 413 1062 ambulets
431 991 489 1058 iste
502 989 638 1078 passioni
653 1013 717 1056 non
733 991 900 1058 consentit

123 1099 183 1168 tv.
214 1100 353 1190 Operam
372 1099 466 1189 igitur
487 1097 583 1174 detis,
614 1108 650 1162 ut
671 1121 735 1164 una
753 1097 944 1168 eucharistie
964 1103 1106 1169 utamini.

68 1209 139 1276 Una
155 1211 251 1278 enim
265 1224 312 1278 est
326 1233 399 1279 caro
411 1210 541 1277 Domini
555 1211 655 1276 nostri
670 1209 748 1276 lesu
765 1209 895 1286 Christi,
909 1224 942 1278 et
957 1236 1040 1280 unus
1055 1237 1112 1280 ca-

65 1319 110 1384 lix
125 1321 161 1386 in
178 1321 336 1388 unitatem
356 1321 518 1411 sanguinis
537 1321 657 1409 ipsius:
678 1343 781 1388 unum
798 1319 911 1396 altare,
932 1323 1013 1390 sicut
1029 1347 1112 1390 unus

65 1429 260 1518 episcopus,
272 1453 344 1497 cnm
357 1430 573 1519 presbyterio,
588 1443 623 1496 et
635 1429 781 1496 diaconis
796 1431 957 1497 conservis
967 1433 1063 1505 meist
1079 1443 1116 1496 ut

67 1537 161 1623 qnod
175 1537 295 1615 lacitis,
312 1538 493 1605 secundum
505 1537 612 1602 Deum
626 1537 760 1604 lecistis.

115 1645 159 1714 V.
178 1647 311 1714 Fratres
326 1647 404 1722 mei,
420 1645 515 1712 valde
529 1643 650 1711 eliuaus
667 1668 741 1710 sum
755 1645 789 1709 in
806 1666 950 1710 amorem
964 1648 1056 1713 vestri
1061 1671 1071 1718 ;
1090 1660 1122 1712 et

74 1779 179 1845 supra
203 1757 339 1822 modum
361 1754 539 1828 emeritens,
559 1766 645 1818 tutos
665 1765 842 1842 cautosque
856 1777 909 1820 vos
924 1755 1031 1822 reddo.
1055 1757 1123 1823 Non

82 1887 147 1954 ego
163 1864 311 1951 quidem,
332 1863 389 1928 scd
408 1863 503 1928 lesus
517 1860 680 1932 Christuss
708 1861 741 1926 in
758 1884 822 1948 quo
845 1862 978 1940 rinctus,
996 1863 1066 1952 plus
1081 1867 1123 1931 ti-

88 1994 185 2048 meo,
204 1983 241 2036 ut
255 1970 362 2036 adhuc
376 1968 587 2058 imperfectus.
606 1969 670 2036 Sed
684 1971 786 2036 oratio
805 1983 904 2037 restra
919 1974 1003 2062 apud
1017 1975 1119 2042 Deum

92 2103 149 2145 me
165 2078 322 2168 perliciet,
336 2089 370 2142 ut
388 2089 472 2142 sorte
484 2099 544 2166 per
552 2077 798 2144 misericordiam
809 2079 887 2146 mihi
902 2077 1052 2170 assignata
1063 2105 1118 2172 po

91 2191 172 2261 tiars
190 2187 372 2275 confligiens
386 2186 426 2250 ad
440 2183 643 2274 Evangelium
660 2198 811 2275 tanquam
822 2188 866 2258 ,sd
881 2211 1008 2256 emnem
1023 2191 1114 2268 lesu,

83 2309 116 2362 et
139 2295 184 2362 ad
202 2293 368 2384 Apostolos
387 2291 472 2360 velut
493 2294 533 2360 nd
554 2292 704 2362 Ecclesiae
727 2297 970 2385 presbyterium.
999 2299 1118 2366 Sedet

83 2405 260 2494 Prophetas
279 2402 458 2492 diligamus3
478 2415 645 2492 propteroa
666 2405 753 2491 quod
775 2417 808 2470 ct
826 2407 884 2494 ipsi
911 2407 1119 2498 Evangelinm

84 2514 353 2590 annuntiaverint,
375 2525 407 2579 et
426 2513 459 2578 in
479 2512 642 2578 Christum
662 2514 870 2601 speraverint,
889 2528 922 2582 et
939 2517 1044 2606 ipsm
1063 2541 1119 2584 ex-

81 2625 296 2714 spectaverint
314 2646 323 2686 :
342 2624 375 2690 in
390 2645 453 2711 quo
468 2635 501 2688 et
514 2623 682 2690 credentes
696 2622 831 2690 salutem
853 2628 1018 2694 consecuti
1031 2641 1119 2704 sunt,

80 2738 111 2802 in
128 2736 256 2802 unitate
273 2733 351 2800 lesu
371 2733 489 2800 Christi
510 2755 586 2800 cum
603 2745 711 2800 essent
729 2735 832 2802 sancti
847 2757 957 2802 amore
971 2749 1004 2802 et
1018 2739 1122 2804 admi-

79 2846 208 2911 ratione
223 2842 325 2931 tigni:
346 2863 365 2906 a
381 2841 461 2908 lesu
477 2839 604 2908 Christo
619 2841 839 2910 testimonium
854 2841 973 2932 adepti,
995 2859 1027 2911 et
1041 2869 1121 2913 con-

79 2951 243 3018 numerati
257 2949 291 3015 in
305 2946 476 3038 Evangelio
490 2945 557 3037 spei
571 2948 763 3016 communia.

121 3061 185 3130 vt.
201 3059 236 3126 Si
251 3059 322 3147 quis
337 3070 443 3125 autem
461 3058 654 3146 judaismum
666 3058 756 3126 vohis
769 3074 919 3149 exponatr
932 3085 973 3130 ne
985 3065 1120 3132 audiatis

78 3173 203 3260 ipsum.
228 3165 343 3234 Melius
360 3179 408 3233 est
427 3167 513 3232 enim
535 3190 554 3231 a
575 3168 643 3234 viro
663 3167 939 3236 circumcisionem
962 3172 1119 3248 habente,

78 3277 361 3350 christianismum
383 3276 504 3348 auum,
522 3299 618 3364 quem
637 3279 677 3344 ab
693 3276 831 3346 habente
849 3281 1052 3369 preputium,
1069 3284 1121 3370 jn-

79 3393 261 3458 dnismum.
281 3385 314 3452 Si
326 3396 432 3452 autern
443 3385 567 3474 utrique
577 3385 619 3453 de
629 3385 707 3452 lesu
720 3386 848 3454 Christo
859 3411 925 3454 non
935 3387 1117 3478 loquantum

83 3503 139 3570 isti
154 3497 237 3567 milri
257 3493 417 3564 columne
431 3492 632 3581 sepulcrales,
650 3506 683 3560 et
699 3507 900 3563 mortuorum
918 3511 990 3566 sunt
1003 3521 1116 3570 monu-

85 3625 211 3687 menta,
233 3609 351 3698 qtrihns
368 3605 537 3672 hominum
556 3605 686 3672 nomina
702 3605 851 3674 duntaxat
868 3609 1019 3702 inscripta*
1029 3631 1113 3690 sunt.

88 3723 203 3811 Fugite
216 3719 313 3810 igitur
326 3715 426 3784 malas
437 3725 534 3791 artes,
545 3727 578 3782 et
590 3714 717 3781 insidias
727 3714 874 3808 Principis
885 3721 991 3788 saeculi
1002 3723 1114 3814 hujusr

92 3853 130 3894 ne
141 3828 271 3916 quando
283 3826 437 3893 sententia
448 3825 545 3914 ipsius
558 3825 711 3914 oppressi,
725 3825 755 3894 in
767 3827 917 3896 charitate
928 3830 1110 3921 langueatis.

841 3963 936 4036 .7·
